1834 3188
382 202 478 249 148

234 337 272 373 p.
286 323 366 368 856.
377 310 485 368 τᾶμά
514 308 617 354 εἷναί
646 307 824 359 σοι·ος
854 303 1006 356 πόλεως
1044 322 1084 348 τε
1112 306 1271 359 ἐκείνης
1304 309 1404 362 εἰμὶ,
1432 307 1485 362 ἣν
1504 306 1694 356 πολλάκις
1714 300 1758 349 εὖ

383 383 596 435 ἐποίησας,
625 377 670 421 τὸ
700 377 770 432 μὲν
799 393 959 431 πρωτον
980 377 1084 432 ἰδία,
1113 373 1155 417 τὸ
1178 376 1218 418 δὲ
1238 375 1421 432 δεύτερον
1449 382 1569 434 κοινῇ
1589 378 1635 427 ²)
1666 392 1760 430 μετα

866 207 1271 241 LUCIANI

383 447 537 498 παντὸς
564 451 635 491 τοῦ
661 447 829 494 ε’·θνους

386 521 559 574 ῥέπωσιν
580 518 624 558 αἱ
642 519 779 567 ψῆφοι
796 514 838 554 ἐν
859 516 914 569 τῷ
931 510 1055 568 λόγῳ,
1088 514 1157 553 καὶ
1177 511 1362 561 ἐλάττους
1379 509 1474 555 ὦσιν
1496 517 1539 555 αἴ
1558 508 1762 566 ἀμείνους,

242 587 436 637 ρ.857.σύ
460 585 535 640 τὴν
566 589 639 638 τῆς
663 578 841 635 Ἀθηνᾶς
867 581 1120 635 προςτιθεὶς,
1149 577 1382 635 οῗναπλήρου
1412 581 1455 623 τὸ
1485 582 1622 623 ἐνδέον
1654 576 1764 633 παροέ

333 663 362 705 4
389 658 582 703 σεαυτοῦ,
614 651 681 693 καὶ
712 648 756 691 τὸ
787 647 1057 703 ἐπανόρθωμα
1086 646 1234 691 οἰκεῖόν
1264 664 1328 692 σοι
1352 652 1527 692 δοκείτω.
1590 650 1669 690 Καὶ
1690 646 1766 703 γὰρ

872 442 969 493 ὡςΐὲ
997 461 1050 497 ην
1071 460 1150 485 που
1179 445 1244 486 καὶ
1271 459 1349 486 νυν
1377 447 1463 498 ἐμοι
1495 447 1535 494 ὃς
1557 462 1600 486 το
1629 450 1762 497 χεῖρον

390 721 487 767 οὐδὲ
517 718 643 764 ἐκεῖνό
669 735 737 772 μοι
769 718 932 768 ἱκανὸν,
979 720 1013 759 εἰ
1040 719 1177 759 πολλοὶ
1208 715 1446 771 ἐθαύμασαν
1473 714 1692 771 πρότερον,
1735 718 1772 758 εἰ

389 794 554 841 ἔνδοξος
573 786 652 841 ’ἤδη
676 784 770 842 ἐγὼ,
803 789 837 828 εἰ
865 788 1117 828 ἐπαινοῦνται
1142 785 1244 836 πρὸς
1260 791 1339 829 τῶν
1367 781 1627 829 ἀκουσάντων
1651 787 1692 825 οἱ
1707 781 1771 825 λό-

390 878 468 917 γΟι.

393 929 513 971 σκιαί.
553 924 597 968 τὸ
618 919 654 966 δ’
681 917 827 976 ἀληθὲς
848 923 890 965 ἔν
906 929 963 980 τῷ
979 920 1147 978 παρόντι
1168 922 1426 977 δειχθησεται
1468 917 1585 970 οὗτος
1602 918 1774 977 ἀκριβὴς
1833 930 1834 1006 4

526 856 659 899 πάντα
691 857 821 897 ἐκεῖνα
850 852 1048 909 υπηνέμια
1076 853 1281 911 ὂνείοατά,
1327 868 1447 907 φασι,
1495 854 1561 894 καὶ
1597 854 1702 895 ἐπῶν
1722 853 1770 901 a)

394 996 490 1053 ὄρος
510 1011 588 1037 των
606 995 732 1046 ἒμῶν,
766 987 884 1033 οὐδὲν
913 987 1172 1046 ἇμφίδοξον’
1160 993 1236 1042 ε’τι,
1271 987 1361 1034 οὐδ’
1396 1009 1449 1040 ως
1468 990 1518 1031 οἷν
1538 1007 1596 1038 τις
1616 988 1772 1031 ἐνδοιά-

395 1079 497 1108 σειεν
511 1095 522 1115 ,
555 1057 640 1105 ἀλλ’
660 1056 688 1113 ἢ
710 1056 874 1113 ἄριστον
892 1060 993 1102 κατὰ
1014 1063 1198 1102 παιδείαν
1216 1059 1346 1112 δεήσει
1363 1062 1618 1113 νομίζεσθαι,
1652 1059 1714 1098 σοί
1730 1073 1775 1111 γε
1832 1029 1834 1106 4

396 1131 544 1183 δόξαν,
573 1129 603 1183 ἢ
633 1126 798 1171 πάντων
802 1158 993 1171 .....
1027 1125 1223 1182 εὐφημεῖν
1247 1129 1287 1169 δὲ
1307 1126 1382 1182 χρὴ
1412 1125 1514 1181 πρὸς
1532 1123 1635 1167 οὕτω
1653 1127 1776 1180 μέγαν

252 1197 535 1257 p0858-o’cyc5voc
563 1201 782 1254 χωροῦντα.
837 1194 1023 1251 δόξαιμεν
1051 1195 1147 1252 γὰρ,
1182 1186 1216 1238 ὦ
1243 1197 1361 1245 θεοὶ,
1392 1194 1516 1249 λόγου
1544 1191 1669 1244 ἄξιοι,
1713 1194 1780 1235 καὶ

490 1349 582 1380 Ιεης.
605 1349 641 1377 et
661 1343 745 1378 Pell.
766 1344 863 1389 quod
886 1355 952 1379 cur
970 1355 1046 1376 non
1068 1342 1300 1386 admiserim,
1326 1341 1400 1376 vid.
1421 1346 1517 1375 noth
1566 1342 1615 1375 Et
1632 1341 1717 1386 quia
1738 1352 1781 1376 ex

492 1392 574 1426 aliis
597 1390 713 1423 Codd.
734 1390 794 1423 hic
818 1391 912 1423 nihil
940 1390 1151 1423 variationis
1179 1395 1371 1429 notatum,
1399 1400 1472 1420 non
1496 1389 1625 1421 dubito
1645 1389 1733 1433 quin
1754 1388 1782 1421 ii

495 1448 623 1471 omnes
645 1436 834 1479 vulgarum
854 1434 1048 1480 ἀλλότριον
1070 1442 1225 1468 servent
1233 1437 1256 1454 “
1303 1436 1350 1467 At
1368 1436 1481 1466 Jensii
1498 1441 1533 1466 et
1552 1438 1598 1465 P
1595 1434 1637 1467 ·.ll
1657 1445 1782 1467 emen-

495 1482 681 1515 dationem
703 1493 779 1514 non
799 1483 919 1515 solum
938 1484 979 1516 B.
1003 1494 1033 1524 5.
1059 1482 1168 1525 plane
1189 1480 1354 1523 exhibet,
1380 1491 1509 1512 verum
1526 1479 1635 1513 etiam
1659 1481 1784 1513 Codex

496 1538 598 1573 2954.
628 1527 843 1561 confirmat·
880 1534 1126 1572 quapropter,
1153 1528 1336 1571 probante
1363 1525 1506 1568 Belmo,
1545 1527 1782 1558 Sahmiederus

496 1580 597 1607 recte
627 1570 798 1617 ἀλλότρια
820 1574 954 1615 edidit3
987 1585 1056 1606 nec
1079 1584 1147 1605 nos
1168 1573 1427 1605 dubitabamus
1456 1571 1570 1615 sequi.
1621 1573 1661 1627 z]
1689 1584 1782 1606 κοι-

496 1619 576 1665 νῇ]
601 1620 705 1663 κοίνη
727 1622 767 1652 B.
796 1633 822 1652 1.
842 1626 879 1652 et
901 1631 933 1663 5.
992 1621 1035 1661 a)
1061 1617 1212 1660 ἐπων]
1238 1618 1327 1660 „Sic
1354 1616 1606 1650 Edd.0m11es.
1651 1614 1784 1652 Ἐπαί-

498 1678 574 1700 νων
590 1667 669 1710 Ang
671 1665 699 1700 ·.l
717 1667 755 1697 P.
777 1671 812 1698 et
835 1667 875 1698 L.
894 1666 986 1698 item
1003 1675 1123 1709 marg
1142 1666 1183 1699 A.
1209 1676 1239 1697 1
1250 1665 1308 1698 W.
1314 1664 1337 1682 “
1384 1663 1447 1696 Sic
1465 1669 1502 1695 et
1521 1674 1620 1709 2954.
1641 1670 1677 1697 et
1697 1664 1785 1698 hinc

498 1712 614 1748 Schm.
649 1692 709 1743 ”At
728 1711 801 1744 vid.
822 1711 959 1744 Adnot.

406 1858 523 1893 mea,
573 1844 646 1898 qui
682 1853 769 1883 tum
803 1857 856 1882 ex
885 1857 933 1883 ea
961 1843 1067 1883 urbe

406 1901 507 1950 sim,
541 1915 660 1955 quam
681 1915 803 1952 saepe
823 1910 868 1938 tu
893 1902 1066 1950 ornasti,

404 1958 544 2009 primo
576 1956 742 2009 quidem
767 1957 966 2009 privatim
995 1957 1066 2009 ip-

406 2027 518 2060 sam,
568 2013 718 2051 iterum
762 2027 861 2050 vero
896 2012 1066 2064 publice

396 2081 502 2113 ,cum
535 2077 659 2121 gente
691 2068 904 2109 universa.
972 2068 1068 2106 Ira-

409 2137 491 2176 que
514 2124 549 2161 si
580 2124 690 2162 forte
721 2138 834 2162 nunc
866 2125 990 2162 etiam
1023 2125 1066 2162 in

406 2179 644 2232 sequiorem
666 2188 821 2231 partem
843 2180 1066 2228 inclinent,

410 2234 509 2273 dum
540 2237 719 2287 loquor,
755 2236 933 2283 calculi,
968 2250 1068 2288 pau·

409 2291 630 2344 cioresque
660 2291 746 2328 sint
771 2291 989 2343 meliores,
1022 2302 1067 2329 tu

411 2345 578 2399 adjecto
620 2347 695 2385 illo
724 2347 971 2396 Minervae,
1020 2347 1069 2386 de

409 2411 479 2448 te,
512 2417 618 2455 quae
648 2402 879 2453 deficiunt,
923 2407 1068 2456 exple:

412 2472 459 2495 ac
482 2458 756 2497 domesticum
779 2459 858 2496 tibi
883 2469 923 2498 et
949 2459 1069 2497 fami-

410 2513 515 2553 liare
549 2515 741 2554 videatur
768 2529 894 2568 prava
926 2516 989 2555 lzic
1007 2527 1070 2554 e!-

410 2570 490 2606 iam
513 2571 736 2624 corrigere.
800 2572 966 2610 Etenim
990 2587 1069 2610 ne·-

413 2637 493 2676 que
529 2625 631 2663 illud
667 2627 771 2664 mihi
794 2628 894 2665 satis
918 2638 999 2679 est,
1032 2628 1068 2666 si

411 2681 534 2717 multi
548 2690 643 2720 ante
661 2697 723 2721 me
736 2683 930 2721 admirati
950 2693 1065 2731 sunt,

413 2734 448 2770 si
475 2735 630 2772 nobilis
650 2740 731 2787 jam
755 2752 859 2790 ego,
902 2739 937 2776 si
969 2742 1067 2776 lau-

1127 1842 1281 1882 dantur
1306 1841 1356 1880 ab
1387 1841 1478 1893 his,
1523 1842 1598 1897 qui
1631 1843 1786 1882 audie-

1125 1909 1245 1949 runt,
1279 1899 1515 1939 orationes:
1549 1902 1690 1938 omnia
1709 1901 1784 1939 illa

1123 1958 1298 2004 somnia,
1345 1954 1457 2007 quod
1490 1959 1634 2008 ajunt,
1674 1968 1786 1996 vento

1126 2022 1329 2064 concepta,
1376 2021 1417 2049 et
1452 2010 1597 2061 irrita,
1629 2013 1787 2052 umbrae

1123 2068 1351 2106 verborum:
1380 2081 1523 2105 verum
1545 2079 1681 2107 autem
1701 2072 1783 2121 jam

1128 2124 1358 2174 apparebit.
1432 2123 1516 2161 Hic
1569 2135 1787 2163 accuratus

1127 2194 1312 2218 meorum
1346 2179 1455 2219 finis.
1518 2180 1642 2218 Nihil
1666 2181 1708 2218 in
1733 2196 1788 2219 u—

1127 2246 1315 2288 tramque
1337 2245 1494 2286 partem
1518 2237 1696 2288 amplius
1720 2251 1784 2275 ac-

1129 2292 1324 2344 cipietur,
1357 2301 1428 2329 aut
1448 2292 1503 2329 ita
1526 2302 1572 2330 ut
1593 2293 1784 2332 dubitare

1129 2347 1223 2401 quis
1251 2347 1412 2400 possit3
1464 2348 1533 2386 sed
1568 2348 1785 2400 oportebit

1129 2412 1201 2441 aut
1231 2404 1436 2456 optimum
1479 2403 1587 2441 circa
1620 2404 1784 2442 doctri-

1128 2474 1222 2497 nam
1256 2472 1318 2497 me
1347 2458 1510 2511 putari⁷
1543 2459 1577 2496 si
1611 2460 1781 2513 quidem

1127 2515 1204 2553 tibi
1232 2515 1290 2552 ita
1324 2514 1539 2564 videatur,
1589 2525 1661 2553 aut
1689 2531 1785 2554 om-

1127 2572 1242 2608 nium
1276 2594 1332 2599 —-
1361 2569 1439 2607 Sed
1470 2570 1574 2610 bene
1602 2573 1783 2611 ominari

1127 2627 1190 2664 fas
1217 2636 1277 2664 est
1299 2625 1348 2662 ad
1381 2635 1541 2664 tanturn
1573 2637 1781 2668 certamen

1125 2691 1306 2720 euntem.
1369 2682 1596 2721 videamur
1643 2684 1775 2732 enim,

1126 2752 1150 2776 o
1180 2737 1286 2787 Dii,
1330 2736 1450 2792 digni
1481 2737 1632 2787 hodie,
1666 2753 1781 2794 quo-
