1834 3188
282 181 385 227 432
635 186 1395 221 ADNOTATftoNEs

284 288 393 330 Cod.
417 288 472 327 L.
491 278 719 326 lectiohem
750 285 824 324 hic
844 285 1061 339 praefero,
1093 284 1194 338 quia
1217 283 1439 337 sequentia
1459 284 1666 324 evincunt
1685 286 1750 325 sic

283 344 580 390 scribendum3
612 357 708 381 nam
740 356 834 381 cum
859 342 1000 380 statim
1022 340 1249 393 subjiciat,
1281 356 1369 379 cum
1393 339 1454 380 his
1479 344 1599 393 igitur
1624 344 1751 396 quin-

283 419 381 459 que,
415 415 523 455 quae
542 399 648 438 adeo
682 398 949 437 adnumerari
972 398 1138 445 voluit,
1171 397 1199 435 i.
1223 410 1259 437 e.
1284 412 1362 434 non
1383 400 1529 451 σπεῖρέ.
1590 398 1750 436 Absur-

284 461 385 499 dum
411 467 549 496 autem
572 456 705 505 foret,
738 454 774 492 si
797 454 996 500 dixisset,
1028 457 1188 507 excipe,
1220 452 1337 505 azgfer
1352 452 1444 492 illos
1462 470 1608 504 annos,
1641 469 1749 508 quos

283 526 424 555 tamen
446 514 564 551 illico
589 511 721 552 addit.
768 510 848 549 Sed
871 512 950 561 jam
972 513 1147 548 alterum
1174 509 1281 547 illud
1303 511 1374 550 καὶ
1394 508 1576 550 deletum
1601 510 1746 551 velim.
1825 489 1829 571 ι

282 573 446 611 ΡιΕῙΤΖ.
505 569 606 607 Non
634 568 767 622 magis
805 570 979 605 alterum
1007 568 1074 608 καὶ
1106 566 1459 620 expungendum,
1488 580 1617 619 quam
1650 581 1750 605 mox

284 629 331 666 in
354 625 516 666 verbist
549 626 603 665 ἔτι
620 622 703 678 μὴν
727 624 796 665 καὶ
810 620 1063 676 Ἀριστοτέλει
1084 621 1158 664 οὐκ
1177 620 1332 663 ἐλάττω.
1372 623 1508 661 Recte
1531 624 1659 662 vertit
1678 624 1750 661 In-

282 694 468 736 terpres:
499 682 583 720 ZVec
609 683 750 734 excipe
779 682 895 718 eliam,
923 683 1091 734 quinque
1120 679 1213 718 illos
1242 678 1396 717 silentio
1422 693 1559 718 annos.
1620 678 1751 733 Quod

282 739 534 779 affirmative
555 738 616 775 Sic
638 746 784 775 sonat:
816 735 995 774 sltlsnmc
1015 738 1142 774 eliam.
1175 737 1331 775 LEIIM.
1832 766 1834 770 .

393 794 497 835 Eacl.
521 797 548 832 l.
567 799 605 837 6.
641 795 767 835 Πέντε
785 791 876 846 ἔτη)
910 792 1069 831 Confer
1091 806 1216 844 supra
1229 792 1317 829 Vit.
1332 791 1556 835 Auct.c.3.
1587 791 1750 831 RmTz.
1831 803 1834 830 ι

396 851 502 890 Ιόἱιῖ.
543 849 598 891 Τὰ
622 854 692 902 τῆς
723 847 901 902 σιωπῆς)
934 849 1043 886 Nam
1068 849 1260 902 quinque
1279 862 1414 886 annos
1444 849 1647 886 tacebant.
1665 847 1755 899 Py-
1828 864 1829 882 ι

281 907 610 963 thagoraeorum
634 906 851 959 discipuli.
883 906 1029 943 Bnoi).
1828 903 1830 951 ᾖ

394 964 500 1002 Εαίῖ·
523 965 552 1000 l·
580 967 618 1005 9.
651 968 787 1003 AYK.
818 984 873 993 —
906 958 1073 1015 EPM.)
1105 960 1334 998 Omittitur
1358 959 1430 998 hic
1453 959 1643 998 Luciani
1669 972 1755 997 no·
1828 965 1830 1003 ff

280 1034 378 1060 men
403 1020 447 1057 in
480 1019 694 1073 plerisque
721 1017 832 1057 Edd.
890 1018 982 1055 Nos
1002 1032 1054 1055 ex
1077 1016 1159 1056 Ed.
1181 1017 1219 1054 J.
1243 1025 1284 1055 et
1304 1031 1355 1054 ex
1379 1016 1473 1068 ipso
1502 1015 1608 1054 Cod.
1627 1016 1692 1053 M.
1712 1023 1755 1053 et
1828 1007 1830 1032 ³

277 1078 324 1116 P.
344 1076 625 1128 reposuimus,
686 1076 744 1112 Et
765 1073 930 1126 reliqua
950 1072 1208 1125 perturbatis
1237 1071 1464 1110 admodum
1488 1071 1679 1123 partibus
1700 1085 1752 1109 ex

278 1132 422 1173 eadem
447 1132 485 1171 J.
508 1140 549 1169 et
572 1131 626 1170 L.
650 1130 927 1170 restituimus.
988 1128 1111 1181 Quae
1137 1127 1333 1168 Istat-cilio
1362 1127 1508 1166 nescio
1534 1126 1752 1181 quomodo

278 1193 362 1244 jam
387 1189 682 1226 innotuerant.
725 1188 893 1226 SOLAN.

392 1243 497 1285 Ibitl.
528 1248 666 1283 AYK.
696 1242 780 1285 εἶτα
803 1242 909 1291 etc.)
935 1238 1074 1296 Ἑρμό.
1097 1244 1234 1292 θῶμεν
1263 1236 1414 1289 οὕτως,
1447 1236 1530 1281 εἶτα
1560 1240 1650 1292 ἑξῆς
1670 1247 1750 1280 etc,

277 1300 459 1341 Excidit
477 1299 646 1338 notatio
676 1313 882 1352 personae
909 1298 1122 1346 Luciani,
1155 1310 1328 1348 nempe:
1356 1293 1490 1348 Ἑρμο.
1512 1300 1652 1346 θῶμεν
1673 1293 1752 1336 01⁶5-

276 1375 366 1408 τως.
396 1362 533 1399 AYK.
555 1355 638 1397 εἶτα
655 1358 755 1409 ἑξῆς.
778 1355 990 1394 MARCIL.
1023 1353 1141 1394 Idem
1170 1356 1254 1407 jam
1279 1353 1451 1391 monuit
1470 1352 1598 1393 Brod.
1621 1351 1748 1393 Misc.

278 1416 360 1456 IX.
379 1429 467 1465 cap.
494 1418 560 1457 16.
598 1414 765 1453 RmTz.

391 1470 498 1510 Ibid.
530 1475 666 1510 AYK.
689 1468 789 1516 εἶτα)
821 1467 1062 1520 Quinquies
1086 1465 1158 1504 hic
1180 1465 1226 1503 in
1243 1478 1356 1518 seqq.
1375 1478 1652 1517 personarum
1673 1477 1748 1503 no-

277 1527 466 1567 minibus
494 1535 681 1564 errarant
706 1539 850 1563 omnes
880 1523 991 1560 Edd.
1018 1532 1183 1575 praeter
1206 1521 1316 1560 Junt.
1344 1534 1447 1573 quas
1481 1530 1595 1560 recte
1623 1535 1674 1559 ex
1699 1534 1747 1559 ea

278 1599 328 1623 ac
347 1584 457 1622 Mss.
481 1584 526 1623 P.
548 1591 591 1620 et
608 1583 660 1622 L.
687 1580 856 1619 restitui
886 1579 1012 1632 jussit
1035 1577 1219 1618 solanus.
1280 1576 1382 1614 Non
1416 1585 1556 1615 tamen
1579 1591 1671 1615 curn
1696 1590 1747 1615 eo

278 1641 434 1688 miror,
467 1637 583 1676 unde
613 1637 809 1677 Imm-cilio
832 1635 874 1673 id
898 1639 979 1688 jam
1012 1633 1275 1682 suboluerit3
1307 1646 1403 1670 nam
1427 1635 1495 1671 vel
1527 1632 1619 1671 sine
1637 1633 1745 1674 Mss,

243 1708 246 1710 ’
279 1709 395 1736 error
423 1694 566 1749 detegi
596 1703 787 1746 poterat:
818 1692 954 1744 primo
987 1691 1122 1739 enim,
1155 1688 1381 1728 absurdum
1410 1697 1498 1727 erat
1518 1688 1746 1727 Hermoti-

277 1765 391 1797 mum
420 1751 493 1789 hic
526 1750 685 1797 dicere,
718 1747 863 1801 (quod
888 1746 992 1788 Edd.
1015 1744 1259 1798 faciebant)
1291 1758 1334 1783 se
1363 1758 1416 1782 ex
1439 1744 1641 1783 Luciano
1666 1759 1747 1783 au-

278 1807 415 1858 disse,
456 1816 563 1860 quot
591 1805 693 1844 anni
725 1803 1029 1857 philosophiae
1059 1804 1203 1841 forent
1236 1799 1539 1852 impendendi,
1581 1814 1675 1839 cum
1707 1800 1745 1839 is

277 1864 500 1903 Lucianus
526 1877 558 1903 e.
583 1867 621 1905 6.
645 1870 882 1915 rogaverat,
918 1868 1078 1913 quanto
1103 1857 1306 1909 temporis
1329 1856 1469 1908 spatio
1492 1856 1543 1894 ad
1567 1856 1613 1894 id
1635 1871 1745 1909 opus

275 1920 370 1959 sit?
403 1929 444 1959 et
480 1919 531 1957 ab
552 1919 746 1957 Hermot.
768 1931 1020 1970 responsum
1051 1918 1227 1962 tulerat,
1261 1914 1407 1950 forsan
1436 1912 1594 1965 viginti
1620 1913 1743 1951 aunis

278 1991 386 2029 opus
406 1976 499 2015 fore
521 1985 600 2014 etc.
659 1973 833 2013 Deinde
851 1988 944 2012 cum
968 1970 1137 2010 tandem
1161 1969 1204 2006 in
1226 1967 1416 2009 ordinem
1441 1967 1629 2006 redirent
1649 1981 1743 2019 per·

275 2046 475 2071 sonarum
497 2031 695 2080 nomina,
731 2044 873 2069 versus
897 2028 1020 2066 finem
1043 2027 1169 2078 hujus
1197 2038 1287 2075 cap.
1312 2037 1342 2064 s,
1363 2024 1400 2074 ,O
1425 2028 1493 2067 48.
1516 2023 1580 2062 bis
1600 2023 1743 2077 posita

276 2098 367 2127 erat
395 2088 650 2127 Hermotimi
689 2100 868 2138 persona
885 2114 896 2132 ,
938 2097 1112 2136 nempe:
1156 2085 1295 2121 EPM.
1325 2076 1428 2134 ὑπὲρ
1464 2077 1669 2129 διακόσια,
1711 2073 1745 2120 cd

276 2151 429 2186 Λυκῖνε
449 2145 493 2181 in
519 2143 591 2182 fin.
614 2152 752 2192 recte,
783 2141 854 2180 sed
881 2149 977 2179 ante
999 2153 1141 2177 rursus
1166 2142 1307 2178 EPM.
1331 2135 1435 2177 Εἶτα
1457 2132 1744 2189 ἕξῆςἙπικού-

276 2218 349 2255 ρῳ,
410 2201 518 2240 Cum
543 2198 783 2237 alternatim
808 2201 954 2235 saltem
987 2195 1188 2234 deberent
1209 2193 1345 2246 loqui.
1404 2194 1497 2231 Hac
1518 2192 1651 2245 igitur
1671 2192 1742 2229 in-

277 2258 518 2310 quisitione
553 2270 645 2293 cum
668 2254 891 2293 veritatem
922 2263 963 2292 et
985 2267 1063 2305 ego
1088 2250 1345 2299 detexerim,
1377 2264 1451 2288 cur
1472 2249 1548 2287 alii
1568 2247 1742 2287 acutio-

277 2327 341 2352 res
362 2313 405 2351 id
432 2328 517 2351 non
541 2321 661 2349 tanto
686 2310 817 2363 magis
841 2309 1048 2361 possent?
1078 2309 1242 2345 Rmm.

388 2369 487 2408 Eud.
507 2372 533 2407 l.
562 2373 626 2410 11.
665 2363 724 2407 Οὐ
753 2364 856 2420 γὰρ)
887 2372 925 2406 A
937 2371 1019 2406 ΤΚ.
1056 2362 1115 2406 Οὐ
1149 2361 1237 2418 γάρ.
1279 2368 1418 2404 EPM.
1448 2362 1673 2412 Χρυσίππῳ
1699 2360 1742 2401 δέ

277 2440 321 2477 γε
344 2435 422 2467 etc.
452 2427 570 2464 Male
586 2426 759 2475 trajecta
780 2423 952 2460 nomina
976 2434 1263 2474 personarum.
1295 2421 1402 2458 Esse
1426 2419 1564 2468 debet,
1597 2421 1737 2458 EPM.

280 2477 327 2521 οὗ
349 2482 437 2536 γάρ.
475 2485 599 2523 ΛΥΚ.
625 2481 850 2533 Χρυσίππῳ
866 2480 907 2519 δέ
927 2496 980 2532 γε.
1013 2478 1226 2518 IVIAncu..

389 2539 489 2580 Ead.
510 2541 535 2579 1,
563 2541 627 2579 14.
664 2534 828 2588 Οὕτως)
861 2539 995 2576 AYK.
1019 2532 1160 2581 οὕτως.
1185 2529 1319 2584 Ἑρμο.
1343 2530 1425 2572 εἶτα
1446 2530 1535 2580 ἑξῆς
1551 2525 1735 2570 Ἑπικού-

279 2609 349 2647 ρῳ.
389 2595 552 2632 Rursus
577 2592 734 2631 vitiosa
754 2605 1029 2645 personarum
1050 2589 1257 2640 trajectio.
1295 2588 1500 2626 Lucianus
1526 2586 1637 2622 enim
1663 2598 1737 2623 vo-

277 2648 384 2687 luit:
409 2646 556 2701 Ἐρμω
581 2646 722 2697 οὕτως.
745 2653 877 2690 ΛΤΚ.
903 2647 986 2689 εἶτα
1004 2641 1349 2698 ἕξῆςΈπικούρῳ-
1375 2643 1497 2682 Patet
1520 2640 1603 2679 fine
1627 2644 1740 2694 eim·

278 2702 373 2743 dem
403 2706 598 2759 paginae.
628 2706 839 2745 Manen..
901 2705 959 2743 Et
986 2703 1070 2743 hoc
1093 2711 1135 2741 et
1163 2697 1417 2754 praecedens
1448 2710 1621 2751 quoque
1641 2709 1740 2736 mo-
