1834 3188
346 231 398 262 m
435 231 677 269 Quonono
715 229 953 263 ms'romA
991 232 1067 264 81T
1103 232 1303 265 consen.
1460 225 1559 275 625

83 329 242 370 οῆανίαε
284 327 517 381 Ιαηεεοηίο,
560 326 853 384 Medioburgo
882 329 1126 378 Zeelando,
1168 345 1237 374 an.
1273 336 1396 377 1590.
1473 336 1556 378 Sed

84 385 224 426 Valer.
250 385 386 427 Andr.
408 386 523 426 Bibl.
548 388 668 440 Belg.
692 400 788 440 pag.
817 391 880 430 14.
904 387 1147 439 perspicilla
1169 387 1443 430 dimetiendis
1468 402 1565 432 tur·¹

79 442 198 481 ribus
221 443 436 483 invenisse
469 453 610 482 narrat
637 442 831 482 Jacobum
858 443 1051 493 Bletium,
1084 444 1233 484 eodem
1266 460 1378 487 anno
1401 448 1550 501 (quod

77 501 161 552 jam
185 513 273 538 non
309 499 525 553 dijudico,
558 514 652 537 cum
684 499 768 538 hoc
795 501 1011 551 posterius
1035 500 1086 539 de
1115 500 1300 554 dioptris
1329 506 1551 545 astrolabii

78 555 268 610 intelligi
299 559 463 611 queat.)
506 558 564 594 At
585 556 734 609 potuit
765 555 986 608 deperdita
1016 557 1150 598 fuisse
1171 572 1235 597 ars
1257 569 1470 612 veterum,
1504 577 1552 602 ac

78 611 128 651 de
152 626 266 650 novo
290 614 486 664 inventa;
519 611 634 667 quod
658 621 770 651 certe
794 612 1090 664 statuendum,
1121 615 1157 652 si
1180 629 1274 654 vera
1300 619 1446 655 attulit
1466 621 1551 659 Mr.

76 668 125 706 de
146 668 311 718 Valois‚
344 669 417 723 qui
449 669 493 707 in
521 669 634 710 Hist.
654 667 705 708 de
737 668 899 708 l’Acad.
926 670 979 707 R.
1016 669 1067 709 de
1097 670 1226 710 belles
1247 673 1416 712 Lettres
1437 677 1485 718 T.
1513 676 1548 716 1.

74 739 117 778 p.
136 730 226 769 136.
253 725 434 775 adserit,
469 728 630 766 veteres
655 728 736 777 jam
759 724 1030 765 Archimedis
1049 737 1238 780 tempore
1261 729 1409 780 tubos,
1443 746 1550 785 quae

73 780 283 835 ielescopia
313 796 535 830 vocamus,
569 778 792 829 habuisse,
826 792 868 820 et
887 783 1173 822 Ptolemaeum
1198 799 1338 839 regem
1359 788 1548 842 Aegypti

71 838 256 876 Pharum
279 839 565 889 exstruxisse,
596 852 650 876 ex
671 852 750 892 qua
780 851 862 890 ope
897 840 1227 891 telescopiorum
1253 856 1381 881 naves
1405 843 1548 884 hosti-

71 896 134 933 les
158 894 208 932 ad
232 903 431 934 sexcenta
453 894 636 935 miliaria
659 894 800 948 detegi
826 895 1062 947 potuerint.
1123 896 1203 935 Sed
1226 898 1319 952 quis
1343 913 1428 937 non
1455 914 1548 941 sen-

71 950 148 999 tit,
183 950 350 989 fabulas
383 950 457 988 has
482 950 603 991 esse?
647 965 750 1005 quas
779 961 918 989 tamen
944 950 1018 989 ubi
1048 952 1120 993 ille
1141 954 1314 1007 legerit,
1350 954 1546 997 adductis

69 1006 398 1046 auctoritatibus
415 1015 603 1047 veterum
629 1007 890 1045 adstructum
914 1010 1064 1046 vellem
1080 1042 1089 1058 ‚
1122 1017 1170 1047 ut
1194 1010 1346 1049 veritas
1370 1011 1547 1068 indaga-

66 1062 104 1100 ri
128 1072 278 1116 queat3
311 1062 476 1116 alioqui
499 1078 553 1103 ex
577 1063 721 1102 fabula
748 1063 799 1102 de
821 1065 1016 1116 Lynceo,
1036 1064 1147 1104 idem
1173 1066 1419 1118 praedicare
1447 1083 1545 1122 pos-

66 1132 168 1159 sem.
215 1119 394 1158 Interim
415 1135 467 1159 ex
488 1120 556 1158 his
584 1120 791 1172 aliisque,
817 1134 924 1172 quae
946 1119 1152 1161 adducere
1172 1135 1360 1173 possem,
1383 1124 1419 1163 si
1442 1134 1544 1165 tem·

63 1189 145 1228 pus
167 1175 453 1228 permitteret,
488 1176 706 1228 probabile
725 1186 863 1215 tamen
890 1176 1021 1225 fieret,
1055 1177 1170 1231 quod
1192 1187 1292 1217 ante
1312 1179 1420 1227 dixi,
1455 1196 1544 1221 non

65 1231 289 1285 incognita
322 1232 464 1271 omnia
491 1232 702 1272 veteribus
727 1232 885 1282 fuisse,
919 1247 1025 1286 quae
1058 1232 1187 1273 hodie
1214 1249 1292 1287 pro
1325 1236 1450 1276 novis
1474 1239 1545 1276 in-

62 1289 203 1326 ventis
230 1287 450 1326 habentur.
483 1290 647 1327 Rm‘rz.
709 1288 923 1341 Equidem
949 1299 1136 1328 centrum
1159 1291 1322 1343 speculi
1346 1294 1540 1346 rotundi,

61 1345 203 1398 qualia
238 1354 423 1384 veterum
449 1349 620 1398 specula
653 1347 900 1398 plerumque
932 1346 1109 1384 fuerunt
1140 1346 1366 1400 intelligot,
1398 1365 1541 1404 quam.

62 1400 128 1438 vis
148 1400 259 1438 enim
281 1411 473 1440 exactum
509 1412 700 1441 centrum
730 1401 845 1439 nibil
868 1401 1065 1442 videatur
1091 1403 1232 1443 facere
1254 1404 1304 1442 ad
1329 1405 1538 1460 imagines

62 1459 168 1494 tales
187 1455 443 1507 reddendas,
468 1461 611 1511 quales
634 1458 825 1511 accepit,
850 1467 988 1498 tamen
1012 1458 1185 1511 adjuvat
1211 1461 1403 1502 formam.
1436 1464 1539 1516 Spe-

61 1514 203 1551 culum
224 1527 310 1552 non
330 1516 466 1553 solum
490 1528 611 1552 usum
637 1513 813 1560 habeat,
844 1529 987 1553 verum
1011 1516 1138 1554 etiam
1164 1519 1441 1570 elegantiam3
1477 1521 1537 1560 ita

57 1569 269 1609 sententia
290 1569 508 1617 historici;
544 1569 725 1609 historia
752 1583 816 1609 res
841 1579 976 1624 gestas
1003 1581 1118 1611 recto
1136 1581 1178 1610 et
1199 1586 1296 1612 vere
1317 1574 1535 1627 exhibeat,

56 1626 114 1664 sit
134 1635 275 1665 tamen
305 1626 433 1666 etiam
464 1629 650 1681 elegans.
710 1625 999 1666 Referendum
1034 1626 1116 1666 hoc
1138 1627 1309 1668 videtur
1342 1630 1392 1668 ad
1423 1632 1537 1682 τάξαι

55 1692 97 1721 et
126 1683 309 1734 ζητητέον
341 1680 450 1731 ὅπως
481 1685 662 1725 εἴπωσιν.
693 1683 816 1724 Run.
887 1683 944 1722 At
964 1681 1085 1731 vide,
1120 1698 1267 1737 quem,
1301 1700 1535 1738 praeeunte

60 1737 167 1779 Guil.
189 1739 363 1792 Langio,
390 1740 543 1779 citavit
568 1739 852 1788 Schmieclerus‚
877 1738 1172 1779 Beckmannum
1192 1741 1234 1779 in
1256 1742 1392 1782 libro:
1428 1745 1538 1798 Bey-

55 1804 197 1849 traege
229 1810 305 1834 zur
337 1794 595 1834 Geschichte
626 1795 698 1833 der
727 1794 1050 1850 Erfindungen‚
1084 1798 1208 1837 Tom.
1230 1798 1316 1836 III.
1349 1800 1468 1843 Fasc.
1493 1806 1534 1845 4.

53 1864 95 1904 p.
118 1855 214 1895 285.
235 1865 298 1905 sq.
325 1860 368 1891 et
390 1852 540 1891 confer
566 1850 739 1891 Salmas.
762 1851 975 1891 Exercitt.
997 1852 1139 1892 Plinn.
1163 1867 1203 1905 p.
1226 1858 1322 1898 756.
1371 1857 1531 1900 mer.

167 1906 272 1947 Eud.
294 1910 322 1946 1.
346 1911 412 1951 14.
439 1905 591 1961 ’Ώςπερ
618 1913 701 1955 τοῖς
734 1904 927 1959 ῥήτορσι)
959 1907 1115 1956 Recte,
1148 1923 1198 1947 an
1221 1924 1365 1961 secus,
1400 1927 1442 1952 se
1461 1913 1533 1954 hic

51 1966 173 2003 locus
198 1963 377 2015 habeat,
408 1979 496 2004 non
525 1964 788 2018 pronuntio,
824 1978 888 2003 me
916 1973 1027 2003 certe
1059 1964 1133 2002 diu
1156 1966 1294 2008 torsit.
1355 1969 1412 2006 At
1435 1984 1532 2010 ecce

52 2019 222 2059 tandem
247 2020 376 2059 alium
406 2019 510 2060 huic
543 2033 714 2075 prorsus
743 2020 979 2074 geminum,
1014 2035 1065 2060 ex
1092 2034 1175 2074 quo
1196 2032 1238 2061 et
1264 2022 1531 2078 intelligetur

50 2076 218 2125 melius,
251 2086 292 2116 et
312 2077 507 2117 fortassis
526 2075 832 2118 emendabitur.
893 2077 1046 2115 Exstat
1066 2076 1104 2115 is
1125 2078 1169 2115 in
1194 2079 1264 2119 De
1287 2080 1387 2119 Salt.
1411 2097 1444 2120 c.
1459 2087 1526 2128 65.

50 2131 119 2172 his
141 2131 304 2173 verbis:
338 2130 359 2175 ὁ
381 2132 533 2184 σκοπὸς
550 2138 622 2187 τῆς
641 2129 884 2187 ὀρχηστικῆς
899 2129 929 2186 ἦ
945 2129 1161 2184 ὑπόκρισίς
1180 2134 1298 2185 ἔστιν,
1334 2134 1386 2185 ὥς
1408 2139 1526 2191 ἔφην,

50 2187 153 2231 κατὰ
182 2186 231 2230 τὰ
261 2186 366 2230 αὐτὰ
396 2192 464 2232 καὶ
490 2197 574 2240 τοῖς
607 2188 800 2244 ῥήτορσιν
835 2192 1159 2243 ἐπιτηδευομένη.
1224 2192 1332 2232 Vide
1364 2195 1524 2247 itaque,

47 2260 99 2285 an
129 2258 216 2284 non
237 2255 279 2284 et
304 2244 375 2285 hic
404 2246 465 2285 ita
494 2246 744 2301 legendum,
781 2247 842 2284 uti
869 2246 960 2286 illic
981 2249 1153 2301 legitur.
1214 2248 1294 2287 Vel
1320 2250 1355 2287 si
1383 2252 1525 2290 minus

44 2300 205 2341 arridet
230 2299 334 2340 haec
358 2305 625 2355 conjectura,
659 2303 785 2341 aliam
810 2303 970 2355 accipe.
1031 2303 1150 2358 Lege
1177 2300 1306 2358 ὥςπερ
1338 2312 1423 2355 τοῖς
1455 2308 1523 2361 ῥή-

46 2373 184 2410 τορσιν
202 2355 230 2410 ἦ
249 2362 492 2411 γραφεῦσιν·
525 2368 568 2398 et
591 2358 800 2398 excidisse
823 2367 924 2411 puta
947 2358 1119 2398 verbum
1143 2361 1186 2398 in
1205 2360 1319 2400 hunc
1338 2376 1521 2415 sensum,

45 2414 138 2455 licet
157 2425 225 2453 aut
248 2413 395 2454 demere
420 2414 467 2454 de
490 2417 609 2463 veris,
642 2425 710 2454 aut
730 2413 887 2457 addere.
945 2414 1066 2455 Mihi
1092 2417 1226 2470 magis
1254 2420 1394 2470 placet
1419 2434 1524 2460 con-

46 2473 206 2524 jectura
234 2471 373 2523 prior,
406 2481 533 2525 atque
563 2471 666 2511 adeo
698 2471 760 2509 sic
787 2474 912 2526 lego,
944 2469 1046 2512 κατᾶ
1078 2471 1126 2513 τοὶ
1160 2469 1263 2514 αὐτὰ
1287 2480 1370 2523 τοῖς
1400 2478 1435 2526 ῥ’.
1461 2495 1522 2532 γρ.

46 2527 146 2566 vid.
172 2527 384 2566 Prometh.
406 2526 452 2566 in
480 2527 631 2568 Verbb.
656 2541 744 2580 cap.
766 2533 804 2571 2.
835 2538 877 2567 et
908 2527 1074 2580 passim.
1107 2529 1275 2570 Sorax.
1338 2531 1451 2574 Κατὰ
1474 2531 1523 2576 τὰ

46 2581 149 2624 αὐτοὶ
174 2582 245 2622 hic
268 2584 398 2623 inseri
426 2585 568 2623 voluit
590 2583 786 2631 Solonas,
820 2584 921 2637 quia
948 2584 992 2622 in
1012 2585 1226 2626 Prometh.
1248 2591 1288 2635 0.
1315 2592 1354 2630 2.
1382 2599 1424 2628 et
1446 2591 1524 2630 ali-

44 2638 113 2687 bi,
144 2639 232 2679 fere
262 2640 323 2678 sic
348 2641 545 2682 occurrit.
580 2642 742 2681 Rmrrz.
810 2645 903 2688 Τοῖς
945 2638 1135 2693 ῥήτορσιν
1161 2641 1332 2695 γράφειν
1358 2656 1419 2684 est
1442 2647 1531 2695 sub,

45 2694 246 2750 magistro
275 2697 547 2750 eloquentiae
579 2697 671 2736 sive
695 2695 864 2735 rhetore
895 2696 1220 2736 exercitationis
1245 2714 1391 2739 caussa
1416 2703 1521 2741 scri·

43 2750 164 2802 bere,
197 2751 263 2790 uti
286 2761 329 2791 et
351 2752 485 2806 ipsam
503 2753 710 2808 speciem,
745 2762 787 2793 et
810 2750 935 2793 verba
957 2751 1118 2808 fingere
1142 2768 1229 2793 non
1251 2757 1352 2796 licet
1372 2757 1517 2808 modo,

94 2820 240 2852 Luciam.
271 2818 350 2853 Vol.
380 2822 444 2854 IV.
1159 2811 1198 2848 R·
1218 2825 1237 2850 ι’
