1834 3188
442 222 616 252 ZEers
652 221 745 252 vm,
785 218 1084 251 ANTIOCHUS.
1369 215 1460 260 131

64 328 138 371 ἕνα
155 325 221 367 καὶ
242 320 370 378 μόνον
390 322 432 364 έν
454 326 539 369 τοῖς
558 317 749 374 Ἕλλησιν
769 315 871 361 εἶναι
899 317 1078 372 λέγουσι·
1110 320 1177 363 καὶ
1205 319 1254 362 τὰ
1275 328 1506 374 woronna-p.
1523 340 1603 382 84⁰.

62 393 108 436 τὸ
128 396 170 436 δὲ
191 391 291 434 κατὰ
312 390 384 444 τήν
409 391 652 444 παροιμίαν,
685 385 892 441 ἄνθρακες
923 383 1039 440 ἡμῶν
1060 383 1082 429 ὅ
1104 388 1318 444 θησαυρὸς
1343 387 1461 445 ἦσαν,

62 464 128 505 καὶ
150 458 289 518 ὀλίγον
314 461 388 502 δέω
417 459 728 512 θαυματοποιοῦ
758 473 867 506 τινος
896 456 1064 499 ἔπαινον
1089 458 1341 502 ἐπαινεῖσθαι
1359 459 1461 515 πρὸς

268 526 418 570 Ἑθέλω
450 532 551 582 γοῦν
575 522 671 579 υμῖν
704 525 772 566 καὶ
793 523 836 566 τὸ
860 529 934 566 τοῦ
964 527 1149 581 γραφέως
1172 526 1457 618 διηγήσασθαί.
1485 538 1513 578 8

65 595 87 640 ὅ
110 599 251 647 Ζεῦξις
280 598 433 645 ἐκεῖνος
462 593 625 650 α’ριστος
649 593 841 648 γραφέων
872 593 1113 647 γενόμενος,
1156 594 1203 637 τοὶ
1237 593 1437 651 δημώδη1
1449 599 1465 651 )

63 669 132 709 καὶ
155 684 203 707 τα
237 663 354 707 κοινὰ
386 669 509 706 ταῦτα
544 657 618 705 οὐκ
640 663 840 717 ε’,γραφεν
871 679 896 715 η
930 660 1003 704 ὅσα
1031 663 1142 706 πάνυ
1163 662 1297 720 ὀλίγα,
1327 663 1508 721 η’ρωαςρ.
1523 683 1604 724 341

63 734 92 789 ἢ
110 731 258 783 θεοὺς,
289 752 314 786 η
339 734 560 784 πολέμους,
593 726 656 772 cisi
676 731 717 772 δὲ
736 737 988 773 καινοποιεῖν
1009 734 1214 787 ἐπειρᾶτο,
1246 736 1314 775 καί
1340 751 1375 776 τι
1396 732 1462 776 ἆλ-

64 549 210 573 avtcov.

65 802 235 846 λόκοτον
258 799 309 843 ἂν
336 802 403 842 καὶ
425 801 536 849 ξένον
557 797 796 852 ἐπινοήσας,
831 795 896 841 ἐπ’
922 801 1059 860 ἐκείνῳ
1080 805 1136 852 m)
1167 799 1239 856 τὴν
1256 799 1464 858 ἀκρίβειαν

65 875 138 924 τῆς
167 871 302 924 τέχνης
337 871 613 911 ἐπεδείκνυτο·
645 869 686 910 ἐν
714 869 755 911 δὲ
777 874 860 917 τοῖς
884 865 1016 918 ἅλλοις
1043 866 1269 924 τολμήμασι
1286 871 1362 924 n)‚
1395 873 1463 916 nal

66 936 237 992 θήλειαν
251 935 595 991 Ἱπποκένταυρον
618 937 666 989 ⁰)
697 933 717 979 ὅ
740 939 884 986 Ζεῦξις
905 934 1027 986 αὐτὸς
1044 939 1085 991 Ρ)
1113 939 1319 991 ἐποίησεν,
1354 935 1462 980 εἶναψ

63 1003 294 1062 τρέφουσαν
316 1023 360 1061 γε
388 1006 548 1059 προςέτι
577 1007 726 1047 παιδίω
752 1002 1082 1060 οΙπποκενταύρω
1115 1004 1281 1059 διδύμω,
1318 1011 1464 1066 κομιδῇ

61 1078 210 1128 νηπίω.
253 1079 325 1127 τῆς
352 1071 512 1122 εἰκόνος
535 1072 681 1126 ταύτης
712 1071 960 1128 ἀντίγραφός
981 1073 1027 1129 q)
1058 1075 1138 1116 έστι
1155 1079 1232 1116 νῦν
1248 1071 1460 1133 Ἀθήνῃσι,

62 1141 167 1196 πρὸς
187 1138 313 1194 αὐτὴν
341 1143 498 1195 ἐκείνην
532 1137 694 1195 ἀκριβεῖ
709 1146 758 1198 τῇ
787 1141 945 1198 στάθμῃ
976 1143 1288 1198 μετενηνεγμένη
1311 1146 1369 1193 Γ).
1416 1141 1462 1186 τό

64 1208 287 1265 ἀρχέτυπον
316 1205 353 1251 δ’
390 1205 489 1252 αὐτὸ
522 1208 679 1258 Σύλλας
698 1211 738 1261 ⁵)
771 1205 793 1251 ὅ
818 1206 1033 1263 Ῥωμαίων
1064 1208 1282 1266 στρατηγὸς
1302 1212 1460 1268 ἐλέγετο

115 1322 156 1367 1)
182 1337 239 1358 τα
264 1320 487 1368 δημώδη]
522 1322 597 1367 ,,τοὶ
622 1335 703 1367 μεν
730 1323 815 1367 δημ.
835 1322 944 1355 Bodl.
994 1322 1184 1368 Deinceps
1207 1335 1294 1357 vero
1321 1324 1463 1360 ibidem

158 1377 246 1403 ante
267 1370 374 1404 κοινιὶ
397 1382 556 1403 omissus
587 1369 787 1410 articulus3
814 1381 897 1409 mox
918 1367 1030 1401 etiam
1049 1368 1186 1403 desunt
1202 1370 1315 1403 verba
1334 1367 1463 1416 ἥρωας

158 1436 203 1442 -
228 1415 421 1460 πολέμους.
471 1419 533 1459 m)
563 1413 634 1450 επ’
661 1414 851 1460 ἐκείνῳ]
877 1413 1042 1449 ἐπεκεῖνο
1068 1415 1175 1448 Bodl.
1226 1417 1347 1450 Modo
1368 1418 1462 1456 ibid

157 1469 303 1518 n'iutaio
334 1463 466 1494 ordine
496 1464 559 1497 καί
586 1475 624 1496 τι
654 1462 758 1504 ξένον
786 1462 849 1496 καὶ
877 1457 954 1495 ἄλλ.
980 1467 1015 1493 et
1037 1472 1122 1493 mox
1144 1474 1212 1505 την
1240 1463 1306 1506 τῆς
1333 1462 1462 1517 τέχνης

161 1506 244 1552 οἷκρ.
318 1509 367 1551 n)
401 1506 448 1542 ἐν
484 1506 531 1542 δε
566 1511 673 1548 τοῖς
708 1505 879 1548 ἄλλοις
912 1504 1212 1554 τολμημασι]
1261 1510 1393 1542 desunt
1422 1511 1463 1543 in

157 1554 270 1588 Bodl.
292 1561 327 1587 et
352 1566 444 1599 quae
463 1561 689 1607 sequuntur,
718 1555 771 1587 sic
801 1554 956 1588 habent:
985 1555 1076 1596 θηλε
1081 1555 1142 1587 ίαν
1164 1555 1255 1596 ου’ν,
1283 1567 1352 1599 pro
1375 1568 1464 1589 con

158 1601 243 1633 silio
267 1600 416 1644 quidem
435 1601 540 1634 istius
560 1600 797 1635 scholiastae.
859 1602 904 1643 o)
938 1595 1378 1658 Ιπποκένταυρον]
1405 1603 1464 1637 ῒπ·

157 1659 230 1681 πον
250 1646 452 1690 κένταυρον
472 1647 579 1680 Bodl.
616 1649 707 1680 Mox
723 1653 851 1680 tamen
869 1646 1004 1680 ἱπποκε
991 1644 1169 1690 ενταύρω
1220 1655 1263 1692 p)
1292 1646 1408 1683 αυτό
1422 1649 1464 1691 ς]

154 1693 245 1737 „Sic
271 1693 451 1728 hahereJ.
476 1694 520 1726 H.
544 1693 597 1726 Pl.
623 1700 728 1727 notat
753 1693 915 1725 solanus.
968 1693 1067 1737 Quid
1098 1695 1206 1727 tum?
1242 1695 1390 1727 Habent
1410 1695 1465 1728 sic

160 1745 198 1771 et
225 1739 327 1773 aliae.
334 1740 357 1758 “
407 1739 545 1773 Omisit
570 1745 696 1772 tamen
721 1739 967 1781 Bod1.cujus
996 1740 1198 1773 auctoritas
1221 1740 1283 1773 hic
1314 1741 1467 1786 quidem

161 1783 257 1817 nihil
278 1786 456 1820 decernit.
510 1793 544 1830 q)
573 1781 902 1830 οἷντίγραφος]
930 1782 1161 1830 ἀντίγραφον
1181 1787 1287 1820 Bodi.
1336 1794 1366 1827 r)
1392 1799 1465 1831 με·

161 1830 513 1884 τενηνεγμένη]
539 1844 777 1877 μετενηνεγεμ
773 1831 825 1877 ’τῃ
859 1843 943 1864 cum
969 1833 1046 1872 jota
1073 1833 1216 1865 subscr.
1250 1834 1292 1866 B.
1319 1845 1347 1866 1.
1370 1840 1407 1866 et
1427 1835 1461 1867 5.

167 1878 324 1910 omnino
355 1880 456 1911 deest
483 1879 523 1911 in
552 1879 662 1912 Bodl.
735 1881 777 1923 s)
806 1876 922 1912 αὐτὸ
950 1877 1164 1921 Σύλλας]
1189 1875 1328 1919 ασύλας
1356 1879 1464 1913 Bodl.

67 1971 182 2036 illis)
225 1986 319 2010 cum
353 1986 486 2010 unum
524 1981 566 2011 et
598 1975 735 2011 solum
795 1983 906 2027 puta,
934 1981 1007 2010 aut
1027 1973 1162 2021 Deos,
1185 1982 1258 2010 aut
1277 1986 1468 2026 pugnas;

69 2042 136 2067 me
159 2029 202 2065 in
226 2028 398 2066 Graecis
423 2042 510 2067 esse
534 2028 738 2079 dicerent,

73 2094 201 2136 atque
222 2084 264 2121 id
289 2098 421 2137 genus
443 2085 539 2125 alia.
583 2086 615 2123 V
622 2101 738 2124 erum

73 2141 291 2180 enimvero
312 2142 354 2177 in
379 2141 596 2189 carbones,
623 2140 739 2194 quod

71 2207 135 2236 est
161 2197 204 2233 in
227 2195 454 2248 proverbio
472 2227 481 2244 ,
516 2197 740 2236 thesaurus

70 2262 219 2292 noster
254 2252 382 2299 abiit,
414 2262 453 2291 et
481 2268 624 2305 parum
656 2254 739 2292 ab-

73 2315 156 2360 est,
230 2308 333 2360 quin
401 2309 738 2362 praestigiatoris

72 2364 407 2405 circumforanei
432 2364 555 2403 laude
580 2366 629 2402 ab
652 2367 738 2403 illis

73 2421 250 2461 affectus
292 2421 383 2461 sim.
454 2421 564 2459 Volo
607 2421 740 2475 igitur

75 2477 182 2516 illud
206 2477 330 2515 etiam
356 2477 406 2515 de
429 2477 593 2529 pictore
618 2477 739 2514 vobis

75 2547 259 2574 narrare.
322 2533 481 2573 Zeuxis
504 2534 574 2573 ille
605 2534 742 2586 picto·

78 2603 170 2627 rum
205 2592 614 2640 praestantissimus,
661 2604 743 2642 po-

80 2646 247 2697 pularia
300 2649 377 2684 ista
422 2657 464 2687 et
501 2647 742 2685 communia

82 2715 169 2739 non
209 2702 439 2757 pingebat,
484 2714 557 2743 aut
597 2703 745 2742 adino-

81 2755 182 2795 dum
219 2769 329 2799 certe
369 2774 528 2812 pauca,
579 2761 744 2799 Heroas

799 2032 870 2067 sed
896 2043 1052 2067 novum
1076 2028 1274 2082 quiddam
1299 2030 1467 2082 profer·

798 2099 842 2125 re
876 2099 1039 2138 semper
1076 2084 1279 2124 tentabat.
1341 2086 1398 2124 Et
1428 2083 1467 2123 si

802 2140 906 2195 quid
949 2142 1137 2181 insolens
1170 2151 1242 2180 aut
1272 2142 1468 2195 peregri·

801 2213 901 2236 num
924 2198 1230 2251 excogitasset,
1266 2199 1309 2236 in
1331 2213 1380 2237 eo
1401 2196 1468 2236 ‹Ic-

797 2271 902 2293 mum
920 2257 997 2293 vim
1015 2266 1048 2292 et
1067 2253 1383 2292 accurationem
1402 2268 1466 2292 ar-

799 2311 854 2349 tis
874 2325 1075 2348 summam
1098 2309 1364 2348 ostendebat.
1393 2310 1465 2347 In·

799 2375 861 2405 ter
881 2367 1042 2418 reliqua
1065 2380 1176 2408 ansa,
1202 2364 1464 2404 Centaurum

799 2422 926 2460 etiarn
951 2422 1150 2461 seminam
1169 2421 1330 2459 Zeuxis
1354 2421 1466 2459 idem

800 2477 970 2529 pinxit,
1042 2480 1268 2516 lactantem
1326 2477 1466 2516 adhuc

802 2547 958 2585 pueros
989 2533 1227 2572 Centauros
1250 2537 1466 2587 gemellos,

803 2589 1028 2628 admodum
1061 2590 1259 2628 infantes.
1322 2590 1467 2629 Tabu-

803 2649 868 2684 lae
910 2645 1035 2698 hujus
1077 2649 1315 2699 exemplum
1352 2659 1469 2685 nunc

805 2712 867 2740 est
900 2702 1110 2747 Athenis,
1143 2713 1290 2742 exacta
1324 2705 1468 2756 regula

806 2758 906 2798 inde
930 2761 1190 2798 translatum.
1231 2760 1376 2810 Ipsum
1401 2772 1469 2796 ve-

1119 2815 1193 2855 12
