1834 3188
461 238 631 285 verme
669 236 940 268 insa-ommi
974 236 1068 266 Lm.
1107 239 1138 266 1.
1435 225 1534 272 637

69 356 136 383 σαι
157 344 232 382 τοῦ
252 340 395 381 πεδίου
415 340 554 389 τοῦδε,
583 338 652 379 καὶ
670 340 751 378 τῶν
769 339 961 388 Νυμφῶν
987 337 1138 386 τῶνδες
1170 332 1286 387 quod
1309 343 1448 376 tamen
1472 336 1538 375 in-

69 412 191 439 verso
212 395 362 436 ordine
381 396 570 449 positum
592 397 790 447 majorem
811 391 1130 432 demonstrandi
1149 391 1234 430 vim
1253 390 1395 434 habet.
1456 392 1538 432 Sed

68 468 237 504 rursus,
269 463 319 491 ut
341 453 518 502 Noster,
551 450 663 490 idem
684 450 850 503 Longus
869 450 903 488 Ι.
928 463 968 502 p.
985 455 1025 494 3.
1042 451 1085 492 ἐν
1102 451 1202 506 τῷδε
1220 453 1276 505 τῷ
1296 447 1419 517 οἷγρῷ.
1480 451 1540 490 Et

70 510 174 549 ibid.
198 513 341 562 paullo
366 510 590 561 ευρ13,ἐκ
619 505 766 559 ταύτης
785 511 856 559 τῆς
872 505 1028 556 πόλεως
1046 511 1118 560 τῆς
1150 504 1402 560 Maxumum.
1461 507 1538 546 At-

71 582 154 622 que
178 566 281 605 alibi
308 566 474 618 passim.
516 566 679 603 Rerrz.

182 622 285 662 Ead.
309 626 336 661 1.
359 629 421 665 14.
461 628 581 671 Τινας
597 652 607 662 .
624 653 634 662 .
651 622 880 673 ,σ-τας)
911 621 963 659 In
987 622 1042 660 L.
1068 620 1129 662 Fl.
1153 629 1193 660 et
1212 619 1263 660 Β.
1288 625 1327 662 2.
1350 630 1464 661 recte
1481 623 1540 660 le-

69 680 184 735 gitur
216 692 350 728 τινας·
394 680 437 716 in
471 678 649 731 reliquis
671 675 782 727 τινὰ,
816 687 1030 731 corrupte.
1063 679 1230 718 somn.
1293 675 1408 730 Πρὸς
1427 677 1541 727 τινὰς

67 736 224 776 habere
245 735 338 774 dixi
355 735 417 775 Fl.
437 745 478 775 et
497 736 549 775 Β.
571 740 611 778 2.
634 744 791 774 ceteras
810 734 913 775 τινά.
974 733 1103 787 Quod
1125 744 1264 773 tamen
1289 747 1375 772 non
1399 732 1450 773 de
1472 749 1540 774 ac·

69 803 195 833 centu
220 806 393 846 quoque
415 791 767 842 intelligendum;
801 806 894 829 nam
925 791 1120 829 scribunt
1140 788 1244 843 πρός
1266 807 1354 831 τινα
1374 801 1416 829 et
1437 789 1541 842 πρός

67 867 193 898 τινας.
255 850 350 904 Ego
371 863 472 889 vero
497 863 552 887 ex
576 848 845 886 Grammticis
868 848 1106 900 praeceptis
1131 857 1229 900 post
1255 848 1540 900 praepositio-

70 921 165 946 nem
199 916 419 944 accentum
449 905 678 945 encliticae
705 902 848 943 reddo.
911 904 1007 941 Etsi
1038 902 1147 942 Edd.
1177 903 1352 942 Luciam·
1381 904 1540 958 ubique

67 964 190 1001 aliter
220 961 391 1001 habent.
453 963 596 1000 Atona
629 971 768 999 autem
802 960 1012 1013 particula
1051 969 1276 1013 sequente,
1319 970 1540 999 accentum

67 1018 404 1071 praepositionis
438 1017 855 1067 inverto,sc1ibens
885 1015 987 1070 πρός
1016 1033 1068 1058 τε.
1099 1017 1266 1056 me.
1326 1017 1445 1055 Male
1474 1031 1542 1055 se-

70 1075 169 1113 dula
193 1074 297 1114 haec
317 1083 405 1124 est,
447 1089 525 1113 nec
546 1085 697 1113 tamem
724 1073 888 1127 ubique
909 1074 994 1112 sibi
1019 1083 1242 1121 constanS,
1275 1065 1424 1112 Reitzii
1442 1072 1542 1111 dili..

68 1132 236 1184 gentia,
269 1145 376 1184 quae
395 1132 524 1170 etiam
544 1130 803 1169 recentiores
824 1129 1023 1170 Editores
1046 1129 1204 1184 passim
1221 1128 1407 1169 seduxit.
1469 1130 1539 1169 Cf.

67 1187 229 1227 Adnot.
252 1186 303 1225 ad
328 1187 862 1230 Hermot.‹:.19-L1:11M.

181 1243 283 1296 Pag.
312 1247 514 1288 231.1.1.
550 1241 924 1298 Συγγεγραφότων)
962 1243 1030 1282 Ita
1059 1244 1146 1284 Ms.
1167 1243 1271 1296 Reg.
1297 1246 1423 1287 3011.
1446 1257 1543 1282 me-

67 1301 178 1351 lius,
221 1314 345 1352 quam
378 1300 492 1354 quod
518 1299 658 1338 adhuc
687 1301 928 1367 legebatur,
961 1299 1299 1355 συγγεγραφότας.
1361 1301 1430 1338 Ex
1460 1314 1544 1339 eo-

68 1357 161 1397 dem
191 1358 278 1396 Ms.
310 1371 409 1396 mox
443 1356 655 1396 edidimus
686 1353 737 1398 άν
768 1358 973 1411 ἔγραφον,
1025 1371 1154 1396 sensu
1188 1356 1248 1394 ita
1278 1359 1540 1410 postulante.

71 1414 179 1455 Edd
204 1413 319 1452 euim
353 1413 615 1452 exhibebant
640 1410 885 1467 ἀνέγραφον.
919 1415 1016 1454 Bu.
1077 1414 1312 1467 Utramque
1340 1413 1544 1452 emenda-

67 1472 256 1518 tionem,
290 1485 312 1508 a
342 1470 591 1510 Sclzmiedero
620 1484 793 1524 quoque
825 1480 1060 1523 leceptam‚
1099 1468 1372 1509 confirmavit
1393 1468 1544 1508 Codex

72 1529 191 1566 Gorl.
255 1525 386 1580 Quod
410 1542 508 1565 mox
529 1541 605 1579 pro
629 1528 755 1579 ἔμελλε
776 1526 1072 1577 Schmiederus‚
1106 1535 1308 1566 monente
1327 1525 1488 1576 Belino,
1521 1540 1544 1565 e

70 1583 176 1624 Cod.
197 1588 322 1627 3011.
347 1582 572 1621 substituit
595 1584 782 1634 ἕιιελλον,
825 1583 940 1636 quod
968 1584 1178 1622 referatur
1202 1582 1254 1620 ad
1287 1582 1545 1634 praeceden-

69 1653 130 1680 tes
162 1646 314 1693 poetas
346 1648 426 1678 etc.
443 1670 454 1688 ‚
509 1649 632 1678 caute
663 1639 713 1678 ab
746 1654 793 1679 ea
826 1639 1066 1678 mutatione
1095 1638 1396 1677 abstinuerunt
1422 1639 1543 1692 Bipp.

73 1697 304 1736 lidum-,es
348 1695 491 1734 Nam'
480 1711 525 1733 m
546 1697 677 1748 ἔμελλε
697 1696 942 1748 Subiectum
962 1707 1029 1735 est
1043 1695 1090 1736 τὰ
1112 1693 1314 1762 ὀνόματα,
1346 1694 1461 1749 quod
1484 1705 1545 1733 at·
1604 1689 1608 1700 ¹

70 1763 214 1793 tentus
252 1751 435 1818 quisque
469 1755 604 1791 lector
636 1753 765 1792 facile
804 1767 856 1791 ex
886 1753 1097 1792 vocabulo
1127 1748 1318 1804 ὀνομαστὶ
1349 1751 1545 1792 dedffucat

72 1809 152 1850 Sed
191 1808 340 1861 majori
379 1811 471 1860 jure
510 1822 657 1847 vocem
698 1812 919 1860 φαίνεσθαι,
958 1809 1197 1847 correxisse
1230 1807 1337 1846 mihi
1369 1808 1543 1855 videor,

71 1868 302 1930 praeeunte
339 1863 500 1903 Codice
531 1864 651 1903 GorL
725 1865 800 1902 ubi
833 1871 1060 1916 φανεῖσθαι
1099 1865 1273 1917 legitur.
1340 1865 1545 1905 Praesens

74 1924 187 1963 enim
218 1922 260 1962 h.
280 1924 307 1963 1.
339 1921 553 1976 ambigere
585 1921 692 1960 facit
720 1925 947 1972 lectorem,
989 1918 1216 1975 ἀνάγνωσις
1245 1920 1336 1970 illa,
1378 1934 1432 1960 ex
1463 1933 1546 1972 qua

73 1980 249 2019 nomina
276 1983 494 2031 poetarum
518 1987 598 2016 etc.
633 1979 878 2032 apparitura
907 1992 996 2018 esse
1021 1978 1225 2017 Lucienus
1255 1977 1383 2027 dicit,
1414 1976 1545 2015 lectio

73 2038 130 2075 sit
153 2037 324 2075 illorum
346 2039 595 2086 poetarum,
629 2049 679 2073 an
703 2035 843 2087 ipsius
874 2034 1001 2088 hujus
1030 2034 1184 2074 libelli.
1246 2034 1366 2087 Quae
1393 2042 1547 2086 poste-

75 2094 164 2132 rior
185 2102 235 2130 ut
258 2092 545 2145 intelligatur,
579 2093 816 2131 necessario
841 2091 1075 2145 requiritur
1097 2092 1318 2129 Futurum.
1349 2090 1508 2130 LmrM.

186 2148 287 2188 Earl.
312 2151 400 2192 l..3.
437 2148 639 2202 Κτησίας)
669 2149 806 2187 Liber
830 2148 910 2188 iste
934 2147 1083 2187 Ctesiae
1103 2162 1196 2186 curn
1221 2146 1400 2200 reliquis
1430 2148 1549 2199 ejus-

75 2205 169 2245 dem
191 2205 336 2257 periit.
395 2203 558 2243 Photius
578 2215 716 2245 tamen
736 2220 787 2245 ex
810 2219 860 2244 eo
883 2207 1091 2244 nonnulla
1109 2204 1322 2255 excerpsit
1337 2236 1346 2252 ,
1378 2217 1429 2242 ex
1453 2202 1548 2254 qui·

74 2263 178 2307 bus,
219 2261 257 2299 si
289 2274 342 2298 ex
377 2260 474 2298 aliis
503 2262 785 2312 nesciremus,
835 2276 992 2299 vanum
1024 2274 1071 2299 ac
1101 2260 1344 2300 mendacem
1380 2258 1548 2298 Ctesiam

76 2320 210 2358 fuisse
232 2316 335 2356 satis
358 2314 696 2367 demonstratur,
743 2317 819 2371 qui
840 2317 1004 2356 fabulas
1025 2331 1157 2356 meras
1179 2330 1255 2369 pro
1279 2316 1382 2355 visis
1402 2324 1445 2354 et
1465 2329 1549 2354 au-

75 2375 177 2415 ditis
199 2373 351 2412 tradat.
414 2372 510 2415 Vid
532 2373 736 2414 Plutarch.
762 2375 805 2412 in
832 2374 979 2414 Artax.
1010 2374 1180 2413 soem.

191 2429 294 2469 Εαᾶ-
318 2431 344 2467 l·
367 2431 406 2472 5·
425 2426 570 2471 ’Ἀλλου
595 2430 804 2485 εἰπόντος)
833 2431 988 2485 Longe
1018 2431 1176 2470 rectius
1207 2429 1251 2467 in
1286 2429 1401 2468 Flor.
1438 2426 1545 2469 cod.

79 2503 203 2543 quem
235 2494 443 2538 sequutus
474 2496 538 2525 est
564 2486 796 2540 interpam,
838 2486 957 2528 α’λλου
990 2484 1274 2539 ἀληθεύοντος.
1334 2484 1547 2524 Probatur

78 2546 194 2584 illius
212 2543 418 2590 historia,
460 2546 528 2582 vel
551 2543 626 2596 qui
649 2544 770 2582 rebus
793 2544 1013 2592 interfuit,
1054 2546 1119 2582 vel
1146 2543 1216 2594 qui
1243 2557 1264 2581 e
1286 2551 1547 2580 commenta-

78 2602 154 2640 riis
175 2615 345 2648 eorum,
377 2598 450 2653 qui
477 2575 1085 2649 adfuerunt‚bausit:ui1de
1117 2598 1226 2637 illud
1255 2598 1299 2636 in
1332 2597 1544 2637 historico

83 2657 166 2696 fide
188 2657 362 2712 dignum
385 2658 450 2697 καὶ
472 2653 585 2708 ἡμεῖς
606 2654 892 2710 ἐθεασάμεθα,
931 2670 1012 2710 qua
1034 2655 1086 2694 de
1109 2669 1153 2694 re
1178 2657 1299 2693 locus
1336 2655 1443 2693 alius
1475 2653 1548 2692 di-

82 2712 221 2752 cendi.
251 2714 430 2754 Bonan.
490 2714 693 2753 Lucianus
718 2713 912 2766 proxime
930 2710 1200 2764 praecedenti
1229 2710 1400 2763 libello,
1429 2725 1545 2764 prae-

84 2771 223 2825 ceptis
241 2770 376 2822 datis,
407 2784 517 2826 quae
538 2770 650 2810 bono
672 2768 934 2810 observanda
955 2769 1044 2807 sint
1066 2768 1314 2819 Historiae,
1348 2782 1434 2824 quo
1455 2781 1546 2822 spe·
