1834 3188
427 182 1235 216 1N11Enmo‘r1ntum.
1467 176 1563 222 431

221 281 324 320 Emi.
349 284 378 320 1.
402 286 440 325 6.
468 277 622 332 Ὀδὸν)
650 281 730 320 Per
745 279 857 320 viam
876 279 949 319 hic
968 279 1288 334 intelligendam
1310 283 1489 334 Sectam,
1521 295 1571 324 ut

104 338 151 376 in
171 337 265 378 Act.
286 339 436 391 Apost.
458 338 542 387 IX,
567 343 608 380 2.
634 334 732 379 Ἐάν
751 354 860 385 τινας
879 334 975 392 εὕρῃ
995 341 1064 390 τῆς
1085 334 1190 379 ὁδοῦ
1212 335 1331 388 ὄντας
1351 339 1500 394 ἄνδρας
1525 358 1566 383 τε

102 395 173 436 καὶ
196 401 410 449 γυναῖκας,
443 394 579 434 veluti
601 393 708 434 ibid.
729 408 762 435 c.
781 393 957 443 XXIV,
983 399 1048 437 14.
1080 393 1236 434 diserte
1259 395 1415 434 dicitur
1430 430 1440 445 ‚
1471 396 1568 446 ὁδὸς

103 449 159 502 ἢν
178 451 360 505 λέγουσιν
382 453 544 505 αἵρεσιν.
603 450 666 488 Ac
686 452 831 503 paullo
857 463 984 502 supra
1013 449 1126 503 apud
1157 451 1368 502 Nostrum,
1406 450 1568 507 ἁπάσης

105 505 208 549 ὁδοῦ
225 506 517 561 πεπειράμενος
536 508 578 549 ἐν
597 508 840 560 φιλοσοφίᾳ,
872 506 1021 556 vertit,
1054 523 1181 546 omnes
1199 508 1470 561 philosophiae
1486 527 1568 550 sec-

105 574 170 602 ias
185 575 379 617 expertus.
438 565 574 603 Recte
603 562 796 617 quidem3
835 575 980 600 verum
1011 563 1110 615 quia
1140 563 1211 603 hic
1237 567 1432 617 sequitur
1461 565 1565 620 ἄγει,

103 620 263 659 rectius
282 620 333 659 ad
354 620 528 659 verbum
550 618 828 668 convertitur,
859 620 924 657 via
938 646 950 664 ‚
982 634 1081 672 quae
1097 618 1228 673 clucit5
1257 622 1370 660 viam
1393 621 1566 662 interim

105 690 400 731 quamcunque
439 675 592 730 agendi
617 673 866 713 methodum
894 674 1138 728 significare
1171 677 1217 716 in
1250 677 1447 717 omnibus
1476 679 1567 719 lin-

102 732 220 786 guis,
253 733 354 771 satis
378 742 526 771 notum
549 741 623 770 est.
655 732 818 771 Rm-rz.

218 788 323 830 Ead.
344 793 372 827 1.
392 793 431 832 7.
452 786 562 842 ’Ἀγει
592 783 696 829 εὕθύ
724 792 796 839 τῆς
829 781 1106 840 εὖδαιμονίας)
1137 788 1205 827 Sic
1229 790 1356 828 etiam
1382 805 1477 829 cum
1499 807 1566 831 ac-

105 844 284 883 cusandi
307 859 407 883 casu
434 844 548 899 ἄγειν
577 846 669 882 sine
700 843 1045 897 praepositione,
1079 859 1156 897 pro
1185 861 1318 898 agere,
1349 846 1486 887 [lucere
1509 848 1566 886 cul

104 900 280 955 aliquid,
312 900 499 940 Budaeus
515 901 562 938 in
582 900 822 941 Comment.
842 914 894 939 ex
915 900 1097 954 Xenoph.
1123 900 1173 940 de
1194 902 1345 943 Venat.
1367 901 1477 957 ἄγειν
1493 903 1567 954 τὰς

102 956 232 1006 κύνας
251 955 300 998 τὰ
325 958 478 1010 τραχέα.
537 957 647 995 Item
672 953 781 1010 ἄγειν
802 958 844 998 δὲ
872 954 1037 1008 ἄμεινον
1058 955 1128 1005 τὰς
1153 956 1281 1006 κύνας
1303 958 1350 1000 τὰ
1375 959 1450 1013 ὅρη
1470 966 1566 1003 πολ-

102 1010 226 1062 λάκις.
286 1013 386 1052 Nisi
408 1014 480 1052 hic
501 1013 623 1051 malis
645 1022 913 1063 construere,
944 1012 1029 1068 ἄγει
1049 1010 1177 1063 stiffi),
1212 1014 1320 1055 ducit
1340 1028 1465 1066 recia,
1493 1023 1567 1070 τῆς

106 1068 368 1123 εὐδαιμονίας
385 1087 504 1124 usque
521 1068 842 1126 aelfelicitatem,
878 1069 938 1107 ita
959 1080 1008 1109 ut
1026 1071 1135 1124 μέχρι
1153 1070 1478 1126 intelligendum
1501 1090 1565 1113 re-

101 1126 348 1180 linquatur,
381 1129 451 1166 vel
472 1125 574 1180 πρὸς
593 1123 739 1166 τόπον
771 1125 822 1165 de
855 1139 937 1179 qua
956 1128 1097 1180 ellipsi
1119 1126 1205 1168 vid.
1227 1127 1311 1166 Bos
1332 1128 1381 1167 de
1407 1131 1562 1183 Ellips.

104 1182 180 1236 qui
214 1197 267 1222 ex
296 1182 443 1222 Nostro
475 1183 519 1221 in
552 1182 623 1222 Bis
644 1182 838 1221 Accusat.
865 1178 984 1223 Εὖθῦ
1014 1189 1087 1225 τοῦ
1112 1180 1269 1235 Ἀρείου
1301 1183 1453 1239 πάγου,
1487 1201 1566 1226 nec

101 1253 190 1277 non
213 1240 294 1278 alia
312 1239 466 1278 similia
485 1255 536 1279 ex
561 1240 652 1277 aliis
673 1238 916 1277 auctoribus
934 1239 993 1277 ita
1016 1240 1218 1293 exponit,
1254 1254 1360 1293 quae
1382 1242 1454 1280 hic
1474 1258 1565 1281 non

101 1305 314 1348 repetam3
345 1310 441 1335 nam
466 1306 507 1335 et
524 1297 666 1334 Noster
688 1295 816 1333 etiam
841 1295 942 1333 alibi
962 1310 1048 1334 non
1069 1299 1196 1334 semel
1214 1296 1274 1334 sic
1291 1298 1414 1350 loqui
1437 1309 1563 1348 amat,

101 1362 151 1390 ut
165 1353 284 1393 Dial.
302 1353 436 1394 Mort,
456 1353 642 1392 XXVII.
665 1366 726 1403 pr.
744 1350 915 1402 ’'Ava
931 1350 1030 1392 εὐθὺ
1051 1358 1122 1403 τῆς
1143 1352 1326 1394 καθόδου
1347 1355 1566 1408 περιπατή-

102 1422 262 1457 σοντες,
294 1420 399 1447 recta
420 1409 475 1446 acl
490 1409 643 1447 Averni
663 1407 883 1447 descensum
913 1408 1176 1460 ambulaturi,
1208 1410 1283 1448 ubi
1306 1410 1566 1450 Hemsterhu-

99 1466 180 1502 sius
200 1467 283 1517 jam
303 1467 436 1516 plura.
483 1465 646 1504 RmTz.

217 1521 316 1574 Pag.
338 1523 452 1564 68.1.
475 1525 515 1563 7.
547 1518 738 1569 Ἐξιέναι)
771 1521 1080 1574 Rescripsimus
1101 1536 1152 1560 ex
1175 1535 1334 1576 margg.
1357 1525 1566 1579 Ms.Reg.

102 1579 228 1621 2954.
249 1587 290 1616 et
308 1576 390 1617 Ed.
411 1577 467 1619 A.
494 1581 532 1619 1.
561 1577 623 1616 Ψ.
648 1586 848 1616 monente
868 1578 1024 1618 Belino.
1085 1577 1212 1631 Vulg.
1235 1580 1391 1626 ἐξεῖναι.
1424 1582 1522 1620 Bm.

215 1633 318 1673 Εαιῖ.
340 1636 366 1675 l.
391 1640 456 1676 13.
493 1633 613 1682 Τινὸς
633 1638 713 1675 τῶν
741 1637 903 1684 σοφῶν)
933 1634 1175 1688 Epicharmi.
1238 1635 1378 1674 Vertit
1408 1636 1568 1678 Cicero:

102 1692 210 1729 nervi
229 1701 345 1743 atque
367 1701 476 1729 artus
499 1701 587 1729 sunt
604 1693 829 1743 sapientiae,
862 1706 938 1729 non
962 1702 1097 1729 temere
1119 1690 1280 1730 credere.
1314 1692 1439 1745 (Vid.
1454 1694 1570 1735 Suicl.

104 1761 144 1785 v.
169 1750 298 1798 νῆφε)
331 1751 457 1797 Νᾶφε
475 1748 541 1787 καὶ
572 1743 737 1797 μέμνασ’
773 1744 973 1797 άπιστεῖν,
1005 1746 1142 1801 ἄρθρα
1163 1753 1285 1788 ταῦτα
1305 1754 1378 1791 τᾶν
1397 1756 1568 1804 φρενᾶν.

101 1802 275 1855 Laudat
299 1802 422 1841 etiam
446 1802 648 1857 Polybius.
682 1804 849 1844 SOLAN,

216 1858 321 1897 Ibicl.
363 1863 449 1899 Τῶν
470 1860 645 1910 σοφῶν)
676 1859 844 1910 Septem
873 1858 1145 1911 sapientium.
1176 1861 1320 1901 Bnon.
1381 1863 1571 1904 Minime

104 1923 262 1967 septem
286 1916 382 1954 illos
415 1915 655 1968 intelligere
675 1914 719 1954 h.
742 1917 771 1953 1.
798 1915 943 1966 potuit
963 1916 1184 1967 Lueicmus,
1222 1917 1272 1956 de
1302 1919 1454 1972 quibus
1478 1920 1570 1971 ipse

111 1972 240 2011 Diall.
266 1972 420 2011 Mortt.
442 1972 546 2017 XX,
571 1975 610 2014 4.
653 1971 720 2009 An
747 1985 847 2010 vero
867 1972 1148 2024 Epicharmum
1173 1975 1396 2027 quisquam
1423 1975 1571 2014 audie-

103 2028 162 2065 rit
194 2027 240 2064 in
270 2041 415 2066 eorum
446 2041 620 2066 numero
649 2026 836 2066 fuisset&
879 2027 962 2067 Sed
994 2032 1035 2070 οἵ
1060 2032 1185 2081 σοφοὶ
1213 2041 1314 2069 sunt
1343 2031 1570 2085 philosophi

106 2083 308 2130 omniuo,
341 2097 448 2135 quos
469 2085 631 2122 Aeacus
658 2085 876 2122 intellexit
897 2083 1002 2124 ibid.
1029 2089 1065 2134 §-
1087 2091 1126 2129 3.
1158 2087 1415 2139 R‘Ienippum
1440 2088 1570 2126 inter·

103 2152 281 2191 rogans:
315 2137 459 2180 Βούλει
477 2141 540 2181 σοὶ
560 2142 739 2190 ἐπιδείξω
759 2141 828 2181 καὶ
846 2139 943 2189 τούς
963 2142 1140 2195 σοφούςς
1172 2144 1229 2181 Et
1250 2144 1311 2181 sic
1331 2143 1569 2183 sexcenties

100 2194 214 2247 apud
237 2195 475 2235 Lucianum.
506 2196 664 2235 LEHM.

215 2250 320 2291 Ibisl.
355 2254 505 2302 Νῆφε)
534 2252 763 2304 Epicharmi
780 2266 891 2303 esse,
926 2254 1205 2306 adscripserat
1231 2255 1414 2295 Solemus.
1447 2255 1568 2295 Idem

101 2309 185 2361 jam
216 2309 375 2346 fecerat
408 2307 589 2361 Guyetus.
634 2309 798 2347 anrz.
874 2310 1000 2366 Vafii
1024 2311 1132 2350 illius
1163 2312 1291 2351 Siculi
1322 2311 1564 2364 Epicharmi,

103 2363 179 2416 qui
203 2362 402 2412 Ciceroni,
436 2362 549 2418 quod
575 2373 756 2403 testatur
783 2364 836 2404 ad
857 2366 947 2407 Att.
972 2373 1017 2418 1,
1044 2372 1109 2410 19.
1140 2368 1273 2407 crebro
1295 2368 1566 2406 insusurrabat

103 2418 337 2459 cantilenam
357 2420 472 2459 illam
497 2435 631 2460 suam:

106 2530 142 2568 G
324 2480 465 2530 Νῆφε,
489 2477 558 2517 καὶ
575 2474 743 2530 μέμνασ’
763 2472 963 2520 ἀπιστεῖν*
997 2478 1132 2534 ἄρθρα
1151 2484 1272 2521 ταῦτα
1291 2484 1370 2521 τῶν
1390 2483 1562 2535 φρενῶν.

147 2546 240 2573 ESN.

215 2587 317 2628 Eacl.
336 2591 362 2630 l.
377 2593 442 2632 16.
482 2594 572 2637 Τοῖς
593 2591 682 2642 ἑξῆς
702 2589 849 2644 λόγον)
882 2591 993 2630 Aliis
1015 2591 1199 2645 loquendi
1211 2595 1377 2646 copiam.
1413 2594 1558 2633 Bnon.

215 2643 313 2695 Pag.
333 2650 398 2688 69.
424 2649 451 2684 l.
476 2650 515 2690 5.
552 2646 661 2698 Μη)
693 2647 794 2684 Non
815 2648 1022 2686 reveritus
1041 2663 1131 2686 sum
1155 2651 1409 2701 optimarum
1423 2649 1558 2688 Editt.

103 2699 418 2753 auctoritatem,
453 2715 560 2756 quae
582 2719 652 2756 μοι
681 2704 822 2756 ἐξαίρει
842 2717 919 2756 pro
947 2701 1000 2756 μὴ
1021 2705 1071 2754 ἐξ.
1097 2704 1268 2744 habent.
1328 2704 1409 2744 Sed
1429 2706 1558 2744 unius
