1834 3188
409 202 481 251 94

270 313 513 370 Ρ.808.μόν,
545 310 695 365 ὅπὸσος
723 313 867 372 ἑκάστῃ
893 313 1033 365 ἴκανός
1066 316 1194 367 ἔστιν,
1234 312 1559 372 ὑπερεξέπιπτες,
1588 315 1799 376 ἀπομηκύ-

268 399 306 434 p.
319 393 398 436 809.
413 401 498 427 νων
531 383 575 427 τὸ
609 390 771 439 πρᾶγμα
809 386 850 433 ἐς
879 382 1016 438 γενεὰς
1047 382 1251 442 ἅλλας““),
1295 382 1349 435 ὥς
1373 383 1629 444 ὑπερήμερον
1661 393 1800 445 γίγνε-

413 460 511 496 σθαι
528 454 570 509 s)
599 452 770 507 τοῖληθὲς
791 457 866 494 τοῦ
882 451 1050 494 ἑκάστου
1067 456 1173 507 βίου.
1206 459 1395 496 τελευτῶν
1417 452 1457 511 t)
1488 457 1549 508 δὲ,
1581 460 1650 500 καὶ
1676 463 1797 502 τοῦτο

891 216 1297 250 LUCIANI

412 520 511 564 αὐτὸ
532 519 606 565 οὐκ
628 518 919 564 ἀνενδοίαστον
942 516 1185 574 ἀποφαίνεις
1200 552 1210 571 ,
1245 521 1394 576 ἄδηλον
1422 523 1522 567 εἶναι
1543 527 1690 583 λέγων,
1723 530 1798 571 εἷ’τε

412 588 575 646 εὕρηται
592 589 694 647 πρὸς
714 594 794 632 τῶν
813 588 1154 644 φιλοσοφούντων
1181 589 1305 633 πάλαι
1326 593 1372 643 ¹¹)
1405 588 1598 647 τάληθὲς,
1631 598 1705 638 εἴτε
1730 597 1797 638 καὶ

323 1082 381 1124 68

410 657 481 713 μή·

523 732 658 769 ΛΤΚ.
681 728 730 784 ¹)
762 726 824 770 Σῦ
846 729 887 771 δὲ
904 733 1009 779 πῶς,
1037 726 1251 782 Ἑρμότιμε
1271 728 1340 784 1”),
1371 726 1510 772 δύναιο
1531 726 1581 772 ἄν
1599 731 1798 786 ἐπομοσά-

408 812 528 851 μενος
550 799 675 838 εἰπεῖν
696 794 755 838 ὅτι
776 798 820 848 Ζ)
852 794 1013 849 εὕρηται
1031 796 1133 852 πρὸς
1153 795 1312 850 mium,-

524 870 663 907 EPM.
688 867 735 916 a)
762 862 866 921 Ἐγώ
889 866 957 920 μὲν
979 864 1054 908 οὐκ
1075 864 1126 908 ἂν
1148 861 1336 921 ὀμόσαιμι
1358 861 1377 888 ¹³
1392 865 1424 923 ).

522 939 657 976 ΛΥΚ.
679 934 729 982 *Ἴ
769 936 914 975 Καίτοι
941 932 1047 977 πόσα
1073 934 1170 977 ἄλλα
1195 939 1390 991 παρεῖδον
1419 932 1521 979 ἑκών
1550 950 1635 989 σοι,
1670 934 1795 988 ἒξετά·

408 1018 508 1053 σεως
525 1007 681 1057 μακρᾶς
698 1002 766 1043 καὶ
788 1000 890 1044 αὐτὰ
911 1000 1101 1058 δεόμενα,-

521 1077 662 1114 ΕΡΜ
702 1070 755 1112 Τα
778 1076 895 1122 ποῖα,-

1368 1137 1424 1154 ‘ss'

519 1147 656 1184 AYK.
690 1136 775 1180 Ουκ
809 1135 973 1188 ακούεις
998 1158 1079 1182 των
1108 1145 1317 1191 Στωικῶν,
1358 1159 1385 1194 η
1419 1143 1729 1198 Επικουρείων,
1760 1140 1790 1198 ἢ

408 1214 684 1252 Πλατωνικων
705 1206 809 1250 εἶναι
833 1207 1096 1261 φασκόντων,
1129 1227 1222 1259 τους
1244 1209 1338 1263 μὲν,
1371 1211 1513 1251 εἰδέναι
1534 1210 1629 1259 τοὺς
1647 1209 1794 1266 λόγους

449 1352 490 1388 1⁶)
516 1342 680 1390 αλλας]
707 1343 847 1383 πολλας
868 1346 965 1386 conj.
987 1345 1138 1378 Courier.
1153 1343 1199 1377 ad
1213 1345 1302 1378 Luc.
1319 1346 1362 1378 As
1349 1345 1417 1377 in.
1431 1358 1466 1390 p.
1483 1358 1560 1390 234.
1572 1357 1649 1379 non
1670 1346 1795 1391 inepta

497 1392 658 1438 quidem,
681 1403 810 1424 verum
831 1402 908 1423 non
931 1401 1145 1423 necessaria.
1177 1388 1336 1431 Γεννεοὶς
1358 1392 1490 1425 vitiose
1511 1392 1794 1426 Reitz.et}1i110

491 1445 649 1472 reeentt.
698 1439 813 1471 Recte
842 1437 888 1469 ad
917 1437 1129 1480 exemplum
1150 1443 1237 1470 vett.
1256 1439 1350 1470 Edd.
1373 1439 1608 1482 scripserunt
1630 1441 1794 1471 Rei'tzzus

490 1485 608 1519 frater
629 1485 667 1516 in
690 1484 770 1516 Ind.
794 1489 830 1515 et
853 1484 1003 1516 Courim
1023 1482 1046 1515 l.
1069 1482 1094 1515 l.

1146 1485 1188 1525 s)
1215 1484 1501 1528 γίγνεσθαι]
1530 1484 1619 1526 „Sic
1639 1491 1741 1518 recte
1759 1486 1791 1518 J.

493 1532 646 1564 Ceterae
665 1536 701 1562 et
724 1531 776 1562 M.
800 1530 980 1573 γίνεσθαι.
1015 1529 1176 1564 solanus.
1183 1531 1209 1548 “
1258 1532 1291 1572 t)
1317 1532 1579 1572 τελευτῶν]
1605 1530 1665 1563 Sic
1682 1533 1790 1585 szp.

490 1577 607 1612 §clun
629 1578 669 1608 «εἳ
668 1577 725 1621 >21-
747 1577 842 1610 etB.
864 1587 897 1618 5.

946 1574 1127 1618 Reliquae
1146 1574 1334 1611 τελευτῶν.
1372 1577 1428 1610 Cf.
1452 1577 1587 1610 Adnot.

1639 1574 1792 1616 υ)πά-

491 1626 629 1664 λαι],
636 1615 710 1663 ‚S'ic
729 1621 822 1655 Edd.
843 1627 879 1654 et
900 1622 954 1656 M.
976 1621 1122 1663 habere,
1151 1629 1255 1655 notat
1274 1623 1435 1656 ⁴solanus.
1478 1624 1550 1656 Nes
1540 1623 1611 1656 cio
1634 1635 1758 1678 quare.
1765 1625 1790 1643 “

489 1674 534 1710 x)
562 1672 592 1703 Λ
610 1670 696 1704 ΤΚ.
710 1669 723 1710 ]
731 1669 891 1714 „Deest
912 1667 949 1699 in
971 1668 1063 1700 Edd.
1110 1668 1247 1701 Adest
1238 1680 1275 1701 111
1295 1670 1324 1702 J.
1349 1669 1408 1702 W.
1431 1675 1466 1701 et
1487 1671 1523 1702 P.
1530 1671 1551 1688 ‘⁴

491 1714 684 1760 μότιμε]
713 1715 740 1748 a}
767 1711 874 1758 Ερμ.
907 1713 1156 1768 3011.1>'eli.n
1181 1715 1294 1748 Sdzm.

1369 1718 1411 1757 z)
1440 1728 1457 1748 ο
1474 1718 1541 1757 τι]
1568 1672 1668 1748 Itayg
1688 1665 1791 1758 effu?

496 1764 618 1807 (ἅψει.
638 1760 769 1804 scripsi
789 1772 855 1803 pio
877 1760 976 1804 vulg.
1002 1755 1041 1797 5',
1054 1773 1108 1795 τι
1136 1760 1267 1805 quod
1257 1773 1294 1793 m
1315 1762 1356 1795 B.
1376 1773 1409 1805 5.
1429 1759 1603 1806 legitur
1591 1759 1612 1797 ό
1631 1775 1676 1797 τι.
1705 1762 1787 1796 Vid.

487 1809 626 1843 Adnot

489 1861 601 1887 natur
620 1854 741 1887 solitis
759 1853 955 1897 punct1s.“

489 1900 567 1935 ritu
583 1902 622 1933 in
642 1900 830 1945 plerisque
846 1905 934 1932 vett.
955 1898 1050 1932 Edd.

396 2046 478 2087 que
499 2043 626 2072 sectae
648 2031 855 2082 sufficiat,
887 2029 1060 2069 modum

395 2103 561 2129 omnem
601 2088 852 2138 excessisti,
900 2086 1059 2140 produ-

395 2155 465 2184 cto
487 2146 529 2183 in
550 2146 653 2184 alias
673 2146 968 2199 generationes
987 2158 1058 2182 ne-

392 2202 542 2257 gotio,
576 2212 623 2239 ut
649 2202 754 2241 adeo
784 2211 881 2252 post
910 2200 1057 2238 termi-

389 2272 493 2296 num
534 2259 648 2298 vitae
686 2258 950 2312 singulorum
985 2271 1056 2296 ve-

388 2315 483 2353 niat
503 2314 668 2354 demum
690 2315 859 2354 veritas.
917 2313 1055 2351 Deni-

387 2386 469 2424 que
499 2385 599 2411 vero
634 2370 677 2409 id
714 2371 850 2423 ipsum
884 2383 1054 2423 quoque

389 2427 664 2466 dubitatione
695 2441 781 2466 non
804 2440 1056 2480 usquequa—

389 2496 471 2536 que
516 2484 696 2523 liberum
737 2498 826 2523 esse
859 2497 1052 2535 pronun-

386 2539 494 2588 tias,
541 2541 614 2592 qui
649 2540 791 2591 dicas,
827 2539 1050 2579 obscurum

388 2608 504 2644 esse,
540 2596 772 2635 inventane
804 2597 861 2635 sit
893 2597 994 2635 olim
1027 2610 1050 2634 a

385 2650 658 2711 philosophis
690 2654 865 2704 veritas,
898 2666 1048 2694 necne.

440 2762 540 2818 Lyc.
570 2763 630 2802 At
653 2772 722 2816 tu,
756 2763 1044 2816 Hermotime,

683 1808 724 1849 a)
752 1809 783 1840 E
800 1807 918 1849 PM]
946 1806 1113 1848 „Deest
1102 1818 1141 1838 m
1164 1807 1256 1841 Edd.

1017 1853 1066 1896 b)
1102 1851 1371 1897 ὀμόσαιμι]
1400 1850 1581 1896 ὀμόσαιμι
1599 1853 1694 1887 falso
1715 1855 1789 1900 spi-

1307 1808 1446 1841 Adest
1437 1820 1474 1841 in
1496 1809 1551 1840 M.
1572 1808 1594 1840 1'.
1615 1820 1645 1844 e,
1669 1808 1791 1853 desig-

1114 1902 1156 1943 *)
1183 1903 1385 1943 AYKU]
1391 1902 1515 1936 Deest
1531 1900 1571 1933 in
1593 1901 1688 1933 Edd.
1693 1902 1718 1920 ‘⁶

1120 2044 1220 2070 num
1255 2030 1394 2084 possis
1425 2033 1586 2083 juratus
1622 2029 1784 2083 dicere,

1120 2101 1207 2126 eam
1234 2088 1448 2127 inventam
1472 2087 1521 2125 ab
1546 2086 1631 2126 illis
1655 2089 1781 2128 esse?

1175 2144 1313 2184 Herm
1353 2143 1565 2198 Equidem
1599 2159 1686 2183 non
1717 2148 1783 2199 ju·

1115 2201 1308 2242 raverim

1170 2258 1273 2313 Lyc.
1317 2258 1453 2312 Quam
1489 2260 1620 2297 multa
1652 2258 1780 2298 etiam

1114 2314 1375 2366 praetervidi
1430 2313 1511 2353 tibi
1567 2313 1775 2366 prudens,

1115 2371 1308 2409 examine
1335 2374 1465 2425 longo
1489 2384 1595 2424 quae
1620 2380 1662 2410 et
1686 2371 1776 2424 ipsa

1116 2441 1223 2480 opus
1244 2427 1461 2465 habeant?

1167 2484 1304 2523 Hem.
1337 2482 1490 2536 Quae?

1167 2540 1268 2594 Lyc.
1314 2539 1472 2578 Nonne
1509 2539 1655 2591 audis,
1700 2543 1774 2596 qui

1109 2610 1152 2636 se
1182 2596 1374 2645 Stoicos,
1407 2604 1481 2633 aut
1509 2597 1770 2649 Epicureos,

1109 2661 1182 2690 aut
1205 2651 1450 2690 Platonicos
1478 2666 1565 2692 esse
1599 2653 1770 2703 dicant,

1107 2722 1250 2747 eorum
1277 2708 1429 2760 partim
1448 2709 1556 2748 scire
1580 2710 1769 2749 rationes

1106 2763 1318 2819 singulas,
1381 2765 1488 2804 alios
1523 2779 1610 2805 non
1641 2765 1766 2816 item,
1827 2784 1828 2789 ¹
