1834 3188
274 258 376 306 630
629 261 1388 301 'ADNOTATIONES

387 367 490 409 Ead.
509 370 537 410 l.
562 371 628 411 11.
647 364 818 420 ’'Eqmv)
850 365 922 406 Sic
952 379 1029 420 pro
1057 365 1151 420 ἕχην
1180 365 1225 404 in
1255 366 1391 406 Amst.
1414 363 1496 405 Ed.
1521 365 1744 420 corrigen-

277 425 377 468 dum
409 439 498 466 esse
518 433 744 464 monuerat
771 422 839 462 La
866 421 1005 473 Croze,
1035 422 1164 478 idque
1192 425 1261 462 vel
1289 437 1341 461 ex
1376 421 1599 471 versione,
1631 436 1742 476 quae

276 492 439 532 tamen,
479 492 522 521 ut
547 480 659 530 dixi,
700 478 908 530 habebat,
949 478 1078 518 facile
1114 489 1205 519 erat
1233 478 1390 522 videre.
1456 477 1569 520 Edd.
1599 489 1741 518 autem

273 538 437 593 priores
462 536 569 577 illud
589 538 695 590 ἔφην
711 539 793 590 jam
817 546 929 576 recte
950 535 1145 578 habuere.
1184 536 1350 577 Rmrrz.

388 594 486 648 Pag-
519 596 676 638 223-1.
709 598 748 636 2.
799 590 885 644 Μὴ
929 590 1299 644 διακεκόφθαι
1326 617 1384 626 --
1412 589 1573 647 ι’)ἷκρα]
1616 592 1744 632 Com-

274 648 447 691 mendat
464 650 669 690 Lucianus
690 648 913 688 historicis
930 648 1065 700 idem,
1100 648 1217 703 quod
1241 649 1439 689 Horatius
1460 663 1485 688 a
1510 649 1649 703 poe'tis
1668 662 1745 702 po-

273 707 475 747 stulavit:
513 708 691 761 Denique
715 708 768 745 sit
798 705 963 761 quodvis
989 705 1163 761 simpleae
1192 704 1393 746 duntaxat
1422 716 1459 746 et
1494 722 1626 746 unum.
1685 705 1746 744 Et

273 766 489 817 praeclare
520 762 715 818 quidem:
755 762 801 801 in
834 761 914 801 hac
945 763 1057 802 enim
1087 763 1280 814 unitate,
1320 762 1374 801 ad
1405 776 1532 817 quam
1562 761 1746 802 varietas

272 819 458 858 maxima
491 818 743 870 adducitur,
774 818 917 872 posita
947 827 1010 859 est
1041 818 1180 858 omnis
1212 820 1472 872 praestantia
1504 818 1674 873 operis,
1705 817 1745 856 si

273 875 552 918 aestheticam
574 875 787 915 rationem
816 885 992 928 spectes,
1023 876 1146 915 Run.
1208 875 1323 917 Κατᾶ
1345 873 1392 917 τὰ
1413 874 1541 930 ἄκρα,
1573 874 1653 915 int.
1675 874 1747 927 με’-

274 949 342 987 ρη,
404 932 471 972 Cf.
491 931 683 986 Lexiph.
707 946 742 971 c.
767 936 831 975 11.
852 940 959 972 extr.
1019 933 1093 972 De
1115 931 1258 987 ellipsi
1289 942 1430 973 autem
1463 934 1559 988 ipsa
1580 930 1746 989 Schaqf.

273 988 330 1028 ad
349 988 401 1029 L.
422 989 506 1029 Bos
524 1004 565 1042 p.
587 993 686 1034 287.
717 988 875 1027 Lssum,
1235 1018 1237 1021 .

389 1045 494 1086 Ead.
520 1050 549 1085 l.
571 1050 612 1090 5.
651 1042 802 1099 Τάχος)
839 1043 1001 1098 Micyll.
1032 1044 1212 1086 brevitas.
1267 1045 1382 1086 Gesn.
1414 1045 1615 1097 celeritas,
1647 1059 1748 1099 pro-

275 1101 376 1157 pius
399 1101 452 1140 ad
473 1103 704 1152 Graecum,
738 1114 992 1156 quamquam
1018 1100 1063 1143 τὸ
1092 1104 1211 1155 τάχος
1236 1111 1466 1156 utrumque
1499 1101 1747 1155 complecti-

276 1168 369 1198 tur:
412 1158 673 1214 intelligitur
704 1157 819 1197 enim
849 1157 924 1195 illa
955 1158 1205 1207 festinatio,
1239 1172 1322 1212 qua
1354 1173 1418 1198 res
1450 1159 1630 1198 minoris
1655 1172 1749 1196 mo·-

274 1214 412 1254 menti
446 1214 587 1254 obiter
614 1224 860 1269 tangentes,
900 1222 943 1253 et
983 1214 1287 1254 verbositatem
1320 1215 1531 1264 vitantes,
1572 1213 1625 1253 ad
1655 1214 1749 1266 ipsa

276 1271 391 1310 facta
410 1269 619 1310 historica
637 1284 937 1324 properamus,
971 1269 1088 1325 quod
1111 1271 1201 1324 ipse
1220 1271 1402 1324 exponit
1422 1286 1455 1313 c.
1479 1275 1548 1316 57.
1568 1271 1601 1311 f.
1643 1269 1747 1323 Cap.

277 1341 380 1368 vero
399 1330 469 1371 59.
490 1334 620 1382 ταχεῖς
637 1329 795 1370 ἔπαινοι
814 1336 855 1366 et
874 1325 1012 1382 ψόγοι,
1038 1326 1165 1367 breves
1189 1338 1301 1367 certe
1322 1327 1554 1381 significat.
1581 1328 1749 1368 Pir-:rrz-

389 1383 493 1426 Ead.
514 1387 543 1427 l.
570 1390 637 1430 13.
681 1385 917 1436 Σαπέρδη
931 1385 983 1437 ν]
1016 1385 1229 1438 Σαπέρδης
1263 1383 1390 1437 ὄνομα
1421 1381 1589 1438 ἰχθύος,
1621 1386 1662 1425 οἱ
1684 1383 1746 1434 δὲ,

277 1442 443 1495 ταρίχου
471 1439 586 1490 εἶδος.
630 1438 763 1491 ἄλλοι,
795 1437 876 1482 ὖπό
913 1446 1130 1482 Ποντικῶν
1153 1439 1223 1482 τόν
1244 1443 1438 1494 καρκίνον
1472 1444 1545 1490 (al.
1569 1439 1754 1480 suadent

278 1508 395 1537 recte
422 1497 666 1553 κορακῖνον)
697 1495 831 1552 ἰχθύν.
891 1496 1063 1553 Hesych.
1105 1497 1355 1538 Pertinebat
1387 1506 1498 1537 certe
1523 1512 1545 1537 e
1575 1497 1752 1536 Luciam·

280 1555 495 1593 sententia
517 1553 572 1593 ad
593 1554 699 1594 vilia
730 1553 923 1593 ciborum
946 1568 1124 1607 genera,
1156 1553 1201 1592 in
1224 1553 1380 1606 quibus
1403 1552 1584 1593 eundern
1606 1552 1755 1590 nomi-

280 1619 356 1647 nat
388 1609 497 1650 Gall.
526 1624 559 1652 e.
578 1616 647 1654 22·
683 1610 802 1649 Dial.
825 1610 1002 1652 Meretr.
1025 1610 1146 1649 XIV.
1207 1610 1276 1648 Cf.
1304 1610 1604 1649 Arclzestraium
1637 1607 1754 1660 apud.

278 1665 529 1762 ῗίἦεηαειιηι
549 1666 745 1708 Lib.III.
768 1680 812 1720 P.
826 1670 919 1709 117.
939 1665 992 1707 Α.
1023 1666 1145 1707 RUD.
1205 1664 1307 1707 Vid.
1325 1666 1483 1706 Albert.
1504 1665 1556 1706 ad
1575 1663 1752 1720 Hesyck.

326 1737 442 1763 1:11M.

395 1779 499 1832 Pag.
521 1781 616 1823 224.
640 1781 668 1818 1.
690 1782 731 1824 4.
759 1776 975 1833 “Ὀμηρος)
1006 1778 1168 1834 Tangit
1192 1776 1272 1818 hos
1303 1776 1475 1831 quidem
1505 1777 1702 1819 Homerus
1721 1781 1752 1818 1.

280 1848 318 1874 c.
349 1835 433 1874 Sed
456 1850 581 1889 quam
601 1834 764 1877 sobrie!
796 1835 933 1890 Atqui
953 1835 1058 1875 haec
1080 1835 1174 1888 ipsa
1193 1844 1333 1878 tamen
1355 1843 1499 1872 notam
1513 1834 1755 1874 Aristarchi

282 1891 471 1945 effugere
496 1906 583 1931 non
604 1901 863 1945 potuerunt,
897 1891 971 1947 qui
989 1891 1124 1932 notha
1145 1905 1192 1932 ea
1216 1890 1495 1944 pronuntiare
1522 1905 1650 1930 ausus
1676 1900 1751 1931 est.

282 1946 384 1987 Vid.
407 1947 541 1990 Schol.
564 1948 734 1989 Pindari
754 1947 807 1988 ad
840 1948 912 1990 Ol.
931 1949 966 1991 I.
988 1963 1030 2002 p.
1053 1964 1107 1987 m.
1133 1953 1199 1993 13.
1223 1948 1276 1987 A.
1338 1946 1406 1986 Cf.
1429 1947 1594 1987 Homer.
1616 1949 1668 1988 Il.
1687 1952 1754 1998 A,

283 2006 382 2052 575.
422 2005 593 2049 somn.

398 2061 552 2102 Ead.1.
576 2067 615 2107 6.
650 2060 908 2116 Παρθένιος)
941 2061 1013 2100 De
1043 2059 1129 2099 '100
1159 2069 1201 2099 et
1229 2068 1435 2114 sequente
1466 2059 1755 2113 Euphorione

285 2118 444 2159 Sueten.
467 2118 564 2162 Tib,
589 2133 624 2158 c.
648 2124 718 2163 70.
761 2120 894 2158 Poeta
920 2127 961 2158 et
984 2116 1238 2167 historicus,
1272 2121 1338 2168 (v.
1367 2116 1484 2156 Voss.
1501 2116 1571 2166 II,
1595 2117 1661 2169 1.)
1683 2131 1757 2155 cu.

286 2177 354 2228 jus
383 2174 491 2214 liber
515 2176 607 2229 περὶ
636 2176 838 2229 ἐρωτικῶν
867 2172 1120 2227 παθημάτων
1148 2172 1364 2227 hodieque
1396 2182 1558 2222 exstat,
1593 2172 1638 2211 in
1668 2186 1755 2227 quo

287 2230 617 2283 Euphorionem
640 2231 872 2285 aliquoties
901 2230 1060 2270 laudat.
1091 2231 1260 2271 SOLAN.
1306 2230 1391 2269 *De
1411 2228 1642 2268 Parthenio
1665 2229 1755 2272 vid.

287 2287 448 2329 Fabi-ic.
467 2288 578 2330 Bibl.
603 2288 675 2327 Gr.
696 2286 793 2329 Lib.
817 2287 901 2329 ΙΙΙ,
925 2301 959 2327 e.
978 2292 1045 2330 27.
1065 2286 1162 2329 Vol.
1180 2288 1239 2326 ΙΙ.
1264 2288 1416 2340 Ρ.675.
1438 2285 1488 2325 de
1508 2284 1756 2339 Euphorio-

287 2356 367 2393 ne,
401 2358 524 2398 quem
559 2343 640 2386 Cic.
671 2346 797 2383 Tusc.
824 2343 917 2390 III,
948 2348 1014 2387 19.
1045 2352 1365 2391 commemorat,
1399 2341 1469 2380 adi
1498 2341 1668 2385 casaub.
1700 2339 1754 2380 ad

290 2399 396 2441 Suet.
416 2400 514 2442 Tib.
537 2414 572 2441 c.
589 2406 658 2445 70.
682 2409 726 2441 et
749 2398 921 2440 Salmas.
943 2399 995 2439 ad
1020 2399 1144 2439 Solin.
1166 2415 1208 2452 p.
1229 2404 1325 2443 601.
1348 2398 1390 2437 b.
1423 2399 1583 2440 LEHM.

403 2455 507 2499 Eacl.
537 2460 565 2498 1.
592 2462 631 2501 7.
676 2453 927 2511 Εὐφορίων)
970 2455 1291 2507 Chalcidensis,
1339 2454 1391 2493 de
1422 2469 1507 2508 quo
1536 2452 1684 2494 Suidas
1710 2462 1755 2494 et

292 2510 412 2553 Voss.
435 2512 485 2554 de
512 2513 664 2556 histor.
689 2513 764 2556 Gr.
787 2514 825 2565 Ι,
852 2518 917 2558 16.
963 2523 1052 2554 erat
1080 2512 1193 2552 enim
1215 2522 1258 2553 et
1277 2516 1407 2566 poeta
1430 2521 1473 2550 et
1502 2509 1750 2551 historicus.

291 2568 463 2610 SoLAN.

404 2625 508 2670 Ῑόἰτῖ.
541 2625 814 2680 Καλλίμαχος)
845 2627 916 2664 De
942 2624 1211 2675 Callimacho,
1243 2639 1365 2678 quem
1385 2622 1516 2663 hodie
1534 2621 1752 2675 habemus,

292 2692 378 2719 non
401 2693 525 2733 putat
541 2682 869 2739 intelligendum
891 2681 962 2720 hic
981 2682 1187 2721 Nostrum
1207 2681 1276 2723 ΕΖ.
1292 2680 1442 2735 Spanh.
1462 2678 1529 2719 vir
1547 2677 1598 2719 de
1617 2680 1756 2723 literis

293 2745 336 2774 et
359 2735 417 2777 de
430 2739 538 2792 Rep.
565 2739 726 2792 optime
752 2740 951 2789 meritus,
983 2739 1056 2790 (in
1077 2739 1237 2791 Hymn.
1265 2738 1346 2789 Ap.
1369 2737 1400 2776 f.
1422 2737 1545 2786 112.)
1573 2735 1646 2775 sed
1666 2736 1753 2774 for-

292 2800 336 2831 te
369 2790 420 2833 de
440 2796 573 2834 altero
595 2795 767 2849 juniore
794 2808 816 2834 e
839 2808 985 2839 sorore
1016 2798 1107 2847 ejus
1128 2803 1252 2841 nat03
1288 2805 1541 2847 quamquam
1571 2792 1754 2835 fateatur
