1834 3188
393 162 445 214 ιη’
482 184 721 221 Quomono
762 185 990 215 rnsroam
1033 185 1106 214 si‘r
1142 185 1338 217 consen.
1486 174 1585 223 547

131 282 303 322 videtur
330 295 563 321 consonare
587 282 669 321 toti
693 280 1040 328 ratiocinationi,
1073 293 1115 322 et
1147 283 1309 322 aberrat
1330 284 1380 322 ab
1400 287 1585 326 auctoris

133 353 281 392 scopo.
341 337 445 377 Ideo
468 353 552 377 non
585 338 799 407 suspicor,
832 337 905 377 sed
930 312 1165 379 firmissime
1184 340 1330 391 credo,
1362 341 1585 382 Lucianum

132 396 351 448 scripsisse
379 390 497 436 ουδὲν
516 393 684 436 κωλύσει
707 412 732 447 ἠ
761 390 834 446 ἀφ’
856 391 1102 447 Ηρακλέους
1122 398 1320 450 γενέσθαι,
1353 397 1466 450 quod
1491 401 1585 451 qui-

135 452 227 490 dam
248 466 336 491 non
361 451 672 505 intelligentes,
706 461 746 490 et
769 460 988 500 putantes,
1023 451 1173 491 debere
1198 453 1408 506 intelligi,
1442 454 1584 492 Nico-

134 518 310 547 stratum
338 522 359 547 e
388 508 583 560 prosapia
617 506 809 546 Herculis
839 517 880 546 et
909 519 1104 546 octavum
1136 509 1185 546 ab
1221 509 1404 549 Hercule
1433 510 1579 561 fuisse,

135 564 249 618 quod
272 574 356 613 est,
390 564 617 617 trinepotis
648 563 802 612 filium,
835 573 876 602 et
896 563 1112 614 videntes,
1145 564 1186 602 id
1212 565 1474 618 impossibile
1494 581 1582 606 esse

134 636 185 660 ex
209 622 373 660 ratione
404 619 625 672 temporis,
653 619 819 659 literam
847 623 1100 659 numeralem
1126 620 1162 672 η’
1194 626 1470 661 sustuna-,unt
1533 625 1589 662 At

135 675 282 730 ὀγδόου
301 674 377 727 αφ’
388 674 635 729 Ηρακλέους
654 690 740 714 non
764 674 815 713 de
837 675 970 729 stirpe
990 677 1326 732 intelligendum,
1355 679 1472 730 quasi
1499 680 1587 717 sue-

132 735 192 772 rit
224 734 296 773 ille
328 734 596 773 Nicostratus
626 730 894 781 Heraclides,
938 732 1008 771 sed
1044 732 1094 771 de
1124 734 1273 773 ordine
1304 749 1468 782 eorum
1512 737 1586 787 qui

132 792 273 830 luctae
306 799 348 829 et
378 789 588 842 pancratii
623 790 800 841 palmam
834 789 962 826 simul
989 787 1130 828 eadem
1164 800 1480 842 reportaverant
1503 791 1584 840 die,

135 860 314 898 quorum
340 846 499 898 primus
529 853 772 883 numeratur
792 843 1003 892 Hercules,
1039 846 1246 885 secundus
1270 846 1419 899 Caprus
1440 847 1584 900 ElejuS,

135 902 187 942 de
210 917 293 956 quo
313 904 394 955 jam
427 915 552 953 supra
579 899 631 938 ad
657 900 928 939 Pausanmm
918 915 961 938 m
990 902 1178 940 Heliacis
1203 917 1240 952 Ρ.
1267 908 1357 945 170
1383 902 1586 950 diximus,

131 958 281 997 tertius
311 959 578 997 Aristomenes
606 956 809 1006 Rhodius,
843 967 1015 1011 quartus
1050 957 1314 1011 Protoplzanes
1346 959 1589 1011 IiIagnesius,

133 1015 308 1067 quintus
335 1014 498 1053 Straton
525 1013 853 1062 Alexandrinus,
888 1023 1030 1054 sextus
1061 1015 1249 1054 Mat-loon
1270 1015 1588 1062 Alcmandrinus,

130 1071 334 1123 septimus
355 1071 536 1109 Aristeas
558 1070 878 1114 Stratonicensis,
912 1079 1084 1110 octavus
1098 1072 1346 1110 Nicostratus
1367 1070 1479 1112 Cilisc
1498 1073 1591 1110 Ae-

128 1137 307 1181 gaeates,
341 1125 392 1165 de
414 1140 499 1179 quo
521 1126 592 1165 hic
610 1127 800 1181 loquitur
818 1127 1041 1175 Lucianus‚
1075 1129 1144 1180 qui
1168 1131 1321 1166 luctam
1352 1139 1391 1167 et
1419 1142 1589 1178 pancra-

82 1184 85 1187 ’
134 1185 241 1222 tium
270 1182 378 1222 vicit
406 1182 662 1234 Olympiade
691 1187 785 1225 204.
819 1196 940 1235 quem
979 1184 1104 1222 etiam
1136 1193 1338 1222 memorat
1366 1184 1591 1223 Pausanias

132 1240 301 1280 Heliae.
325 1245 361 1282 1.
403 1240 459 1277 Et
483 1253 535 1277 ex
556 1236 752 1277 hocloco
773 1247 813 1277 et
833 1239 1036 1278 Pausania
1061 1239 1334 1293 corrigendus
1357 1250 1418 1279 est
1442 1240 1589 1289 Olym-

134 1296 400 1350 pionicarum
428 1297 642 1348 catalogus
674 1310 694 1333 a
721 1295 801 1334 Jos.
826 1295 1028 1348 Scaliger-o
1053 1295 1316 1348 publicatus,
1349 1296 1422 1333 ubi
1448 1296 1591 1335 Samis

133 1362 333 1402 vocatur,
358 1355 475 1390 male.
525 1351 654 1389 Error
676 1361 797 1389 natus
816 1366 866 1390 ex
891 1366 963 1401 ee,
991 1351 1103 1406 quod
1131 1353 1242 1393 forte
1262 1353 1398 1392 literis
1422 1352 1590 1404 fugien-

135 1410 249 1448 tibus
270 1409 490 1462 legebatur
517 1406 761 1461 παγκράτιον
783 1409 849 1450 καὶ
875 1405 996 1450 πάλιν
1016 1426 1082 1450 νικ
1113 1424 1252 1460 στοας,
1284 1407 1398 1447 unde
1423 1407 1593 1446 divina-

136 1467 201 1504 vit
227 1465 461 1517 exscriptor
483 1466 608 1506 νίκων
630 1479 797 1514 στρατις.
859 1463 964 1504 Cum
995 1479 1095 1518 ergo
1118 1466 1388 1504 Nicostratus
1411 1465 1481 1502 ille
1510 1464 1594 1501 vic-

134 1532 203 1562 tor
223 1521 491 1560 renuntiatus
513 1521 645 1560 fuerit
668 1520 839 1573 Olymp.
862 1526 956 1564 204.
980 1535 1002 1560 a
1022 1523 1146 1573 Troja
1169 1536 1268 1561 vero
1293 1530 1412 1574 capta
1436 1519 1485 1558 ad
1512 1520 1594 1568 pri-

135 1593 243 1617 mam
268 1577 565 1630 Olympiadem
599 1588 874 1617 numerentur
897 1578 998 1616 anni
1023 1577 1322 1631 quadringenti
1346 1586 1442 1615 octo
1465 1577 1595 1613 circi-

137 1646 222 1685 ter,
255 1636 458 1673 Hercules
491 1648 590 1673 vero
615 1634 772 1673 vixerit
804 1644 902 1674 ante
920 1636 1088 1686 Trojam
1121 1646 1283 1686 captam
1320 1647 1403 1671 una
1427 1647 1596 1685 genera-

138 1693 260 1730 tione
280 1690 330 1729 ad
348 1690 511 1741 minus,
533 1690 803 1729 manifestum
826 1700 913 1741 est,
939 1691 1229 1730 Nicostratum
1253 1690 1371 1728 illum
1394 1703 1477 1727 non
1505 1702 1596 1740 pos·

141 1762 183 1787 se
211 1746 419 1786 numerari
454 1756 650 1784 octavum
683 1746 733 1785 ab
770 1748 953 1786 Hercule
993 1746 1224 1785 secundum
1255 1745 1597 1800 generationem:

141 1819 236 1842 nam
271 1801 531 1841 numerando
561 1802 736 1856 triginta
777 1818 909 1842 annos
942 1804 984 1840 in
1018 1816 1274 1855 unaquaque
1307 1801 1595 1854 generatione,

142 1871 191 1899 ut
219 1862 374 1898 volunt
408 1856 699 1911 Chronologi,
735 1859 806 1896 vix
835 1857 1078 1897 sufficerent
1112 1859 1392 1926 quadraginta
1424 1871 1599 1909 genera-

145 1917 299 1956 tiones.
338 1916 490 1968 Itaque
512 1929 609 1953 vero
634 1915 775 1953 verius
795 1925 856 1954 est
879 1915 1026 1954 debere
1047 1917 1154 1978 legi,
1187 1933 1212 1966 η
1245 1910 1322 1965 ἀφ’
1337 1911 1509 1966 ιἨρακλέ
1515 1928 1597 1960 ους,

143 1982 184 2012 et
208 1971 392 2025 intelligi
417 1985 502 2010 non
528 1970 578 2008 de
600 1971 794 2021 stirpe‚s
777 1971 848 2010 sed
869 1971 920 2010 de
940 1972 1131 2009 victoriis
1157 1969 1419 2022 Olympiacis
1444 1971 1595 2016 luctae,

144 2040 186 2068 et
205 2027 430 2081 pancratii.
461 2028 611 2066 PALM.
671 2028 718 2067 Si
752 2042 929 2067 cuvnon
963 2027 1195 2066 satisfaciat
1223 2026 1474 2066 Palmeriana
1501 2038 1598 2061 con·

141 2088 326 2138 jectura,
360 2083 492 2133 (mihi
520 2083 689 2136 quidem
715 2085 815 2124 satis
845 2094 965 2123 tanto
991 2084 1128 2122 minus
1160 2084 1287 2129 facit,
1322 2081 1435 2134 quod
1473 2079 1597 2116 vi‹l‹o

144 2141 278 2179 Verae
303 2140 412 2181 Hist.
435 2140 509 2179 lib.
531 2146 568 2182 :2
596 2155 627 2181 c.
651 2147 718 2184 22.
749 2141 945 2180 similiter
978 2140 1135 2178 dixisse
1158 2141 1383 2184 Nostrum,
1420 2131 1598 2185 Κᾶωοςό

145 2192 224 2248 ἀφ’
241 2195 528 2249 -““Ηρακλεόυς)
563 2196 633 2235 ille
668 2198 848 2247 cogitet,
882 2213 931 2235 an
967 2212 1051 2234 non
1082 2196 1163 2234 huc
1185 2194 1426 2234 1Ηεῗειεηᾶιι5
1449 2194 1501 2230 sit
1527 2190 1598 2230 ille

144 2255 441 2322 Nicostratus,
477 2252 526 2290 de
557 2265 664 2304 quo
664 2253 784 2293 Diod.
807 2254 888 2293 Sic.
909 2253 1034 2302 XVI
1058 2259 1125 2296 44.
1157 2268 1194 2305 Ρ.
1219 2258 1312 2295 533
1341 2245 1527 2302 Stepli.”

148 2309 223 2366 γὰο
245 2327 264 2350 ο
283 2306 386 2361 ἆνηο
413 2309 529 2356 οὑτος
549 2305 702 2361 α’[ἀθός
725 2311 789 2349 καὶ
809 2307 953 2363 πραξαι
976 2312 1044 2350 καὶ
1065 2308 1383 2378 βουλεύσασθαρῖι
1415 2252 1599 2358 μεμιμΗιέ-

151 2385 226 2419 νην
247 2367 343 2418 ἔχων
365 2382 410 2419 τη
430 2379 606 2417 φοονησε
611 2382 623 2404 ι
642 2369 800 2416 μανίαν
868 2371 923 2423 Tu]
945 2365 1017 2420 ’ἂρ
1042 2370 1112 2406 τοῦ
1133 2380 1311 2416 σωιιατος
1331 2361 1441 2417 ῥωιιῃ
1464 2360 1598 2411 διαφέ-

153 2441 235 2474 ρων
257 2425 380 2475 ἐμίιιει
401 2421 469 2461 τὸν
494 2418 696 2474 Ηρακλέα
727 2419 904 2470 κατᾶτὰς
924 2426 1146 2476 στρατείας,
1177 2423 1244 2462 καὶ
1262 2424 1426 2471 λεοντῆν
1447 2418 1519 2470 ἐςοιζ
1514 2435 1600 2471 ρει,

151 2499 218 2523 και
241 2478 418 2548 ῥὸπα)ον
439 2479 480 2518 ἐν
498 2483 581 2524 ταῖς
603 2495 753 2530 fwjmss'·
789 2480 924 2517 Gnsx.

264 2535 366 2575 Ibicl.
395 2531 486 2585 Ἀφ’
513 2532 786 2585 Ηρακλέηυς)
818 2537 957 2572 Docta
990 2544 1051 2573 est
1083 2547 1181 2572 sane
1212 2543 1252 2572 et
1275 2543 1393 2570 acuta
1417 2530 1604 2571 Polme-rii

155 2596 420 2645 conjectura;
455 2589 527 2628 sed
548 2590 655 2627 nihil
679 2602 813 2629 tamen
840 2591 1101 2628 mutandum.
1145 2591 1292 2642 Neque
1317 2590 1424 2627 enim
1448 2589 1494 2625 ad
1520 2602 1600 2626 mm

155 2651 377 2702 quicquam
401 2647 524 2696 facit,
558 2655 710 2700 quoius
733 2646 881 2685 ordine
902 2648 1170 2685 Nicostratus
1192 2647 1240 2683 ab
1257 2647 1436 2684 Hercule
1463 2645 1603 2681 luerit.

154 2706 223 2745 De
243 2705 323 2744 hoc
344 2678 588 2743 Nicostr’ato
613 2717 650 2742 v.
676 2702 778 2742 Plut
797 2708 890 2747 494.
916 2704 946 2742 f.
970 2707 1063 2745 949.
1083 2704 1130 2741 G.
1162 2702 1308 2797 (fillius
1333 2702 1443 2740 isest
1470 2701 1517 2739 ab
1541 2713 1604 2745 eo,

1166 2773 1177 2797 1
1238 2763 1336 2801 1112
