1776 3207
341 529 1215 595 EPMOTIMOE

1493 512 1614 559 Reitz.

1501 572 1548 605 T.
1580 571 1612 606 I.

216 655 284 704 H
345 651 634 700 ΠΕΡΙ
694 636 1331 698 ΑΙΡΕΣΕΩΝ.
1479 627 1611 664 ww-

169 842 318 890 Argum.
367 845 439 879 Per
469 842 572 878 hunc
602 852 689 877 vere
716 841 948 876 Socraticum
974 840 1168 886 dialogum
1192 838 1473 882 Hermotimus,

82 902 149 948 qui
165 903 238 944 jam
260 913 327 946 per
345 901 480 947 viginti
497 901 665 945 integros
688 912 806 934 annos
826 907 949 935 castra
979 900 1196 934 Stoicorum
1224 904 1385 931 sectatus
1418 895 1476 929 ni-

79 959 137 994 hil
154 960 233 993 fere
249 959 287 992 in
308 959 547 1003 philosophia
568 959 801 1004 profecerat,
827 970 848 992 a
867 958 1036 1003 Lycino,
1062 957 1086 994 1'.
1112 968 1142 990 e.
1164 955 1356 999 Luciano,
1383 952 1478 987 ami-

83 1030 129 1052 co
150 1017 376 1063 procedente
405 1028 578 1051 sermone
605 1017 805 1062 paullatim
834 1028 876 1050 eo
893 1016 1097 1061 redigitur,
1124 1022 1166 1049 ut
1185 1016 1369 1055 fateatur,
1398 1022 1480 1044 om-

80 1076 174 1110 nino
193 1081 379 1108 sectarum
402 1074 568 1108 studium
589 1086 731 1109 vanum
755 1086 832 1108 esse
852 1081 887 1107 et
905 1075 1040 1109 inutile
1063 1074 1109 1107 ad
1128 1073 1163 1106 id
1178 1098 1187 1115 ,
1216 1070 1315 1117 quod
1347 1079 1478 1103 verum

78 1135 149 1177 sit,
185 1139 223 1166 et
253 1132 473 1176 honestum,
507 1132 793 1165 inveniendum:
827 1132 995 1177 primum
1029 1132 1129 1165 enim
1160 1131 1200 1164 in
1229 1129 1330 1162 hunc
1362 1127 1479 1159 finem

81 1203 177 1237 opus
196 1201 293 1232 esse,
320 1198 362 1224 ut
383 1202 512 1224 omnes
535 1196 656 1223 sectae
675 1196 850 1223 accurate
873 1196 1174 1235 cognoscantur,
1202 1197 1275 1231 quo
1290 1184 1480 1229 ‘optimam

79 1250 218 1296 eligere
235 1249 354 1294 possis
371 1249 490 1289 viam;
516 1259 647 1281 verum
665 1247 710 1280 ad
730 1248 768 1280 id
786 1248 1030 1282 efficiendum
1053 1252 1203 1280 tantum
1222 1241 1362 1288 requiri
1380 1247 1481 1273 tem-

79 1308 203 1354 poris,
242 1311 284 1339 ut
316 1317 364 1339 ne
394 1305 615 1349 longissima
644 1305 796 1349 quidem
823 1306 900 1338 vita
925 1305 1103 1338 sufficiat.
1152 1301 1300 1335 Deinde
1331 1298 1399 1332 etsi
1422 1296 1481 1330 vel

80 1376 210 1400 omnes
237 1364 392 1398 tandem
420 1368 523 1395 recte
551 1362 795 1407 cognoveris,
841 1362 1013 1395 nondum
1043 1366 1169 1392 tamen
1203 1363 1349 1390 certum
1377 1366 1479 1394 esse,

80 1425 277 1466 cujusnam
296 1432 425 1455 earum
444 1432 532 1453 vera
552 1419 600 1452 sit
621 1419 881 1464 philosophia,
911 1419 1088 1463 quoniam
1110 1426 1239 1449 omnes
1258 1414 1407 1460 possint
1427 1424 1483 1446 er-

80 1493 187 1525 rare,
215 1478 454 1525 quantumvis
479 1477 519 1510 in
547 1477 697 1522 placitis
726 1479 803 1510 suis
825 1477 895 1510 sihi
916 1476 1019 1520 ipsae
1042 1477 1228 1507 constent.
1278 1473 1397 1504 Porro
1421 1470 1482 1514 agi

86 1541 132 1574 de
151 1549 299 1572 summo
329 1537 406 1570 fine
435 1536 680 1579 (felicitate),
710 1547 821 1580 quem
853 1545 963 1567 nemo
992 1528 1309 1577 philosophorum
1330 1553 1339 1571 ,
1368 1539 1411 1559 ac
1435 1537 1484 1559 ne

80 1597 304 1634 Stoicorum
336 1595 507 1639 quidem,
555 1594 633 1637 ipse
663 1604 831 1638 uuquam
862 1597 1086 1625 consecutus
1125 1588 1193 1631 sit,
1229 1595 1416 1632 quemque
1442 1595 1484 1618 ea

82 1659 161 1698 via,
197 1665 310 1700 quam
339 1652 416 1686 fere
436 1651 938 1696 ingrediantur,nunquam
965 1649 1153 1694 attingere
1179 1648 1329 1690 queant.
1385 1641 1486 1673 Hinc

80 1721 318 1762 postremum
346 1710 592 1756 persuadetur
608 1708 843 1741 Hermotimo
868 1707 927 1751 id,
966 1707 1014 1740 ad
1044 1705 1145 1752 quod
1167 1702 1315 1735 Horam·
1337 1708 1487 1744 quoque

82 1772 341 1819 Epistolarum
367 1768 635 1814 plerarumque
659 1778 804 1799 summa
830 1766 908 1798 sere
935 1765 1066 1798 redire
1079 1763 1193 1804 solet,
1219 1758 1341 1792 missis
1365 1755 1488 1789 omni—

80 1832 154 1867 hus
184 1827 358 1862 sutilibus
384 1824 700 1872 philosophorum
731 1820 1121 1868 argumentationibus
1153 1822 1188 1850 et
1221 1813 1488 1860 disputationi-

79 1889 174 1928 bus,
201 1897 354 1932 operam
377 1895 488 1928 quam
506 1881 666 1915 maxime
685 1881 849 1914 dandam
872 1892 963 1924 esse,
994 1884 1036 1912 ut
1052 1882 1154 1911 recte
1175 1874 1335 1920 quisque
1353 1872 1393 1906 in
1417 1882 1485 1904 suo

78 1946 192 1989 Ioco,
218 1945 258 1978 id
277 1949 351 1986 est,
380 1941 535 1974 honeste
554 1945 590 1973 et
610 1939 776 1982 utiliter,
803 1939 985 1972 vivamus.

512 2040 555 2076 A
591 2039 629 2075 φ
656 2034 694 2075 Κ
728 2037 754 2074 1
782 2006 829 2075 iv
860 2037 893 2074 o
924 2035 971 2073 Σ.
1004 2031 1050 2082 a)

82 2135 221 2177 ΛΤΚ.
244 2117 419 2181 ”Οσον,
453 2123 484 2170 ὦ
503 2124 735 2182 Ἑρμότιμε,
765 2129 824 2182 τῷ
853 2124 996 2178 βιβλίῳ
1024 2119 1092 2162 καὶ
1117 2121 1169 2175 τῇ
1191 2119 1269 2158 τοῦ
1285 2115 1485 2170 βαδίσμα-

453 2241 675 2275 VARIAE
724 2233 1099 2273 LECTIONES.

134 2317 179 2361 a)
204 2316 236 2349 A
252 2310 522 2353 ΤΚΙΝΟΣ]
549 2310 633 2353 „Ab
652 2309 724 2343 hac
739 2319 900 2355 persona
919 2309 1020 2338 recte
1037 2300 1228 2346 incipiunt
1248 2300 1280 2332 J.
1291 2299 1337 2333 H.
1350 2302 1386 2331 et
1398 2298 1481 2337 Aa.

288 2440 346 2493 H
397 2438 445 2490 E
494 2436 550 2488 R
601 2435 668 2487 M
721 2435 770 2487 O
823 2434 874 2485 T
921 2431 949 2484 I
1001 2428 1068 2481 M
1119 2426 1181 2478 U
1229 2424 1268 2478 S

412 2547 611 2595 SIVE
668 2544 772 2591 DE
830 2534 1157 2588 SECTIS.

647 2656 714 2662 ,-
723 2654 820 2660 ,.,-..-.
832 2651 920 2658 .-——.

564 2711 1010 2756 LYCINUS.

93 2804 192 2858 Lyc.
227 2782 461 2856 Quantum
494 2799 615 2843 licet,
647 2799 753 2836 Her-
814 2790 1012 2839 motime,
1052 2785 1268 2880 explibro,
1304 2792 1390 2821 tum
1427 2794 1479 2819 ex

1173 2848 1200 2885 2

1513 2114 1535 2153 1
