1834 3188
291 224 390 270 638
649 230 1410 265 ADNOTATIONES

287 333 425 374 cimen
450 329 630 384 alicujus
649 329 879 380 historiae,
909 328 1033 368 haud
1048 327 1180 369 dubie
1200 329 1433 370 seeundum
1453 332 1568 387 leges
1591 345 1614 372 a
1635 346 1680 372 se
1696 334 1762 373 Ia-

285 399 351 431 tas
376 387 598 433 conditae,
632 386 724 439 ipse
746 385 971 437 exhibeat,
1001 385 1116 425 hoc
1103 401 1150 425 m
1170 386 1355 426 libello
1343 401 1434 440 lpse
1453 398 1598 428 narrat
1616 388 1755 429 histo-

284 447 404 487 riam.
466 445 618 483 Veram
642 441 814 496 quidem
838 457 927 481 eam
957 419 1218 494 inscribens,
1258 458 1337 496 pro
1371 444 1477 483 falsa
1499 455 1542 484 et
1562 444 1660 484 ficta
1681 456 1754 485 ta-

286 518 384 543 men
408 500 554 541 haberi
587 513 774 539 censens.
832 500 900 540 Ne
932 508 1071 539 autem
1093 500 1187 538 sine
1212 502 1406 553 exemplo
1429 499 1625 540 videatur
1649 516 1753 540 nar-

286 574 404 608 rare,
437 571 544 612 quae
562 570 773 609 nusquam
794 557 951 609 scripta
971 559 1039 596 vel
1060 556 1175 609 picta
1192 566 1382 607 exstent,
1417 556 1564 597 Ctesiae
1583 566 1626 597 et
1645 557 1753 598 Iam·

287 615 373 655 buli
392 616 582 666 exempla
614 623 970 662 commemoran8‚
1005 615 1184 666 Κτησίας
1205 609 1227 655 ὁ
1246 610 1495 666 Κτησιόχου,
1527 614 1694 684 inquit,
1728 612 1753 657 ὅ

287 675 478 720 Κνίδιος,
494 670 736 738 συνέγραψε
756 685 805 710 πε
789 671 845 723 ερὶ
861 675 932 722 τῆς
943 660 1091 711 Ἰνδῶν
1113 667 1265 738 χώρας,
1293 670 1360 711 καὶ
1381 675 1461 712 τῶν
1478 667 1579 729 παρ’
1598 667 1752 721 αὐτοῖς.

287 727 317 770 δι’
338 725 434 782 μήτε
457 722 576 775 αυτὸς
595 725 697 776 εἶδε,
736 723 834 779 μήτε
863 726 985 768 ἄλλου
1004 726 1190 775 εἰπόντος
1219 723 1403 778 η’κουσεν
1444 728 1595 797 ἔγραψε
1620 727 1663 769 δὲ
1683 729 1754 770 καὶ

278 782 528 838 Ἰαμβοῦλος
540 785 647 855 περὶ
677 799 755 824 των
788 783 830 825 ἒν
860 788 910 840 τῇ
939 782 1087 839 μεγάλῃ
1106 780 1343 852 θαλάττῃ,
1368 782 1493 826 πολλα
1520 781 1752 853 παράδοξα,

284 841 492 914 γνώριμον
507 840 588 910 μὲν(
598 854 722 882 απασι
741 837 784 881 τὸ
805 844 960 893 ψεῦδος
981 837 1257 892 πλασάμενος,
1294 836 1370 881 οὐκ
1391 839 1543 895 ἀτερπῆ
1573 836 1613 883 δ’
1643 840 1754 895 ὅμως

287 901 453 947 συνθεις
470 896 546 951 τὴν
563 893 776 939 υπὸθεσιν.
841 895 1007 946 Ctesias,
1043 897 1369 950 Ctesioclzifilius,
1403 896 1528 937 Cnido
1549 898 1751 948 oriundus,

285 955 336 994 cle
357 957 510 1009 regione
529 953 733 1002 Indorum,
766 952 920 1007 ἄρρητ’
905 956 966 1003 iis,
999 970 1098 1008 quae
1117 952 1225 1007 apud
1244 952 1337 992 illos
1354 965 1457 1002 sunt,
1490 969 1536 993 ea
1555 957 1753 1008 conscrip-

285 1015 361 1058 sit,
392 1028 491 1066 quae
521 1027 642 1065 neque
665 1013 747 1064 ipse
767 1010 941 1059 viderat,
985 1026 1103 1064 neque
1128 1025 1182 1049 ex
1211 1009 1292 1048 alio
1326 1021 1509 1049 narrante
1540 1010 1755 1050 intellexe-

283 1079 360 1108 rat.
422 1068 590 1120 Scripsit
623 1078 752 1106 autem
783 1068 900 1106 etiam
932 1065 1137 1106 Iambulus
1166 1065 1213 1104 cle
1242 1065 1353 1105 rebus
1384 1068 1426 1105 in
1453 1068 1555 1105 mari
1585 1083 1749 1120 magno,

281 1124 411 1164 multa
438 1134 593 1177 prmaeier
616 1125 789 1163 omnium
817 1124 1058 1176 opinionem,
1077 1125 1183 1176 ficto
1206 1121 1361 1176 quidem
1383 1122 1614 1173 mendacio,
1646 1122 1755 1177 quod

282 1180 464 1223 omnibus
483 1191 576 1219 esset
596 1179 869 1247 manfistum3
900 1195 976 1218 non
999 1189 1128 1218 tamen
1146 1177 1361 1246 injucundo
1393 1181 1607 1232 composito
1626 1195 1663 1218 α
1654 1196 1755 1232 gu·-

282 1248 424 1277 rnento.
485 1236 572 1275 Hic
590 1250 668 1290 pro
689 1233 876 1284 εἰπόντος
891 1250 944 1275 ex
962 1236 1076 1275 Flor.
1103 1235 1265 1274 Codice
1287 1231 1565 1288 ἀληθεύοντος
1589 1236 1754 1289 profert

281 1291 587 1343 ‚Bourdelotius‚
622 1291 751 1347 idque
772 1295 944 1346 vulgato
964 1292 1121 1331 rectius
1140 1291 1317 1343 judicat.
1378 1291 1435 1330 At
1453 1292 1629 1342 Hercle,
1663 1305 1753 1330 nou

279 1360 415 1403 puto,
448 1349 575 1389 facile
593 1363 846 1403 quemquam
872 1348 944 1386 hic
963 1348 1193 1403 quidquam
1218 1347 1372 1386 mutari
1395 1350 1527 1398 velle,
1563 1348 1637 1402 qui
1663 1347 1751 1387 vim

282 1405 495 1446 orationis
521 1404 775 1445 consideret.
840 1405 1010 1454 Ctesias,
1043 1405 1126 1455 ait,
1164 1403 1326 1444 Cnidius
1350 1403 1397 1443 de
1416 1403 1605 1443 Indorum
1631 1406 1754 1457 regio-

279 1479 329 1502 ne
346 1474 379 1501 et
403 1462 514 1501 rebus
535 1478 581 1501 ea
603 1464 759 1516 scripsit
769 1492 782 1511 ,
815 1478 914 1516 quae
933 1478 1054 1516 neque
1073 1463 1155 1515 ipse
1175 1461 1352 1511 viderat,
1385 1478 1506 1516 neque
1527 1460 1649 1500 alium
1681 1460 1754 1499 di·-

281 1530 427 1560 centem
447 1518 663 1558 audiverat.
724 1517 776 1557 Id
800 1521 895 1559 vult
916 1519 1081 1569 Noster,
1114 1532 1160 1557 ea
1175 1545 1186 1563 ,
1220 1531 1328 1571 quae
1352 1516 1404 1556 de
1424 1516 1547 1556 Indis
1568 1517 1754 1570 scripse-

280 1576 339 1614 rit
363 1574 530 1625 Ctesias,
562 1589 652 1614 esse
679 1577 805 1626 plane
835 1574 957 1614 ficta:
997 1574 1042 1612 id
1072 1588 1173 1614 vero
1204 1573 1358 1627 probat
1389 1588 1465 1623 eo,
1508 1572 1625 1627 quod
1659 1574 1753 1625 ipse

284 1630 433 1671 Ctesias
457 1645 601 1670 eorum
622 1629 735 1669 nihil
759 1644 898 1684 neque
929 1629 1130 1680 vidisset,
1172 1642 1308 1683 neque
1339 1628 1472 1668 fando
1504 1629 1750 1682 accepisset.

280 1688 394 1728 Nam
425 1687 462 1725 si
493 1687 542 1725 ab
572 1686 747 1740 aliquo,
788 1687 879 1727 sive
912 1701 1036 1736 vera,
1069 1686 1161 1726 sive
1185 1686 1291 1724 falsa
1312 1685 1524 1735 narranti,
1555 1699 1603 1723 ea
1626 1685 1753 1723 audi-

280 1745 436 1794 visset,
477 1757 567 1783 non
598 1743 776 1783 omnino
806 1743 1051 1797 potuissent
1078 1743 1153 1784 illa
1182 1741 1272 1781 dici
1295 1740 1347 1780 ab
1375 1740 1502 1781 Ctesia
1523 1755 1616 1781 esse
1639 1741 1753 1782 ficta.

278 1800 407 1842 JENS.

393 1855 495 1896 Ead.
514 1859 544 1897 1.
567 1861 606 1900 6.
633 1850 903 1910 Ἰαμβοῦλος)
934 1856 1004 1895 De
1037 1853 1229 1895 mirificis
1262 1853 1487 1894 hominum
1522 1854 1673 1894 formis
1704 1855 1750 1895 in

277 1912 407 1954 India
441 1912 648 1966 quaedam
675 1911 926 1962 tradidisse,
969 1913 1090 1952 testis
1122 1921 1185 1951 est
1217 1913 1374 1951 Tzetzes
1404 1911 1673 1951 Chil..VHI.
1703 1910 1747 1950 h.

280 1975 377 2014 144.
440 1968 625 2038 Quando
650 1969 889 2020 scripserit,
921 1968 1159 2021 ignoratur.
1223 1967 1392 2006 Citatur
1413 1967 1541 2007 etiam
1565 1967 1614 2005 ab
1635 1967 1748 2006 Har-

274 2028 507 2081 pocratione
527 2026 571 2064 in
583 2023 763 2080 ’Ἀβαριςι
808 2024 907 2066 Vid.
935 2025 1050 2065 Voss.
1068 2025 1123 2064 L.
1143 2024 1226 2066 III.
1267 2023 1388 2064 Adde
1410 2023 1478 2063 his
1499 2024 1748 2080 Megasthe-

277 2083 641 2127 nemPlut.1728.
664 2084 710 2125 C.
743 2083 914 2152 S’OLAN.

390 2139 493 2182 Ead.
513 2142 539 2181 l.
560 2143 599 2182 9.
647 2138 704 2180 Τὰ
723 2157 825 2180 αυτα
843 2135 1030 2190 τούτοις)
1060 2136 1229 2187 Eadem,
1264 2148 1380 2191 atque
1404 2136 1480 2179 illi.
1542 2138 1614 2178 Sic
1644 2152 1745 2178 mox

275 2201 316 2248 §-
340 2199 379 2242 5.
404 2213 476 2248 την
497 2194 625 2249 αὐτην
648 2197 737 2245 ἐμοὶ
759 2193 922 2249 γνώμην
943 2196 1114 2247 ἔχοντας.
1173 2196 1232 2232 Et
1256 2195 1306 2233 de
1327 2194 1430 2234 Salt.
1451 2194 1492 2246 §-
1517 2199 1555 2238 2.
1577 2208 1625 2233 ac
1645 2209 1745 2234 sex-

276 2253 438 2293 centies
464 2252 581 2292 alibi.
642 2252 846 2292 Plutarch
878 2250 929 2291 de
953 2252 1051 2291 virt.
1071 2250 1234 2292 mulier.
1253 2265 1317 2303 pr.
1365 2247 1426 2292 Ου
1442 2248 1519 2304 τὴν
1542 2247 1669 2303 αυτὴν
1681 2256 1746 2321 τῷ

280 2311 510 2362 Θουκυδιδῃ
527 2305 690 2363 γνώμην
709 2310 858 2361 ε’χομεν.
919 2308 1093 2348 A1istot.
1113 2307 1228 2347 Hist.
1250 2308 1375 2346 anim.
1400 2307 1436 2347 I.
1458 2322 1522 2360 pr.
1561 2305 1618 2349 Τα
1641 2305 1744 2349 αὕτα

274 2364 482 2419 ἀλλήλοις,
521 2365 654 2404 eadem
681 2367 780 2404 inter
807 2382 856 2405 se.
915 2365 972 2403 Et
1003 2363 1054 2402 de
1084 2373 1269 2417 generat.
1294 2364 1465 2404 animal.
1484 2364 1576 2415 III,
1597 2367 1636 2408 5.
1669 2380 1742 2417 ουχ

275 2420 552 2475 ὁμοιοτρόπως
568 2423 645 2475 ε’χει
664 2417 815 2469 αὐτοῖς.
877 2420 1012 2475 Quem
1036 2420 1324 2459 Graecismum
1343 2428 1385 2459 et
1406 2419 1561 2459 Latini
1583 2429 1737 2469 amant,

274 2479 486 2529 dicentes,
517 2477 619 2517 idem
634 2478 749 2534 facit
776 2477 862 2525 illi,
904 2491 981 2529 pro
1013 2475 1125 2515 idem
1153 2475 1269 2530 quod
1288 2476 1375 2516 ille.
1435 2475 1536 2516 Vid.
1558 2475 1661 2516 Cort.
1686 2475 1740 2515 ad

275 2534 443 2576 Sallust.
481 2533 606 2573 Catil.
638 2539 715 2583 20,
746 2541 785 2579 3.
830 2535 1118 2586 exemplorum
1145 2533 1247 2571 satis
1278 2531 1573 2573 adducentem.
1632 2532 1738 2571 Nou

273 2605 511 2642 monerem,
542 2591 628 2629 nisi
647 2590 847 2640 viderem,
880 2593 1106 2642 plerosque
1127 2587 1258 2628 hodie
1278 2589 1459 2629 scribere
1477 2588 1619 2626 minus
1639 2602 1737 2641 pro·

274 2644 371 2685 bate
386 2678 397 2698 ‚
427 2647 531 2687 idem
552 2658 607 2686 est
627 2647 816 2687 camillo.
876 2645 973 2685 Etsi
994 2647 1136 2697 paullo
1156 2645 1240 2684 alio
1262 2659 1387 2685 sensu
1407 2657 1494 2683 non
1518 2643 1736 2683 barbarum

272 2704 532 2755 pronuntio,
564 2703 697 2743 eadem
717 2704 917 2744 vobiscum
938 2717 1084 2754 agam5
1116 2714 1192 2740 nec
1213 2701 1314 2741 satis
1343 2699 1469 2740 credo
1493 2699 1737 2740 adfirmanti

276 2755 433 2808 Curtio,
466 2758 698 2803 Sallustium
716 2762 745 2801 1.
767 2774 804 2800 c.
830 2758 1010 2800 eundem
1030 2757 1317 2798 Graecismum
1340 2755 1610 2809 adhibuisse,
1640 2770 1736 2799 cum
