1834 3188
362 242 462 287 714
693 247 929 280 AnnENDA
968 247 1031 278 m·
1068 248 1411 281 connmmnA.

360 355 451 406 Pag.
481 355 549 398 66.
581 352 608 390 1.
633 353 696 393 12.
726 351 968 402 πεπρᾶχθαι.
1026 347 1090 385 sie
1112 354 1335 388 correctum
1355 354 1435 398 est,
1467 347 1575 402 quod
1594 342 1733 402 vulga-

577 409 722 454 batur,
751 402 990 458 πεπρᾶχθαι.

387 490 443 499 ·-
482 470 549 509 77.
578 466 608 506 l.
629 469 667 507 3.
695 477 770 516 pro
793 460 1093 513 κακοίλυμμένον
1114 461 1191 513 leg.
1213 464 1348 505 κεκαλ.

383 547 441 556 --
479 524 547 568 85.
576 523 606 560 1.
629 524 668 563 6.
698 534 773 573 pro
795 535 842 561 ov
861 520 939 569 leg.
962 515 1022 559 οὗ.
1601 549 1604 552 ⁴

383 605 440 614 ....
479 584 546 625 87,
574 580 601 619 1.
623 582 661 620 9.
695 579 835 625 δῦναι,
867 575 976 627 quod
1002 573 1254 629 Dindorfius,
1289 576 1540 615 doctissimus
1571 574 1734 625 amicus,

574 649 639 674 me
665 634 814 682 invito,
856 633 919 671 edi
949 632 1128 681 curavit,
1165 646 1341 670 necnon
1367 634 1509 685 probo.
1566 632 1736 671 Infiniti-

574 695 672 731 vum
693 705 795 738 esse,
826 704 941 727 nemo
961 689 1125 726 dubitet.
1162 689 1219 727 De
1242 690 1436 741 Tempore
1456 691 1734 742 quaerebatur.

574 750 659 787 Jam
684 761 775 786 vero
810 743 927 788 δύναι
955 746 1174 784 Infinitivus
1207 752 1264 784 est
1280 747 1501 786 Praesentis
1529 748 1609 800 (cf.
1635 749 1738 787 δεικ-

575 804 719 854 νύναι,
771 801 1009 857 σβεννύναι,
1058 798 1269 857 ζευγνύναι
1299 804 1402 853 ete.)
1442 806 1561 845 δῦναι
1587 803 1738 842 Aoristi

574 862 645 916 (cf.
668 865 819 913 στῆναι,
839 865 971 902 θεῖναι
992 861 1103 910 εἷα).
1132 860 1256 911 Atqui
1276 857 1406 909 δύναι,
1430 875 1545 912 quam
1568 862 1737 900 formam

574 927 673 959 vett.
704 919 807 958 Edd.
838 925 1072 966 servarunt,
1107 923 1217 956 recte
1236 916 1358 956 habet
1376 916 1416 956 h.
1436 919 1465 956 l.
1522 920 1627 970 Ergo
1655 930 1737 956 non

574 983 660 1016 erat
678 975 922 1014 mutandum.

479 1039 547 1079 90.
577 1035 604 1072 1.
628 1039 691 1077 13.
722 1047 797 1084 pro
819 1032 1024 1072 διεκδῦναι
1043 1031 1121 1080 Ieg-
1144 1027 1357 1071 διεκδύναι.
1391 1030 1441 1069 cfi
1462 1045 1496 1071 e.
1519 1035 1585 1074 63.

476 1097 544 1137 96.
574 1092 601 1132 1.
627 1095 690 1133 10.
721 1092 843 1129 Recte
878 1088 998 1126 scribi
1038 1084 1142 1140 αὔρα
1175 1094 1417 1126 monuerunt
1446 1086 1645 1143 Sclzaqf'er,
1685 1087 1737 1126 ad

575 1147 707 1200 Long.
745 1160 788 1198 p.
816 1150 911 1188 378.
943 1152 980 1182 et
1010 1143 1176 1183 Porsorz.
1214 1143 1264 1180 ad
1289 1142 1426 1196 Eurip.
1455 1144 1607 1182 Hecub.
1637 1146 1734 1186 442.

574 1202 740 1258 (Herm.
758 1205 771 1252 )
800 1203 1047 1253 Quamquam
1064 1199 1193 1239 nostri
1208 1200 1301 1238 libri
1317 1200 1360 1238 in
1382 1200 1653 1252 compluribus
1674 1201 1738 1238 lo-

577 1262 658 1310 cis,
700 1266 748 1298 ut
775 1259 866 1299 Ver.
896 1259 997 1297 Hist.
1025 1258 1082 1307 ΙΙ,
1110 1259 1149 1301 5.
1169 1256 1304 1296 Amor.
1328 1271 1362 1294 c.
1385 1261 1422 1300 6.
1444 1263 1483 1296 et
1504 1261 1568 1300 12.
1587 1263 1628 1296 et
1646 1256 1687 1296 h.
1706 1257 1732 1294 1.

576 1323 805 1356 constanter
818 1323 957 1354 tenent
977 1316 1216 1366 scripturam
1239 1307 1342 1367 αὖρα
1362 1320 1401 1352 et
1418 1307 1552 1370 αὖραι.

382 1402 438 1411 --
481 1380 574 1421 143.
603 1377 629 1416 1.
654 1380 693 1418 7.
725 1374 801 1412 del.
823 1387 977 1411 comma
995 1378 1086 1425 post
1103 1370 1375 1425 προςγένοιτο.

381 1460 439 1468 -
480 1436 574 1479 155.
604 1433 630 1473 l.
655 1436 694 1474 9.
716 1432 789 1482 leg.
808 1428 926 1472 δύναι
942 1443 1016 1482 pro
1034 1432 1165 1471 δῦναι.
1225 1427 1313 1466 Vid.
1333 1441 1454 1481 supra
1472 1427 1667 1468 Addenda
1685 1426 1737 1466 acl

573 1505 611 1542 p.
634 1493 702 1532 87.
723 1489 752 1526 1.
774 1492 814 1530 9.

381 1572 439 1581 --
480 1552 573 1591 168.
603 1548 629 1588 l.
649 1550 689 1587 9.
718 1541 1119 1594 πολυφωνώτατωῑιῐ
1137 1541 1289 1580 variam
1316 1540 1529 1581 lectionem
1545 1536 1736 1594 proponit

578 1601 755 1648 Gailius,
785 1601 854 1639 sod
870 1599 1168 1638 mendosissime
1188 1604 1294 1635 certe
1312 1598 1523 1650 scriptam„

381 1683 438 1691 —-
482 1661 574 1703 175.
603 1660 632 1697 1.
653 1661 691 1701 5.
724 1658 879 1707 ἑταίρας
898 1671 971 1694 nee
997 1653 1130 1693 Gailio
1153 1654 1322 1705 placuit.

382 1740 439 1749 ·--·
478 1722 571 1760 177.
599 1717 628 1754 l.
649 1719 688 1757 7.
715 1713 895 1764 θυμήδες
920 1712 1061 1761 (scrib.
1084 1710 1289 1761 θυμηδὲς)
1319 1711 1435 1747 etiam
1461 1706 1566 1746 Gail.
1591 1722 1640 1746 ex
1655 1708 1736 1748 Ms..

575 1772 750 1824 quodam
768 1770 919 1820 (2956.
940 1783 1003 1819 ap.
1022 1764 1109 1804 Bel.
1129 1768 1142 1810 )
1163 1780 1237 1816 pro
1256 1765 1366 1803 varia
1395 1766 1566 1804 lectione
1598 1766 1738 1815 affert,

570 1834 752 1867 vertens:
782 1841 825 1864 ce
844 1826 1034 1879 quistatic
1053 1822 1212 1875 Z’esprit.

353 1887 497 1928 Ead.1.
521 1890 558 1929 8.
589 1882 810 1926 ἀκούουσιν
828 1879 901 1936 ἦν·
935 1879 987 1932 μὴ
1016 1901 1072 1908 —-
1102 1880 1334 1931 ἐπινοῆσαι,
1372 1878 1476 1917 utin
1505 1876 1631 1917 Salm.
1659 1878 1734 1917 ali-

570 1943 683 1994 isque
700 1941 803 1979 Edd.
820 1938 1027 1989 rescripsit
1051 1934 1155 1976 Gail.
1188 1961 1192 1966 ν

382 2024 438 2032 --
479 2003 572 2044 184.
602 2000 629 2040 1,
652 2004 692 2042 3.
723 2002 864 2048 θυμοῦ
881 1995 1043 2034 retinuit
1068 1989 1174 2032 Gail.

380 2081 437 2088 —
480 2061 573 2101 188.
603 2057 631 2095 1.
651 2061 690 2099 4.
723 2055 862 2107 (Varr.
883 2053 1034 2099 Lectt.)
1067 2051 1142 2099 leg.
1166 2048 1342 2102 φροιμίῳ
1360 2062 1436 2101 pro
1458 2047 1667 2103 φροιμίου.

380 2137 437 2146 --
476 2118 572 2158 191.
603 2113 630 2155 l.
652 2116 714 2156 11.
746 2112 888 2164 (Vers.
909 2110 988 2148 col.
1014 2107 1082 2159 1.)
1105 2120 1179 2161 pro
1203 2105 1265 2145 At
1286 2106 1361 2157 leg.
1385 2102 1473 2146 Ad.

382 1117 439 1126 ἱ
384 1060 440 1069 ῑ
