1834 3188
324 216 376 246 IN
413 215 651 254 QUOMODO
689 215 927 246 HISTORIA
965 216 1040 246 sr'r
1077 216 1275 248 coxscn.
1432 203 1528 255 531

73 329 158 354 ram
183 310 316 369 λάβρῳ
347 328 425 368 pro
449 319 609 368 λιπαρε
573 331 627 365 ι,
659 312 704 351 in
727 313 807 366 Ep.
832 313 938 355 Cxit.
968 313 1084 353 illam
1103 328 1147 368 p.
1167 317 1234 359 55.
1249 315 1535 369 propositam,

71 373 176 411 satis
194 372 386 410 refutant
409 385 476 420 ea,
510 385 617 424 quae
638 369 766 409 modo
788 369 1026 424 Ruclolplzus
1049 372 1276 426 congessit
1316 373 1477 415 me

185 427 288 468 Ibicl
323 429 427 481 Περὶ
447 428 488 470 δὲ
512 445 616 480 την
603 424 800 481 ἕβδόιιην)
831 427 881 465 In
904 427 1075 477 libello,
1113 428 1329 483 quomodo
1353 430 1409 468 sit
1433 445 1534 469 con-

72 483 294 524 scribenda
316 484 517 533 historia,
549 498 636 523 non
655 485 783 544 longe
807 497 828 521 a
852 484 1093 538 principio,
1123 485 1416 529 scribendum:
1454 491 1535 529 Πε-

73 542 114 614 ἑνὶ
135 543 175 583 δὲ
193 559 265 594 την
287 539 464 610 ἓβὸόμην
479 548 561 590 τοῖς
578 541 648 593 μὲν
665 544 762 594 αἱμα
779 539 882 581 πολύ
904 541 946 583 ἐκ
962 543 1084 595 ῥινῶν
1106 543 1221 594 ῥυὲν,
1252 549 1337 592 τοῖς
1356 543 1397 585 δὲ
1415 544 1536 598 ἱδρώς

68 598 375 655 ἐπιγενόμενος
366 596 511 649 πολῦς,
544 599 613 640 καὶ
640 596 769 646 οὕτως
794 598 907 639 ελυσε
927 596 997 639 τὸν
1015 597 1201 653 πυρετόν.
1261 600 1406 656 Vulgo
1428 604 1533 641 male

67 654 196 705 πολῦς
214 657 281 698 xci
299 656 437 704 οὗτος,
469 657 602 705 ἔλυσε,
632 654 725 693 sine
743 656 831 693 ullo
851 668 990 694 sensu.
1025 656 1202 696 GRAEV.
1260 656 1363 696 Non
1387 656 1534 697 adsen-

67 711 154 750 tior
188 712 430 752 Gffwaezianae
458 710 754 760 distinctioni,
786 709 858 749 sed
888 714 1103 766 vulgatam
1136 727 1280 764 servo,
1311 723 1354 753 et
1387 714 1533 765 miror,

67 768 142 822 qui
165 783 255 808 eam
277 772 358 808 sine
378 768 460 808 ullo
479 785 590 808 sensu
610 782 723 818 esse,
755 765 896 807 dicere
922 777 1071 824 queat:
1104 784 1200 808 nam
1225 770 1261 808 si
1286 784 1378 809 cum
1404 769 1536 810 6]αε-·

65 827 130 864 zio
156 825 528 880 distinguendum,
558 836 662 864 tunc
683 822 794 863 illud
817 826 885 866 καὶ
909 826 1029 874 οὗτος
1049 825 1196 898 po’tius
1223 825 1448 866 delendum
1469 827 1536 866 fo·

65 891 153 931 ret,
195 896 242 921 ac
269 881 537 922 scribendum
567 881 775 921 continuo
814 881 908 931 filo,
949 880 1071 935 &59oe5-
1101 881 1384 937 ἐπιγενόμενος
1407 881 1537 933 πολῦς

64 940 178 980 ε’λυσε
203 936 275 980 τὸν
303 935 490 991 πυρετόν.
550 938 628 988 At,
663 947 728 982 at,
759 939 936 977 minime
961 938 1138 979 delenda
1161 940 1288 979 verba
1310 942 1377 981 καὶ
1400 941 1533 991 οὗτος,

67 1009 174 1047 quae
195 996 281 1034 vim
303 995 535 1035 notabilem
557 994 741 1045 habent,
774 1005 822 1034 ut
842 995 1068 1047 ΙΙῙίογῖἶας
1056 1010 1101 1033 ιι]
1123 996 1321 1036 versione
1344 995 1427 1036 Ed.
1450 997 1536 1035 Pa-

63 1052 136 1091 ris.
157 1061 269 1092 recte
302 1052 512 1102 ostendit,
547 1061 740 1102 vertens,
773 1051 914 1101 sudor,
948 1055 1064 1092 etiam
1090 1055 1172 1107 ipse
1190 1052 1449 1106 immoclicus5
1481 1054 1536 1092 si-

62 1122 115 1147 ve
134 1109 277 1159 malis,
308 1111 417 1174 isque
439 1108 698 1160 immodicus5
729 1108 844 1162 quod
867 1109 1042 1147 Latinis
1067 1123 1240 1163 quoque
1263 1110 1537 1163 perfamilia-

62 1179 107 1203 re
128 1179 242 1216 esse,
276 1166 371 1219 quis
393 1165 562 1204 nescit?
595 1164 827 1204 Addidisse
848 1176 988 1204 autem
1009 1166 1154 1205 Noster
1170 1167 1243 1205 illa
1261 1165 1457 1216 videtur,
1485 1177 1537 1206 ut

63 1235 113 1260 eo
146 1221 281 1277 magis
312 1223 544 1261 sentiretur
583 1223 815 1262 necessitas
849 1221 1162 1275 adjectivorum
1190 1221 1318 1272 πολυς
1346 1234 1388 1263 et
1415 1224 1534 1275 πολύ,

66 1279 189 1331 quia,
221 1279 257 1316 si
277 1293 405 1332 parva
431 1288 595 1316 tantum
625 1279 750 1332 copia
781 1288 1080 1318 ext-erneretur
1101 1280 1274 1333 sanguis
1295 1283 1365 1320 vel
1389 1280 1533 1331 sudor,

62 1349 148 1372 non
175 1346 284 1374 esset
307 1338 419 1375 crisis
447 1334 657 1384 salutaris,
691 1345 740 1374 ut
767 1335 934 1374 Medici
966 1338 1111 1388 ajunt,
1144 1337 1218 1391 qui
1247 1351 1345 1376 vere
1369 1337 1537 1390 praedi-

64 1401 185 1441 cant,
218 1392 383 1431 Nullum
411 1395 587 1432 criticum
615 1408 808 1446 paucum,
843 1393 870 1430 i.
893 1407 930 1432 e.
953 1393 1116 1432 solutio
1135 1392 1272 1433 morbi
1291 1393 1438 1433 critica
1463 1409 1537 1447 per

64 1449 332 1487 excretiones
353 1450 490 1503 largas
513 1447 606 1487 fieri
634 1459 758 1488 amat.
818 1449 985 1488 Paucae
1011 1449 1125 1489 enim
1147 1450 1369 1502 sanguinis
1388 1461 1535 1503 guttae

62 1518 85 1543 e
107 1504 280 1543 naribus
301 1514 453 1557 sponte
483 1515 808 1558 prorumpentes
829 1520 916 1545 non
952 1506 1122 1545 faciunt
1150 1509 1270 1546 crisin
1299 1508 1532 1564 perfectam,

61 1560 91 1601 i.
116 1576 151 1601 e.
182 1575 270 1601 non
304 1560 571 1615 portendunt
594 1565 795 1613 salutem,
836 1561 910 1601 sed
944 1563 1110 1601 irritum
1144 1572 1310 1602 tantum
1344 1563 1536 1618 produnt

55 1627 239 1658 *natutae
262 1628 475 1660 conatum
507 1619 964 1687 Rn1'rz.Perperam
992 1619 1036 1657 in
1058 1620 1107 1659 Β.
1127 1626 1167 1664 3.
1195 1619 1444 1660 distinctum
1470 1621 1536 1660 vi-

59 1673 165 1725 deo,
198 1673 346 1724 πολύς,
380 1677 448 1716 καὶ
473 1676 592 1725 οὗτος
618 1677 670 1717 ,ξ’..ὶ
705 1675 820 1716 unde
849 1676 1039 1729 conjicio
1072 1676 1238 1717 Graevio
1270 1677 1316 1715 in
1348 1687 1533 1717 mentem

60 1731 229 1771 venisse
270 1731 525 1771 emendandi
567 1732 807 1771 consilium
827 1733 1256 1785 importunissimum.
1332 1734 1531 1773 Ceterum

60 1787 281 1854 aptissime
300 1787 540 1841 Rudolphus
569 1803 662 1827 cum
687 1789 728 1829 h.
752 1792 780 1828 1.
804 1789 991 1828 conferri
1023 1788 1143 1842 jubet
1168 1789 1273 1829 haec
1293 1790 1534 1846 ῌὶρροενα-

58 1847 134 1885 iis-⁶
165 1845 330 1918 ΑΡῙἹΟΓ·
351 1844 427 1893 IV,
446 1848 522 1889 ’60
545 1861 730 1888 οκοσοισι
751 1864 800 1887 ccv
818 1847 860 1889 ἓν
878 1852 981 1887 τοῖσι
999 1852 1205 1899 πυρετοῖσι
1218 1865 1267 1887 τοι
1286 1848 1365 1888 ὦτα
1385 1865 1530 1899 7.quoe-

58 1907 122 1958 θῇ
130 1933 141 1951 ,
176 1907 273 1954 αἱμα
294 1904 335 1944 ἐκ
353 1903 478 1972 ρινῶν
498 1920 565 1953 ρυε
569 1921 611 1953 ν,
644 1921 668 1956 η
691 1906 795 1945 soz}
781 1921 822 1944 ια
843 1905 1153 1958 ἐκταραχθεῖσα,
1188 1901 1274 1945 λύει
1293 1902 1338 1946 τὸ
1357 1902 1527 1957 νόσηιια.

60 1946 146 1998 Sed
170 1959 301 2006 VIII,
324 1963 367 2003 4.
397 1956 610 2001 Ὃκόσοισι
639 1961 682 2002 ἐν
713 1967 815 2002 τοῖσι
841 1968 1049 2012 πυρετοῖσι
1087 1963 1346 2014 τεταρταίοισι
1381 1962 1527 2010 ἐοῦσιν,

60 2013 159 2068 αἷμα
191 2017 233 2057 ἐκ
260 2019 340 2057 τῶν
368 2017 491 2069 ῥινῶν
521 2019 631 2086 ῥὐῇ,
655 2015 855 2088 πονηρόν
909 2019 982 2057 De
1008 2016 1164 2057 sudore
1192 2026 1331 2056 autem
1353 2018 1428 2065 IV
1458 2021 1526 2062 65.

58 2073 312 2139 Πυρέσσοντι
335 2072 493 2129 ἵὸρώς’
476 2071 771 2130 επιγενόμενος,
804 2072 857 2129 μὴ
878 2076 1132 2124 ἐκλείποντος
1147 2078 1220 2117 τοῦ
1239 2080 1433 2129 πυρετοῦ,
1460 2091 1527 2116 κα-

56 2126 144 2171 κόν.
175 2130 333 2172 Lmnr,

169 2185 274 2225 Εαᾶ·
294 2188 322 2225 l·
333 2190 375 2230 7
401 2183 469 2236 Ἐς
486 2192 663 2243 γελοῖον)
686 2189 803 2228 Mira
824 2188 1013 2242 phrasis·
1045 2203 1250 2257 nusquam
1271 2188 1382 2228 enim
1386 2187 1525 2241 ‚quod

61 2241 234 2295 quidem
253 2242 403 2294 sciam,
438 2243 609 2283 additur
627 2246 922 2298 accusativus,
955 2256 1005 2285 ut
1026 2245 1098 2285 hic
1115 2244 1186 2295 τὰς
1205 2263 1375 2300 γνωμας.
1414 2244 1526 2285 Vide

59 2301 131 2340 De
154 2301 301 2340 Saltat.
321 2314 354 2341 c.
375 2305 415 2344 4.
439 2311 481 2340 et
501 2301 700 2341 Ennuch.
721 2317 756 2341 c.
779 2307 818 2347 5.
873 2302 996 2343 Adde
1017 2304 1145 2342 etiam
1168 2304 1361 2342 Hermot.
1383 2301 1524 2341 finem.

60 2358 151 2396 Sor.
156 2371 232 2397 w
304 2357 488 2407 Nescio,
532 2357 636 2411 quid
666 2358 841 2399 miretur
872 2360 1044 2400 solanus
1078 2359 1255 2414 phrasin
1288 2359 1521 2399 insolitam.

61 2412 287 2468 Significat
309 2414 420 2453 enim
441 2413 513 2453 hic
530 2418 754 2468 περιΐστημι
775 2415 934 2470 redig05
963 2415 1195 2483 eodemque
1212 2415 1458 2471 significatu
1479 2425 1522 2455 et

63 2470 382 2511 constructione
413 2471 551 2510 utitur
578 2471 798 2512 Herodian.
818 2472 927 2520 VII,
954 2480 1000 2525 3,
1034 2478 1098 2517 12.
1129 2491 1150 2515 ο
1172 2477 1405 2524 Μαξιμῖνος
1430 2472 1523 2520 τούς

60 2529 267 2576 πλείστους
298 2531 376 2569 τῶν
400 2527 572 2577 ἐνδόξων
597 2531 717 2570 οἴκων
744 2531 784 2576 ἐς
805 2532 946 2570 πενίαν
961 2543 1209 2583 περιστησας.
1268 2528 1521 2568 Nominati-

61 2597 141 2622 vus
163 2592 300 2623 autem
324 2584 466 2635 verbi,
499 2584 581 2624 hoc
600 2585 775 2624 Luciani
791 2587 913 2636 loco,
945 2597 1008 2626 est
1026 2584 1070 2628 τὸ
1088 2585 1257 2638 νόσηιια.
1318 2585 1409 2624 Nec
1429 2596 1519 2623 tan-

63 2648 152 2678 tum
179 2639 343 2679 abludit
375 2644 480 2680 alter
510 2644 630 2681 locus
664 2642 859 2687 Luciani,
893 2657 1016 2696 quem
1048 2643 1139 2695 ipse
1168 2641 1307 2682 Solon.
1339 2641 1516 2692 indicat,

62 2695 259 2736 Eunuch·
275 2711 310 2735 c
333 2695 435 2741 5.τό
457 2698 498 2741 ὀὲ
519 2699 594 2740 οὐν
613 2700 720 2748 τέλος
739 2716 811 2752 της
831 2701 980 2752 δίκης’
961 2718 1001 2749 ες
1017 2704 1131 2743 τοῦτο
1148 2716 1256 2755 περιε
1241 2700 1343 2765 ιῘ·στη
1374 2713 1517 2752 quam-

61 2752 127 2793 vis
150 2751 211 2791 ibi
228 2755 429 2809 reflexim,
463 2765 512 2795 ut
530 2756 803 2796 Grammatici
833 2759 977 2810 ajunt,
1007 2767 1213 2811 ponatur,
1246 2757 1271 2798 i
1296 2772 1329 2798 e.
1351 2758 1454 2811 finis
1473 2769 1516 2793 eo

1110 2815 1181 2853 Ll
1214 2818 1239 2855 2
