1834 3188
1358 159 1455 205 321

417 167 587 200 VERAE
625 166 896 199 IilsTORIAE
932 168 1024 201 Lm.
1068 169 1114 200 Π.

68 268 283 311 κατέλιπον
314 260 444 310 αὐτοῦ·
467 266 702 320 δεδεμένην,
743 263 866 315 αὐτὸς
886 266 928 309 δὲ
948 262 1132 308 α’νελθών
1153 266 1215 308 ἐπὶ
1236 266 1280 310 τό
1301 268 1506 325 στέγος,Ρ.
1523 286 1602 321 140,

70 334 198 391 ἐβόων
212 352 267 385 τε,
300 336 370 377 καὶ
385 333 481 385 τούς
497 336 681 391 ἑταίρους
699 332 962 377 συνεκάλουν.
995 335 1078 377 ἐπεὶ
1098 335 1138 378 δὲ
1158 341 1379 391 συνῆλθον,
1410 337 1461 381 τὰ
1498 321 1501 325 ¹

67 403 200 445 πάντα
223 400 402 457 ἐμήνυον
426 399 583 454 αὐτοῖς,
624 404 693 445 καὶ
715 401 764 445 τά
794 420 837 444 τε
867 398 966 445 ὅστόἱ
995 402 1218 455 ἐδείκνυον,
1256 406 1325 448 καὶ
1356 401 1460 462 ἦγον

68 474 162 515 εἴσω
181 475 230 521 ¹¹)
261 469 363 526 πρὸς
383 469 457 524 τὴν
485 471 718 525 δεδεμένην·
749 467 777 524 ἦ
804 471 845 512 δὲ
874 466 1016 512 αὐτίκα
1040 467 1151 526 ’ὕδωρ
1186 473 1358 528 ἐγένετο,
1390 475 1482 516 καὶ,

69 536 234 594 ἆφανής
251 533 314 593 ἧν.
348 538 456 594 ὅμως
476 541 517 583 δὲ
536 538 578 582 τὸ
598 542 714 592 ξίφος
737 541 794 588 εἰς
814 536 857 580 τὸ
879 536 987 594 ὕδωρ
1010 544 1177 592 καθῆκα
1196 538 1457 598 πειρώμενος·

66 607 112 651 τὸ
135 610 176 651 δὲ
196 606 294 661 αἷμα
316 609 478 663 ἐγένετο.
547 609 702 661 Ταχέως
719 603 795 649 οὖν
825 608 891 649 ἐπὶ
914 612 1017 648 ναῦν
1048 607 1327 661 κατελθόντες,
1358 607 1457 654 ἀπε·
1482 617 1540 659 47

66 675 315 730 πλεύσαμεν·
355 678 424 719 καὶ
451 677 534 718 ἐπεὶ
556 673 683 730 ἡμέρα
706 672 934 730 ὑπηύγαζε,
974 673 1051 728 τήν
1082 693 1121 718 τε
1151 676 1324 733 ἤπειρον
1352 675 1456 722 dno-

66 744 324 801 βλεπόμενοι,
356 742 562 797 εἰκάζομεν
581 743 683 786 εἶναι
700 742 773 798 τὴν
793 740 1008 798 ἀντιπέραν
1023 749 1072 797 τῇ
1087 740 1166 796 ὕφ’
1184 743 1300 800 ἡμῶν
1318 750 1455 790 οἰκον·

67 816 165 867 μένῃ
178 815 374 867 κειμένην.
406 811 754 868 προςκυνήσαντες
771 812 811 854 δὲ
831 814 877 863 ⁰)
907 814 975 855 καὶ
996 811 1328 867 προςευξάμενοι,
1359 816 1455 867 περὶ

65 886 144 924 τῶν
161 880 382 936 μελλόντων
406 882 678 934 ἐσκοποῦμεν,
708 881 776 923 καὶ
802 886 887 930 τοῖς
916 881 987 935 μὲν
1020 879 1154 924 ἐδόκει
1188 883 1352 937 ἐπιβᾶσι
1381 883 1455 938 μό-

65 967 140 992 νον
154 980 165 999 ,
200 942 324 998 αὖθις
341 946 469 991 ὀπίσω
490 944 753 1004 ἀναστρέφειν
768 961 778 971 ·
806 955 892 999 τοῖς
914 951 974 1002 δὲ,
1015 948 1060 992 τὸ
1076 951 1146 1005 μὲν
1169 953 1311 992 πλοῖον
1327 948 1455 993 αὐτοῦ

62 1023 317 1069 καταλιπεῖν,
349 1015 594 1067 ἀνελθόντας
615 1019 657 1060 δὲ
678 1021 732 1067 εἰς
750 1019 799 1072 p)
831 1017 920 1072 τήν,
934 1016 1178 1075 Μεσόγαιαν
1205 1023 1454 1071 πειραθῆναι

63 1090 143 1128 τῶν
165 1083 442 1129 ἐνοικούντων.
473 1087 515 1128 ἐν
540 1085 620 1143 ὅσῳ
645 1088 687 1130 δὲ
707 1092 829 1129 ταῦτα
850 1083 1129 1142 ἐλογιζόμεθα,
1170 1085 1316 1140 χειμών
1347 1100 1454 1140 σφα-

64 1153 162 1209 δρὸς
195 1153 416 1206 ἐπιπεσών,
462 1172 531 1197 και
556 1153 810 1210 προςαράξας
829 1158 878 1208 q)
906 1153 950 1196 τὸ
988 1168 1148 1207 σκαφος
1173 1158 1228 1212 τῷ
1258 1155 1448 1212 αἰγιαλῷ,

64 1224 265 1266 διέλυσεν·
294 1221 410 1301 ημεῖς
433 1223 474 1264 δὲ
493 1221 608 1276 μόλις
628 1221 923 1277 ἐξενηξάμεθα,
955 1241 1003 1264 τα
1035 1220 1137 1264 όπλοι
1142 1223 1352 1303 -e'nactog,
1383 1223 1453 1264 καὶ

64 1294 102 1335 εἴ
116 1310 153 1334 τι
172 1290 266 1333 ἄλλο
289 1289 378 1339 οἷός
394 1308 432 1333 τε
447 1309 498 1344 ην
516 1289 806 1346 αρπασάμενοι
872 1295 1003 1333 Ταῦτα
1019 1291 1088 1344 μὲν
1108 1291 1182 1333 οὖν
1195 1292 1242 1343 ι’)
1274 1308 1323 1333 τα
1341 1291 1453 1346 μέχρι

111 1406 162 1449 n)
188 1403 361 1450 εἰ”σω]
350 1403 419 1440 ἔσω
441 1406 534 1450 Aug.
597 1409 640 1448 ο)
668 1404 741 1450 δε]
770 1403 809 1440 δ’
831 1418 901 1440 ουν
920 1404 1032 1440 niem
1093 1405 1139 1448 p)
1167 1403 1257 1447 εἰς]
1282 1401 1319 1444 ἐς
1336 1403 1450 1437 idem.

158 1452 201 1496 q)
227 1435 566 1495 προςαράξας]
599 1450 886 1497 ,,προςαῤῥάξας
913 1451 1008 1484 Edd.
1067 1451 1139 1484 Sed
1168 1450 1269 1486 conf.
1306 1463 1335 1483 1.
1366 1451 1451 1483 Ver.

153 1497 250 1530 Hist,
272 1509 304 1530 c.
324 1509 380 1540 30.
409 1497 475 1530 fin.
482 1501 504 1518 “
556 1499 659 1532 Unde
688 1500 847 1544 patebit,
884 1509 995 1542 quam
1023 1508 1156 1542 parum
1187 1496 1257 1529 sihi
1286 1498 1451 1528 Reztzius

153 1543 378 1579 constiterit.
451 1546 497 1588 r)
524 1540 633 1588 οὖν]
662 1546 774 1590 vulgo
804 1544 982 1579 omissum
1012 1555 1098 1577 cum
1117 1543 1232 1577 ,Sc-,hm
1256 1541 1405 1576 restitui
1432 1552 1452 1574 e

155 1598 257 1634 2954.
281 1590 397 1626 Schol.
420 1595 457 1623 et
474 1593 570 1636 Aug.

787 1701 869 1741 que
902 1685 1111 1740 peractiS,
1156 1682 1261 1738 quid
1296 1681 1452 1722 deinde

59 1689 139 1726 lam
165 1683 336 1739 quidem
359 1687 546 1727 vinctam
570 1687 634 1727 ibi
659 1703 729 1728 re-

785 1745 901 1783 facto
935 1756 1042 1795 opus
1073 1751 1205 1785 esset,
1239 1740 1452 1780 delibera-

59 1743 234 1795 linquo:
296 1758 532 1784 conscenso
587 1755 724 1785 autem

62 1808 203 1848 tecm,
237 1801 420 1839 clamore
441 1816 636 1841 convoco
659 1816 725 1840 so·
784 1814 891 1838 mu8.
952 1800 1097 1851 Atque
1135 1797 1229 1835 aliis
1270 1796 1452 1835 videba-

61 1855 178 1918 ciosf
242 1858 512 1911 congregatis
576 1857 724 1896 indico
784 1866 879 1906 tur,
933 1864 1031 1909 post
1065 1854 1234 1892 brevem
1272 1852 1451 1892 descen-

62 1925 203 1949 Omnla
221 1945 231 1962 ‚
266 1927 359 1952 ossa
378 1913 578 1963 ostendo,
612 1914 723 1955 intra
784 1928 898 1961 sum,
933 1912 1083 1951 iterum
1106 1924 1183 1949 nos
1207 1919 1318 1948 retro
1339 1908 1450 1946 redi-

60 1980 131 2005 eos
154 1965 317 2008 deduco
340 1968 392 2008 ad
419 1970 619 2010 vinctam.
668 1971 727 2008 At
784 1984 851 2016 re;
887 1969 980 2007 aliis
1015 1977 1181 2015 autem,
1214 1965 1362 2005 relicta
1385 1963 1449 2002 ibi

62 2023 135 2060 illa
158 2024 300 2062 statim
326 2025 371 2063 in
398 2040 550 2079 aquam
573 2025 727 2066 difflu-

62 2091 136 2116 ens
153 2107 164 2128 ,
213 2092 486 2133 conspectum
532 2093 723 2122 nostrum

61 2133 226 2188 effugit.
260 2137 419 2176 Tamen
442 2139 724 2190 experimenti

61 2205 207 2229 caussa
229 2191 272 2229 in
298 2192 431 2245 ipsam
462 2209 612 2246 aquam
643 2194 724 2234 de-

60 2247 185 2285 mitto
202 2247 419 2311 gladium:
453 2249 523 2288 hic
546 2265 655 2304 aqua
678 2251 723 2288 in

59 2303 309 2356 sanguinem
335 2306 455 2344 abiit.
520 2307 726 2346 Celeriter

61 2359 208 2411 itaque
249 2361 301 2398 ad
345 2377 494 2401 navem
547 2361 724 2417 digressi

59 2415 276 2458 solvimus.
351 2419 458 2458 Cum
509 2420 724 2457 illucesce-

61 2481 144 2521 ret,
185 2473 475 2514 continentem
502 2475 723 2527 conspici-

61 2542 174 2576 mus,
211 2543 333 2581 quam
360 2531 612 2582 conjicimus
633 2545 723 2569 eam

61 2597 171 2632 esse,
205 2601 312 2638 quae
332 2601 383 2624 ex
404 2588 623 2626 advexsum
647 2601 721 2626 no-

62 2649 146 2677 stro
173 2642 264 2678 orbi
290 2651 402 2682 trans
429 2644 625 2683 Oceanum
655 2647 719 2696 ja-

62 2704 141 2733 cet.
201 2696 465 2739 Adoratione
494 2700 564 2740 hic
585 2701 716 2740 votis·

106 2763 251 2795 Luc-'han
281 2766 314 2798 V
318 2766 362 2799 ol.
390 2768 458 2800 IP'.

783 2037 892 2065 nave
923 2038 1095 2078 pergem
1130 2036 1273 2061 versus
1307 2020 1448 2060 medi-

784 2092 997 2131 terranea,
1037 2089 1164 2133 atque
1190 2087 1353 2118 tentare
1385 2077 1448 2115 in·

783 2138 1041 2176 habitantes.
1102 2137 1220 2173 Dum
1251 2134 1332 2173 ista
1364 2133 1450 2171 dis-

782 2205 1003 2246 putamus,
1048 2200 1274 2244 tempestas
1308 2189 1449 2228 valida

784 2251 1014 2314 ingruens,
1049 2259 1090 2287 et
1121 2248 1242 2286 litori
1267 2245 1447 2284 allidens

784 2306 1032 2359 navigium,
1083 2303 1193 2342 illud
1232 2302 1447 2341 dissolvit.

782 2362 874 2400 Nos
897 2362 993 2410 vix,
1028 2375 1139 2399 arma
1159 2359 1338 2413 quisque
1357 2371 1446 2405 sua,

784 2427 825 2456 et
849 2419 884 2455 si
917 2416 1021 2471 quid
1056 2418 1167 2455 fone
1199 2413 1315 2453 aliud
1350 2412 1445 2466 quis

782 2484 946 2526 posset,
994 2473 1251 2523 eripientes,
1294 2479 1447 2508 enata—

781 2544 890 2569 mus.
951 2530 1067 2567 Haec
1087 2536 1211 2593 sunt’.
1244 2539 1351 2579 quae
1377 2538 1443 2562 us-

780 2600 861 2639 que
884 2584 933 2623 ad
963 2585 1167 2623 adventum
1196 2586 1237 2622 in
1270 2585 1441 2619 alteram

779 2642 894 2680 illam
915 2644 1106 2679 tellurem
1128 2639 1350 2701 contigere
1364 2637 1440 2674 mi-

777 2698 824 2736 hi
854 2699 898 2736 in
927 2697 1052 2748 mari,
1084 2706 1125 2736 et
1149 2709 1221 2748 per
1254 2693 1439 2747 naviga-

1120 2752 1162 2791 X
