1834 3188
216 326 251 359 p.
266 319 348 353 820.

278 533 333 572 77

217 1143 347 1181 p.821.

370 197 465 243 108

856 204 1263 237 LUCIANI

361 326 412 352 να
431 306 553 357 εἶναι,
585 304 654 346 καὶ
675 300 867 359 γνώμονα
887 309 962 347 τοῦ
981 301 1083 345 κατὰ
1105 301 1178 356 τὴν
1199 298 1347 357 ἆρετήν
1366 304 1469 358 βίου.
1501 299 1558 358 (ὅ
1577 301 1653 358 γὰρ
1677 301 1748 344 καὶ

362 375 462 421 κατὰ
493 371 734 429 μικρότατον
764 374 931 423 ἐνδέων,
963 370 1125 424 ἀτελὴς,
1157 366 1234 427 κᾷίν
1264 369 1395 412 πάντα
1415 373 1459 423 y)
1493 374 1615 415 πλείω
1633 370 1745 426 ἔχῃ.)

363 449 399 490 εἰ
419 445 461 487 δὲ
478 446 592 484 τοῦτο
618 438 728 494 ου’χὶ,
764 437 921 483 οὐδέπω
943 437 1160 493 εὐδαίμων.

477 527 617 565 ΕΡΜ.
648 517 809 562 ,Ου’δένα
830 525 1015 562 τοιοῦτον
1040 519 1159 562 εἶδον.

473 594 608 633 ΛΥΚ.
652 582 784 644 Εὖγε,
827 582 859 629 ὦ
889 585 1122 642 Ἑρμότιμε,
1166 587 1226 630 ὅτι
1259 584 1308 630 οὔ
1328 585 1460 644 ψεύδῃ
1484 585 1601 630 ἑκών·
1634 587 1689 635 εἷς
1707 587 1744 628 τί

359 666 458 719 γοῦν
479 657 718 712 ἀποβλέπων
740 661 1000 709 φιλοσοφεῖς,
1034 654 1128 698 ὅταν
1149 653 1247 713 ὁρᾷς
1274 654 1372 709 μήτε
1402 655 1471 698 τὸν
1500 653 1745 697 διδάσκαλον

359 729 429 772 τὸν
451 726 521 770 σὸν
536 758 551 777 ,
582 723 678 779 μήτε
697 722 766 766 τόν
785 725 966 774 ἐκείνου,
998 722 1094 778 μήτε
1113 722 1181 766 τόν
1202 724 1280 777 πρὸ
1305 720 1460 774 αὐτοῦ,
1494 721 1590 777 μηδ’
1613 723 1659 776 Ζ)
1692 719 1745 763 ἂν

360 800 416 846 εἰς
438 795 673 849 δεκαγονίαν
701 790 926 847 ἀναγάγῃς,
958 794 1108 845 μηδένα
1141 789 1271 834 αὐτῶν
1296 791 1426 845 σοφὸν
1445 788 1642 846 ἀκριβῶς,
1674 792 1744 832 καὶ

362 863 428 908 διὰ
452 868 570 905 τοῦτο
601 858 821 912 εὐδαίμονα
849 862 1134 915 γεγενημένον,
1174 859 1267 903 οὐδὲ
1286 860 1360 916 γὰρ
1382 858 1432 902 ὂὶν
1452 862 1582 902 έκεῖνο
1607 855 1745 913 ὀρθῶς

363 935 513 980 εἷ’ποις,
549 927 602 977 ὥς
623 926 800 981 ἀπόχρη,
835 925 912 984 κᾷν
935 931 1104 982 πλησίον
1131 930 1225 983 γένῃ
1248 934 1320 982 τῆς
1348 926 1626 982 εὐδαιμονίας,
1658 927 1744 969 ε’πεὶ

361 1000 479 1044 οὐδὲν
498 998 655 1051 ὄφελος.
689 994 839 1050 ὁμοίως
864 994 940 1051 γαρ
969 998 1040 1046 ἔξω
1067 1001 1142 1038 τοῦ
1163 994 1290 1040 οὐδοῦ
1318 1000 1397 1040 ἐστι
1416 1000 1485 1048 a),
1517 997 1586 1038 καὶ
1615 998 1656 1038 ἐν
1685 999 1744 1048 τῷ

614 1063 635 1077 ΓΙ

359 1068 573 1123 ὑπαίθρῳ,
614 1082 714 1115 ο,τε
742 1063 850 1118 παρα
879 1063 950 1117 τὴν
976 1063 1114 1118 θύραν
1145 1067 1215 1115 ἔξω
1248 1063 1389 1115 ἑστώς,
1439 1067 1507 1107 καὶ
1537 1062 1558 1107 ὅ
1588 1064 1743 1117 πόρῤω.

362 1134 632 1180 διαλλάττοιεν
657 1131 696 1174 δ’
720 1130 790 1183 ἂν,
825 1130 884 1173 ὅτι
906 1137 1057 1184 μᾶλλον
1087 1127 1205 1181 οὗτος
1234 1129 1459 1182 οἷνιοὲσεται,
1495 1129 1600 1182 δρῶν
1631 1127 1743 1186 ἐγγύ-

358 1213 456 1253 θεν,
489 1205 583 1246 οἵων
602 1202 816 1256 ἐστέρηται.
851 1198 957 1252 εἶτα,
988 1202 1056 1242 ἵνα
1086 1202 1253 1254 πλησίον
1274 1196 1323 1256 b)
1354 1201 1448 1257 γένῃ
1465 1205 1535 1254 τῆς
1558 1198 1749 1252 εὖδαιμο-

405 1348 450 1393 y)
476 1343 653 1389 πῐαντα]
680 1357 726 1377 τα
744 1354 847 1398 5011.
876 1341 974 1398 quod
995 1342 1118 1375 Belino
1138 1343 1342 1387 probatum
1368 1343 1511 1399 recepit
1532 1343 1646 1377 διῆηι.
1672 1341 1744 1376 Sed

454 1395 493 1426 V
492 1383 836 1445 01·21.1nal11it:m]w
854 1385 1075 1423 κατὰπάντα
1091 1387 1335 1433 πλεονεκτήσῃ
1352 1403 1397 1423 τα
1410 1387 1511 1424 ἄλλα.
1539 1392 1626 1422 Atv.
1648 1389 1743 1423 Adn.

451 1439 490 1480 z)
518 1436 655 1480 μηδ’]
679 1432 771 1479 μήτ’
799 1437 895 1489 conj.
917 1436 957 1466 9ι
957 1435 1031 1468 lzm.
1061 1435 1211 1468 inscite:
1247 1435 1346 1479 μηδ’
1364 1431 1409 1469 ἂν
1430 1442 1503 1468 est:
1541 1449 1664 1479 neque,
1689 1437 1741 1476 si,

450 1485 476 1518 i.
497 1496 528 1518 e.
551 1492 657 1515 elzzm
687 1495 773 1522 non,
799 1484 850 1523 .’,s1
877 1480 972 1514 auch
1001 1493 1062 1513 mc
1066 1481 1128 1523 1t,
1168 1492 1284 1514 wenn.
1336 1483 1471 1514 Verum
1500 1481 1636 1538 pudet
1662 1492 1742 1514 rem

448 1528 682 1563 notissimam
702 1538 865 1559 monere.
928 1528 972 1567 a)
1000 1525 1084 1569 ἔξω
1111 1539 1196 1561 του
1223 1525 1279 1561 ov’
1292 1528 1382 1562 δοῦ
1407 1526 1532 1568 ἐστι]
1559 1526 1654 1570 ,μέζω
1675 1528 1741 1571 τῆς

450 1573 544 1612 ὁδοῦ
564 1572 645 1618 {opt}
639 1587 669 1606 v
690 1573 782 1606 Edd.
834 1571 938 1606 Sedi
925 1571 998 1606 ἐστι
1019 1575 1046 1605 (J
1051 1573 1135 1608 odd.
1156 1575 1208 1606 M.
1230 1580 1266 1605 et
1286 1575 1326 1607 L.
1334 1577 1357 1593 “
1406 1574 1591 1606 Euclitice
1611 1574 1744 1617 scnpsi

448 1621 545 1662 ἐστι,
574 1633 689 1674 quum
709 1620 893 1661 scriptura
915 1617 988 1652 ε’στι
1010 1619 1210 1651 verborum
1229 1631 1379 1653 sensum
1399 1631 1615 1663 perversum
1636 1624 1740 1652 esset.

449 1670 496 1703 In
528 1674 616 1700 v-ett
634 1667 746 1699 etiam
773 1665 866 1697 Edd.
889 1665 969 1696 aliis
1000 1663 1080 1708 ἐσμὲ
1084 1678 1104 1698 v
1135 1665 1296 1710 editum,
1321 1666 1359 1699 in
1390 1666 1472 1699 aliis
1501 1664 1619 1711 ἐσμεν.
1691 1665 1741 1708 h)

447 1718 538 1759 πλη
553 1714 598 1748 σι’
611 1716 689 1755 ον]
723 1709 860 1756 ,,πλεόν
880 1711 963 1744 Par.
994 1712 1076 1744 sola
1095 1711 1204 1746 male.
1209 1713 1233 1730 “

358 1844 523 1898 qualem
547 1849 716 1894 oportet
737 1853 849 1891 esse,
882 1853 1020 1878 canon
1078 1840 1161 1878 lius
1183 1839 1289 1890 fuir,
1323 1853 1461 1893 neque
1483 1839 1556 1892 qui
1578 1847 1674 1877 ante
1697 1837 1743 1876 i·-

360 1900 435 1954 qui
477 1898 626 1936 haberi
664 1897 769 1935 velit
799 1906 840 1935 et
876 1899 1021 1950 regula

357 1957 472 1994 vitae
506 1954 557 1992 ad
587 1954 786 1992 virtutem
819 1954 1023 2015 composi-

358 2023 432 2050 iae.
496 2010 582 2063 Qui
610 2010 722 2048 enim
753 2011 818 2048 vel
847 2009 1020 2045 minima

358 2067 404 2105 in
437 2081 479 2104 re
513 2065 754 2111 deficiatur,
798 2065 1020 2116 imperfec-

357 2133 426 2161 tus
445 2132 520 2171 est,
535 2121 807 2175 quantumvis
822 2120 1019 2158 omnibus

358 2179 404 2216 in
424 2179 545 2218 rebus
566 2177 657 2216 aliis
676 2186 861 2229 superet.
923 2176 1020 2214 Hoc

358 2250 459 2274 vero
481 2235 517 2272 si
541 2248 624 2273 non
649 2234 725 2283 sit,
759 2231 950 2270 noudum
968 2242 1023 2270 cst

356 2290 519 2331 beatus.

414 2347 552 2386 Herm.
578 2349 723 2385 Talem
743 2344 937 2400 equidem
960 2344 1022 2384 vi-

360 2401 403 2441 di
425 2404 650 2443 neminem.

415 2459 514 2512 Lyc.
544 2460 678 2498 Recte
699 2458 1022 2507 istud‚Hermo-

359 2514 487 2564 time,
537 2514 650 2567 quod
695 2530 781 2554 non
825 2515 1018 2554 mentiris

360 2570 545 2622 prudens
565 2586 610 2608 ac
629 2574 792 2612 volens.
823 2572 921 2625 Quo
940 2571 1020 2623 igi-

359 2636 428 2664 tur
457 2627 638 2664 consilio
679 2627 1020 2679 philosopharis,

360 2697 455 2720 cum
502 2681 669 2733 videas,
717 2697 853 2737 neque
899 2693 1020 2721 tuum

358 2738 633 2794 magistrum,
682 2753 820 2793 neque
856 2738 931 2792 qui
963 2739 1022 2777 il-

1079 1907 1187 1935 stum
1203 1926 1216 1943 ,
1249 1910 1386 1949 neque
1408 1898 1443 1934 si
1467 1895 1516 1933 ad
1538 1895 1743 1934 decimam

1080 1953 1198 2006 quasi
1230 1954 1545 2006 generationem
1574 1950 1745 1990 adscen-

1080 2009 1165 2057 das,
1194 2022 1441 2062 quemquam
1464 2009 1633 2046 illorum
1657 2010 1745 2060 pla-

1080 2081 1132 2104 ne
1169 2065 1428 2115 sapientem,
1487 2074 1527 2102 et
1567 2073 1745 2116 propter

1080 2121 1163 2159 hoc
1192 2120 1362 2159 beatum
1392 2119 1558 2159 fuisse?
1593 2119 1742 2173 Neque

1080 2192 1179 2216 vero
1231 2175 1339 2214 illud
1389 2187 1499 2216 recte
1554 2176 1744 2222 dixeris,

1082 2232 1274 2271 sufficere
1304 2232 1409 2283 tibi,
1443 2233 1479 2271 si
1515 2235 1581 2272 vel
1611 2246 1746 2284 prope

1082 2290 1331 2328 felicitatem
1370 2290 1532 2329 venias.
1613 2287 1742 2326 Nihil

1083 2346 1194 2384 enim
1216 2346 1466 2398 profeceris:
1499 2359 1592 2383 nam
1607 2357 1740 2396 aeque

1081 2412 1200 2440 extra
1220 2403 1349 2440 limen
1370 2411 1431 2441 est
1452 2409 1491 2440 et
1515 2400 1591 2438 sub
1612 2399 1736 2448 divo,

1081 2468 1166 2496 tam
1191 2458 1265 2510 qui
1294 2456 1343 2495 ad
1366 2460 1532 2509 januam
1562 2465 1645 2494 stat
1665 2457 1742 2494 fo-

1079 2515 1157 2563 ris,
1193 2527 1313 2566 quam
1339 2514 1409 2565 qui
1432 2527 1452 2551 e
1473 2512 1737 2566 longinquo:

1080 2580 1121 2608 et
1164 2570 1207 2606 iu
1251 2569 1331 2607 hoc
1369 2570 1480 2607 forte
1517 2568 1736 2617 differant,

1080 2624 1194 2681 quod
1215 2625 1288 2663 ille
1309 2625 1439 2677 magis
1468 2624 1740 2664 excruciabi-

1080 2692 1170 2729 tur,
1205 2680 1279 2733 qui
1301 2694 1322 2719 e
1343 2681 1540 2733 ptoximo
1568 2679 1736 2730 videat,

1081 2737 1237 2791 quibus
1265 2735 1348 2775 sibi
1371 2736 1481 2776 bonis
1513 2735 1738 2776 carendum
