1834 3188
366 229 419 259 IN
455 227 693 266 QUOMODO
729 226 962 257 HISTORIA
999 224 1072 257 Sl'r
1109 223 1306 255 coNscR.
1466 208 1565 255 613

111 326 165 368 ad
186 341 307 382 quam
326 334 524 380 tanquam
544 327 756 378 exemplar
779 324 1068 378 composuisse
1086 320 1318 362 Alexandri
1336 318 1480 359 laudes
1501 318 1564 357 di..

109 385 221 423 citur
240 399 260 422 a
281 383 406 422 Suida
425 393 466 421 et
482 383 658 423 La‘c'riio.
721 381 816 434 Qua
839 381 1063 420 occasione
1079 388 1180 418 sunt
1199 380 1360 431 prolata
1383 376 1566 414 Alexan-

108 439 174 478 dri
195 439 343 488 verba,
379 453 486 492 quae
515 439 586 476 hic
611 441 825 493 leguntur.
885 436 1082 476 Mutavit
1100 445 1240 476 autem
1259 433 1338 472 Ed.
1360 434 1454 472 Par.
1478 447 1562 471 no-

105 511 202 536 men
229 496 347 535 illius
367 495 449 534 viri
472 495 516 533 in
543 498 832 548 Θνησίκρατες,
865 493 979 549 quod
999 507 1084 531 non
1111 505 1347 539 monerem,
1380 499 1423 528 et
1445 487 1565 526 incu-

103 553 193 592 riae
215 551 578 606 typographorum
601 552 848 604 imputarem
864 581 875 599 ‚
909 551 993 588 nisi
1014 549 1074 587 ita
1102 548 1278 587 vertisse
1297 546 1421 585 etiam
1444 544 1566 583 vide-

107 624 207 648 rem.
241 609 386 649 Strabo
405 610 610 661 permulta
631 622 682 646 ex
702 610 792 659 ejus
813 607 990 646 historia
1010 605 1135 644 habet
1153 605 1249 644 XV.
1264 613 1310 642 et
1327 602 1443 641 XVI.
1457 601 1565 642 Plut.

107 666 232 705 etiam
265 666 310 703 in
337 666 460 703 Alex.
521 662 602 704 Sed
637 662 748 714 apud
769 662 885 701 hunc
905 662 1029 703 etiam
1048 661 1214 701 variant
1235 658 1493 713 quandoque
1511 657 1565 696 li-

105 720 197 773 bri3
229 724 475 774 plerumque
498 729 635 759 tamen
662 719 900 759 Onesicritus
920 718 1062 766 audit,
1095 726 1143 756 ut
1166 722 1286 760 1282.
1307 716 1336 757 f.
1373 716 1417 756 V.
1435 713 1563 754 etiam

102 782 199 822 583.
221 778 252 817 f.
272 787 312 818 et
337 781 415 822 591
432 808 443 823 ‚
468 782 506 819 2.
544 776 694 816 Gellius
726 775 854 815 etiam
886 775 1144 814 Onesicrilum
1171 783 1285 812 recte
1318 780 1446 810 vocat
1472 771 1561 820 IX,

102 840 143 877 4.
176 836 344 876 Somn.
409 833 666 873 Onesicritum
699 831 835 881 hunc,
880 831 1209 883 hyperbolarum
1239 838 1280 868 et
1311 825 1567 866 mendacio-‘-

101 906 194 930 rum
217 905 302 929 non
332 889 496 940 minus,
529 903 653 941 quam
677 886 912 927 Alexandri
933 887 1091 938 ipsius,
1113 881 1460 938 ,ἀρχικυβερνήτην
1487 898 1564 922 no-

101 961 218 986 scere
249 947 376 988 facile
402 948 483 996 jam
505 955 566 984 est
597 959 649 984 ex
671 943 850 984 Fabricii
874 943 984 984 Bibl.
1011 944 1082 984 Gr.
1104 948 1153 991 3,
1180 948 1218 986 8.
1242 956 1282 994 p.
1308 946 1401 984 223.
1432 938 1564 978 Vide-

104 1002 177 1041 bat
215 1001 479 1050 Alexander,
531 1001 627 1039 illas
654 1001 997 1055 παραδοξολογίας
1031 998 1232 1038 sustineri
1269 998 1534 1049 aliquantum
1549 1024 1562 1045 ,

105 1058 203 1098 dum
224 1058 318 1110 ipse
339 1058 525 1107 viveret,
557 1056 741 1097 ridiculo
763 1058 951 1107 futuras,
983 1068 1027 1096 se
1051 1064 1236 1094 mortuo.
1271 1053 1408 1092 Gnsx.

212 1136 312 1178 Eacl.
336 1139 363 1176 l.
386 1138 427 1180 5.
455 1132 840 1190 Ἀναγινώσκουσιν)
881 1136 1074 1174 Postulat
1107 1132 1318 1174 sententia
1353 1131 1564 1172 futurum.

99 1194 259 1235 Invitis
288 1203 426 1232 tamen
450 1193 647 1231 omnibus
667 1193 788 1231 libris
816 1193 1032 1231 noluimus
1053 1200 1283 1229 mutatum:
1315 1188 1563 1244 praesertim

99 1266 195 1291 cum
221 1249 326 1289 adeo
350 1249 561 1302 discrepet
580 1248 630 1287 ab
655 1248 734 1288 hac
755 1250 979 1301 scriptura.
1013 1248 1183 1287 SOLAN.

212 1317 363 1358 Ead.1.
388 1321 428 1360 9.
456 1314 807 1371 ”Τπάγονται]
838 1315 967 1355 Reitz.
1000 1313 1118 1353 dedit
1141 1311 1358 1368 ἐπάγονται
1382 1326 1437 1359 εκ,
1455 1311 1493 1352 J.
1512 1311 1565 1350 li-

100 1386 169 1415 cet
194 1385 292 1414 cett.
317 1388 461 1412 omnes
481 1383 522 1413 et
549 1373 614 1412 Μ.
650 1372 854 1412 haberent
880 1369 1117 1426 ὑπάγονται.
1146 1373 1266 1409 male.
1295 1367 1466 1423 ὑπάγειν
1500 1377 1565 1407 est

101 1433 322 1472 subducere.
354 1431 407 1472 cf.
427 1431 496 1468 De
513 1431 648 1469 Mero.
674 1428 811 1469 Cond.
836 1443 868 1469 c.
891 1434 933 1472 7.
960 1432 1082 1468 ταῦτα
1112 1423 1256 1481 ὖπᾶγει
1282 1424 1454 1476 αὐτοὺς,
1495 1425 1565 1465 καὶ

103 1488 277 1536 δούλους
298 1484 386 1528 ἄντ’
405 1487 627 1539 ἐλευθέρων
647 1488 819 1539 τίθησιν.
844 1481 1089 1539 Ἐπάγονται
1110 1499 1195 1522 non
1217 1493 1324 1523 esset
1345 1483 1561 1535 ineptum;

100 1545 172 1584 sed
209 1542 316 1582 illud
345 1543 599 1582 auctoritate
628 1543 834 1580 librorum
877 1551 918 1580 et
957 1539 1209 1579 difficultate
1245 1537 1564 1578 commendatur

101 1602 265 1644 critico.
296 1600 414 1641 Rnn.
472 1598 689 1638 Restituta
712 1609 877 1643 vetere,
911 1611 1041 1651 eaque
1065 1596 1248 1649 optima,
1276 1594 1463 1634 lectione
1485 1592 1563 1630 be·

100 1654 154 1696 ne
177 1656 375 1695 meruisse
395 1655 444 1695 de
466 1665 585 1693 textu
602 1654 781 1693 Luciam?
801 1653 972 1694 videtur
987 1650 1238 1706 Rudolpszus.
1275 1651 1368 1690 Nec
1391 1650 1564 1702 Schmin·-

100 1714 213 1753 clerus
232 1712 354 1765 sequi
377 1711 605 1752 dubitavit.
636 1712 791 1752 Lmtm.

216 1768 319 1808 Ead.
341 1770 367 1806 l·
390 1774 453 1810 12.
491 1768 709 1818 Τοιοῦτος)
740 1767 881 1806 Notae
902 1775 1003 1805 sunt
1025 1766 1115 1804 sive
1137 1764 1396 1802 characteres
1419 1761 1565 1799 histo-

102 1826 204 1874 rici,
238 1824 289 1864 de
313 1824 469 1876 quibus
495 1822 578 1862 Cic.
599 1823 635 1862 1.
660 1822 711 1861 de
731 1825 809 1876 leg.
834 1833 875 1861 et
897 1821 947 1861 de
970 1821 1087 1861 Orat.
1111 1820 1242 1859 Str-ab.
1264 1819 1336 1858 lib.
1363 1824 1399 1861 1.
1423 1817 1560 1872 Polyb·

101 1883 175 1923 lib.
201 1887 267 1925 12.
290 1880 454 1935 Niceplr..
479 1880 604 1934 Greg.
626 1878 813 1933 princip.
834 1878 984 1918 histor.
1014 1878 1194 1917 Bounn.

214 1959 316 2000 Ead.
333 1962 359 2001 l.
382 1965 446 2003 13.
480 1956 766 2013 Συγγραφεύς)
797 1957 1041 1997 Historicus
1064 1954 1181 1995 omni
1200 1963 1313 1993 metu
1334 1966 1471 1992 carere
1491 1950 1561 1990 de-

101 2018 196 2066 bet,
229 2015 399 2055 dicendi
423 2014 656 2055 libertatem
680 2030 727 2054 ac
748 2014 969 2057 venitatem
993 2026 1153 2063 amare,
1185 2020 1233 2051 ut
1252 2010 1308 2050 sit
1332 2022 1429 2051 vere
1452 2010 1562 2060 παῤ-

99 2071 328 2130 ρησιαστής.
389 2071 510 2116 Cicer,
532 2077 571 2115 2.
596 2070 646 2111 de
670 2071 787 2113 Orat.
820 2070 965 2112 Coos.

215 2129 321 2169 Ibid.
346 2125 603 2182 Ἇὸέκαστος)
640 2127 901 2167 Philostratus
929 2127 975 2165 in
1007 2127 1186 2168 Polluce
1217 2137 1312 2178 pag.
1335 2125 1430 2166 593.
1464 2134 1560 2159 cum

105 2194 348 2238 usurpasset
368 2184 477 2223 hanc
502 2197 649 2222 vocem
664 2216 674 2234 ‚
710 2185 769 2222 sic
787 2183 990 2237 exponit:
1027 2180 1270 2227 ἀδεκάστους
1300 2180 1340 2221 δὲ
1359 2175 1562 2231 ἀκροατὰς

104 2246 214 2285 καλῶ
233 2239 327 2289 τοὺς
349 2239 444 2294 μήτε
468 2238 613 2288 εὔνους
633 2238 731 2292 μήτε
749 2238 943 2290 δύςνους,
976 2239 1050 2293 qui
1068 2236 1310 2278 verissimus
1331 2236 1456 2274 etiam
1487 2232 1560 2270 hic

105 2310 166 2340 est
190 2298 315 2351 hujus
337 2297 452 2336 vocis
475 2296 738 2343 sen511s3‘uti
765 2307 805 2336 et
829 2296 872 2334 in
892 2298 1085 2337 Hermot.
1104 2309 1139 2333 c.
1162 2297 1228 2337 64.
1249 2294 1429 2339 διανοίας
1449 2285 1557 2340 ἄκρι-

107 2361 206 2411 βοῦς
227 2355 294 2395 καὶ
322 2350 542 2395 ἀδεκάστου
572 2353 702 2406 Angli
726 2353 941 2406 aptissime
970 2366 1045 2406 per
1065 2348 1273 2391 unhiassed
1298 2348 1554 2401 exprimunt.

100 2414 268 2455 SOLAN.

214 2468 262 2507 P‘
335 2468 475 2508 2141.
499 2471 533 2507 1.
566 2462 784 2515 Κωμικὸς)
815 2463 1139 2519 (Aristophanes.
1174 2459 1339 2515 Vorst.)
1371 2458 1479 2501 Vide
1497 2468 1556 2498 et·

103 2525 184 2564 iam
202 2525 296 2565 Jfflr,
325 2525 450 2576 Trag.
470 2536 504 2560 c.
526 2527 594 2565 32.
627 2523 793 2561 somn.

216 2578 320 2620 Ibicl.
360 2579 412 2619 Τὰ
437 2582 575 2626 σῦκα)
606 2577 676 2617 Sic
707 2577 873 2628 passim.
905 2577 1085 2615 Bomm.
1146 2575 1304 2615 Omnes
1337 2574 1419 2614 hoc
1446 2587 1555 2627 pro-

107 2636 296 2675 verbium
317 2635 578 2688 Aristophani
600 2633 819 2679 tribuunt,
852 2647 973 2671 nemo
1005 2646 1104 2671 vero
1124 2640 1421 2671 commonstrat
1436 2662 1446 2679 ‚
1480 2629 1554 2668 ubi

110 2708 160 2733 ου
192 2702 347 2732 utatur.
409 2692 458 2730 In
489 2705 617 2742 marg.
637 2688 726 2728 Alci
750 2694 784 2731 1.
809 2687 1062 2740 adscriptum
1095 2690 1189 2742 lego
1218 2687 1422 2742 Aristoplz.
1447 2687 1490 2724 in
1517 2692 1554 2728 2.

112 2750 230 2789 Com.
290 2747 369 2788 Sed
392 2762 479 2788 non
509 2745 697 2800 reperio,
729 2743 937 2800 quidquid
967 2743 1228 2798 quaesierim.
1284 2744 1463 2799 Legisse
1492 2757 1557 2781 mo
