1834 3188
457 162 1149 195 TYRANNICIDA.
1391 156 1489 201 3:31

114 266 156 308 δὲ
174 260 387 318 ἆντιλέγει,
417 263 483 303 καὶ
506 261 655 315 φησὶν,
687 259 762 304 οὔκ
783 260 948 317 εὔλογον
966 265 1097 303 ποιεῖν
1124 279 1173 316 με
1196 267 1389 316 τιμᾶσθαι
1418 265 1492 306 θὲ-
1506 284 1543 317 p.
1558 273 1634 316 146.

114 339 256 382 λοντα,
288 333 356 373 καὶ
376 329 531 385 δωρεὰν
547 325 773 385 λαμβάνειν.
806 325 854 372 οὗ
873 328 948 385 γὰρ
971 327 1073 371 εἶναι
1094 331 1416 384 τυραννοκτόνον
1432 328 1493 384 l¹),
1507 347 1544 380 p.
1561 346 1637 380 147.

117 397 214 443 οὐδὲ
239 400 473 454 πεπρᾶχθαί
501 416 569 451 μοι
593 399 630 439 τὶ
658 396 759 440 κατὰ
791 396 861 440 τὸν
880 397 1031 451 νόμον,
1064 394 1152 440 ἄλλ’
1172 401 1298 442 ἐνδεῖν
1315 397 1358 451 11)
1388 419 1426 442 τι
1441 406 1498 458 τῷ

116 471 217 522 ἔργω
238 471 293 525 τῷ
313 469 412 524 ἐμῷ,
445 464 548 520 πρὸς
566 464 779 520 ἀπαίτησιν
794 471 864 519 τῆς
883 469 1045 520 δωρεᾶς.
1078 467 1343 521 πυνθάνομαι
1357 471 1497 511 τοίνυν

118 532 261 587 αὐτοῦ,
294 538 332 577 τί
347 533 491 578 λοιπὸν
509 531 683 583 ἀπαιτεῖς
699 531 799 588 παρ’
825 536 922 587 ἐμοῦ
938 530 1013 589 k),·
1045 532 1122 578 οὐκ
1139 534 1390 590 ἐβουληθην,
1422 554 1498 579 ουκ

118 600 326 658 ἀνῆλθον,
358 602 433 646 οὐκ
455 600 681 655 ἐφόνευσας
713 598 788 644 οὔκ
803 598 1084 656 ἠλευθέρωσα,
1116 603 1170 658 μή
1193 601 1238 655 1)
1268 622 1326 653 τις
1343 603 1499 646 επιτάτ-

118 690 174 714 τει
195 676 273 724 ¹¹¹);
312 672 367 727 μή
386 688 445 720 τις
464 668 636 718 κελεύεις
667 668 721 724 μή
750 687 809 718 τις
836 666 990 713 ἆπειλεῖ
1017 671 1232 726 δεσπότης,·
1273 670 1327 727 μή
1355 690 1415 721 τις
1450 690 1500 727 με

116 747 197 783 τῶν
216 739 454 795 κακούργων
475 740 682 794 διέφυγεν,
714 735 788 780 οὔκ
808 735 858 780 ἂν
877 741 1025 788 εἴποις·
1058 738 1156 781 ἄλλα
1176 739 1310 782 πάντα
1336 740 1501 795 εἰρήνης

121 808 265 862 μεστοὶ,
298 811 366 850 καὶ
384 807 529 856 πάντες
551 810 592 849 οἵ
605 805 745 861 νόμοι,
774 809 843 849 καὶ
869 810 1075 863 ἐλευθερία
1105 808 1260 862 σαφὴς.
1291 812 1357 852 καὶ
1379 814 1502 863 δημο-

120 880 263 932 κρατία
279 878 462 931 βέβαιος,
495 876 563 917 καὶ
581 875 703 930 γάμοι
722 871 980 930 ἀνύβριστοι,
1011 877 1076 918 καὶ
1097 880 1233 926 παῖδες
1250 873 1378 926 ἆδεεῖς
1392 910 1403 928 ,
1433 880 1503 920 καὶ

119 946 318 999 παρθένοι
346 943 566 998 ἀσφαλεῖς,
608 945 675 985 καὶ
704 943 948 998 ἑορτάζουσα
976 942 1048 998 τὴν
1079 944 1224 999 κοινὴν
1253 943 1438 999 εὐτυχίαν
1472 943 1501 1000 ἡ

120 1012 249 1062 πόλις.
301 1016 360 1061 τίς
390 1009 466 1054 οὖν
485 1011 507 1055 ὁ
537 1011 689 1054 τούτων
719 1009 908 1056 ἁπάντων
938 1014 1087 1062 αἰ’τιος;
1131 1016 1190 1063 τίς
1220 1011 1242 1056 ὅ
1270 1016 1401 1056 ἐκεῖνα
1432 1015 1503 1067 μὲν

118 1076 302 1130 σταύσας,
340 1079 388 1122 τα
418 1082 459 1123 δὲ
478 1082 525 1133 ¹¹)
556 1082 876 1134 παρεσχημένοςς
915 1084 949 1124 εἰ
976 1081 1051 1137 γάρ
1085 1100 1146 1131 τις
1175 1084 1254 1124 ἐστὶ
1273 1084 1321 1136 ⁰)
1352 1088 1431 1124 τῶν
1455 1084 1502 1134 1’)

119 1149 199 1203 πρὸ
222 1152 319 1204 ἐμοῦ
336 1155 529 1203 τιμᾶσθαι
561 1152 739 1200 δίκαιος,
770 1155 997 1205 παραχωρῶ
1023 1154 1096 1192 τοῦ
1122 1152 1269 1205 γέρως,
1302 1152 1504 1204 ἐξίσταμαι

120 1223 190 1271 τῆς
220 1221 383 1272 δωρεᾶς.
433 1220 468 1260 εἰ
495 1217 537 1259 δὲ
567 1216 692 1271 μόνος
719 1215 794 1272 ε’γώ
827 1217 956 1260 πάντα
984 1218 1280 1274 διεπραξάμην,
1322 1223 1500 1272 τολμῶν,

165 1331 215 1373 h)
241 1328 656 1373 τυραννοκτόνον]
680 1327 974 1374 τυραννοκτόνος
993 1331 1090 1364 male
1109 1341 1209 1376 2955.
1257 1333 1291 1375 i)
1320 1330 1503 1376 ἐνδεῖν]

212 1376 292 1411 ἐνδ
282 1381 311 1411 ῑ
338 1388 442 1420 5011
469 1384 504 1409 et
537 1391 572 1411 τι
594 1391 668 1411 των
695 1377 810 1433 ε’ργων
838 1390 912 1411 των
940 1376 1040 1421 ἐμων
1072 1389 1171 1422 2954.
1194 1386 1367 1412 neutrum
1393 1386 1506 1414 recte.

213 1421 687 1476 1;)πςιρέμου],,παρ
723 1436 830 1467 ημων
852 1425 933 1458 I2l.“
983 1425 1044 1457 Sic
1064 1431 1099 1456 et
1122 1433 1222 1469 2954.
1243 1432 1279 1457 et
1297 1437 1400 1468 3011.
1470 1425 1506 1463 1)

210 1467 295 1514 μή]
320 1470 359 1501 in
389 1470 471 1512 μῶν
499 1475 534 1501 et
560 1469 640 1511 hic,
667 1477 702 1503 et
725 1476 875 1515 postea,
901 1469 1123 1503 mutandum
1155 1482 1239 1503 cens
1245 1477 1280 1503 et
1294 1471 1372 1527 Bfl.
1392 1471 1508 1514 igno-

212 1520 298 1548 raris
319 1515 461 1571 quippe
473 1516 549 1548 vim
569 1517 774 1559 particulae
790 1516 839 1560 μή
862 1516 1182 1558 interrogativam.
1232 1519 1292 1559 m)
1319 1515 1508 1550 ἐπιτάτ-

211 1562 305 1606 τει]
334 1559 464 1602 ,.επιτά
453 1575 528 1607 ττῃ
546 1563 598 1594 Jl
607 1564 629 1580 ‘⁴
686 1565 734 1606 n)
760 1562 815 1596 τεὶ
841 1560 907 1606 δὲ]
937 1562 997 1594 Sic
1018 1562 1159 1594 scribi
1150 1574 1223 1604 Juss
1227 1562 1255 1594 it
1273 1565 1414 1595 ,Ιαιοὸης
1437 1574 1506 1606 pro

212 1608 311 1651 vulg.
331 1607 376 1641 τά
398 1609 448 1642 ὁε.
498 1611 542 1648 0)
570 1606 689 1650 ἐστὶ]
717 1633 759 1652 ‚,
747 1607 820 1643 ἐστι
840 1608 918 1641 sine
939 1610 1138 1642 accentuJ.
1146 1611 1169 1628 “
1219 1610 1266 1653 p)
1294 1609 1408 1661 τῶν]
1437 1621 1510 1642 πα-

215 1654 293 1698 ρών
310 1656 451 1687 Jacobs.
472 1667 528 1687 πω
549 1663 611 1687 aut
632 1655 706 1688 tale
726 1656 816 1701 quid
836 1656 1113 1699 reponendum,
1139 1660 1203 1688 aut
1220 1655 1372 1689 omnino
1397 1655 1511 1689 omit-

216 1701 392 1744 tendum,
418 1700 559 1742 judicat
588 1702 728 1735 Gesner.
776 1701 860 1734 Vid.
884 1700 1022 1733 Adnot.

125 1798 356 1852 judicatam
377 1798 580 1851 praemio.
633 1799 691 1838 At
709 1799 789 1838 iste
847 1814 912 1838 1118
973 1798 1260 1838 maleficorum
1326 1798 1508 1853 effugit?

127 1854 411 1902 contradicit,
457 1865 499 1894 et
530 1866 696 1907 praeter
726 1871 789 1894 ra·
848 1857 949 1895 'Non
975 1871 1075 1894 sane
1099 1855 1274 1900 dixeijis.
1335 1857 1415 1896 Sed
1441 1870 1512 1908 pa·

126 1913 288 1949 tionem
315 1913 452 1950 facere
484 1926 549 1950 me
582 1912 663 1958 ait,
715 1912 790 1964 qui
850 1927 896 1950 ce
939 1912 1081 1950 omnia
1116 1915 1265 1965 plena,
1327 1922 1368 1950 et
1399 1915 1513 1965 leges

128 1967 331 2005 1101101811
362 1971 596 2020 postulem,
649 1978 691 2006 et
724 1983 791 2005 ac-
849 1968 979 2007 valent
1000 1983 1171 2015 omnes,
1204 1980 1244 2007 et
1264 1969 1438 2008 libertas
1462 1968 1515 2006 11-

129 2024 271 2075 cipere
296 2025 555 2075 praemium:
588 2039 725 2077 neque
752 2039 791 2063 8-
819 2025 993 2079 ‘quida,
1012 2035 1051 2063 et
1074 2025 1235 2062 firmum
1261 2025 1412 2078 populi
1439 2026 1515 2062 im-

130 2081 216 2116 111111
242 2093 328 2117 esse
359 2095 421 2118 me
453 2081 792 2131 tyrannicidam,
852 2097 1030 2133 perium,
1063 2091 1103 2120 et
1122 2081 1392 2120 matrimonia
1415 2096 1516 2120 con-

131 2149 270 2188 neque
297 2146 512 2187 peractum
536 2151 556 2174 a
580 2151 643 2176 me
668 2137 792 2190 quid·
853 2139 1039 2176 tumeliis
1061 2152 1147 2176 non
1171 2138 1374 2186 obnoxia,
1406 2148 1447 2176 et
1464 2136 1516 2174 li-

114 2205 257 2244 quam
280 2192 509 2229 secundum
529 2195 686 2245 legem;
721 2193 793 2232 sed
855 2194 943 2233 beri
964 2205 1097 2232 metus
1117 2206 1310 2246 expertes
1328 2224 1338 2240 ‚
1373 2204 1414 2232 et
1434 2193 1517 2231 vir·

132 2247 274 2287 deesse
297 2247 460 2299 aliquid
484 2249 602 2299 operi
625 2263 718 2288 meo
742 2249 793 2286 ad
855 2251 974 2304 gines
1007 2264 1203 2300 securae,
1249 2261 1290 2290 et
1324 2263 1520 2289 commu-

134 2304 202 2352 id,
240 2314 288 2342 ut
316 2306 534 2356 postulare
561 2306 794 2356 praemium
838 2307 921 2344 .nis
952 2307 1174 2346 felicitatis
1207 2321 1353 2346 caussa
1385 2307 1519 2344 festos

134 2361 306 2413 possim.
348 2361 572 2413 Interrogo
592 2360 727 2413 igitur
748 2361 796 2398 il·
858 2361 947 2400 dies
973 2363 1063 2416 agit
1084 2363 1249 2403 civitas.
1313 2362 1420 2416 Quis
1440 2361 1521 2414 igi-

134 2421 246 2466 lum,
281 2416 397 2469 Quid
429 2416 640 2468 reliquum
679 2431 700 2454 a
735 2431 799 2454 me
858 2427 927 2456 tur
948 2427 1096 2456 auctor
1116 2417 1267 2458 horum
1291 2418 1478 2458 omnium
1498 2416 1519 2455 (ἒ

135 2473 280 2526 poscis
297 2474 316 2511 ’ἶ
376 2486 461 2510 non
502 2471 658 2510 volui?
711 2487 798 2510 non
863 2475 958 2524 quis
980 2484 1070 2521 est,
1109 2476 1182 2528 qui
1205 2475 1300 2513 istis
1324 2473 1522 2513 omnibus

137 2529 304 2568 escendi
320 2529 339 2567 ἱ)
362 2543 446 2566 11011
462 2529 692 2567 interfeci?
713 2543 799 2566 non
863 2529 986 2568 finem
1012 2530 1244 2582 imposuit,
1276 2531 1379 2570 haec
1406 2544 1523 2583 prae·

139 2585 344 2623 liberavi?
370 2585 570 2638 numquis
590 2585 800 2637 imperat?
864 2585 1012 2623 stitit?
1040 2587 1192 2638 Siquis
1213 2589 1324 2626 enim
1343 2597 1406 2626 est
1427 2600 1525 2639 prae

144 2642 341 2694 numquis
392 2641 509 2692 jubet
525 2642 544 2678 ἰ)
600 2641 803 2693 numquis
865 2656 929 2681 me
950 2642 1105 2695 dignus
1127 2643 1291 2682 honore
1307 2676 1316 2692 ‚
1350 2642 1453 2682 cedo
1475 2643 1528 2679 il-

142 2696 341 2735 dominus
360 2697 576 2736 minatur?
605 2698 806 2750 numquis
866 2699 897 2736 li
929 2699 1145 2751 praemio,
1187 2700 1390 2739 renuntio
1427 2714 1527 2736 mu—
