1834 3188
375 199 426 228 IN
464 197 702 236 Quomono
741 196 979 228 msronm
1017 197 1093 227 ενι·
1129 198 1328 231 consen.
1484 189 1584 238 595

112 306 328 337 auctorem
349 295 480 335 refert
497 297 608 350 ἒρωτ.
633 298 742 340 1358
758 327 768 345 ‚
792 300 833 338 2.
863 295 950 337 ἐπεὶ
978 299 1055 337 νῦν
1080 289 1207 349 ἦλθεν
1239 296 1303 340 ἐπὶ
1332 296 1459 353 στόμα
1490 299 1584 344 κατ’

111 356 316 408 Λῗσχυλον
334 361 414 392 etc.
475 355 532 390 At
549 353 709 404 Dionys.
730 351 871 391 Halic.
891 351 944 391 de
964 361 1113 393 struet.
1136 366 1197 393 or.
1217 352 1242 393 Ι
1252 384 1265 404 ,
1286 360 1327 399 8.
1346 354 1414 398 ed.
1435 358 1580 401 Lond.

112 411 238 449 aliter
257 420 300 449 et
324 409 476 449 iisdem
494 410 582 448 fere
603 409 768 454 verbis,
799 406 955 461 quibus
978 407 1024 446 in
1051 410 1237 464 vulgatis
1263 409 1337 450 hio
1357 412 1579 465 Lucianus,

112 467 164 506 ad
188 466 304 506 hunc
325 480 476 520 nempe
495 464 693 506 modum:
727 467 763 507 εἰ
781 466 963 518 μέλλουσι
984 463 1038 518 μὴ
1059 469 1144 507 πᾶν
1165 463 1210 518 ὅ,
1224 483 1258 509 τι
1280 483 1351 510 κεν
1371 466 1435 512 ἐπ’
1462 466 1584 513 ἄκαι-

112 527 233 577 ρίμαν
253 528 435 578 γλῶσσαν
459 524 553 570 ἔπος
575 524 672 578 ἔλθῃ
694 523 819 577 λέγειν
833 550 844 566 .
875 523 976 574 μηδὲ
995 524 1084 575 εἰκῆ
1100 521 1327 576 συνθήσειν
1344 524 1392 567 τοὶ
1414 543 1584 579 προςτυ·

108 579 234 634 χόντα
259 576 454 634 ἀλλήλοις.
513 577 761 634 Eodemque
798 592 968 631 prorsus
1000 578 1129 618 modo
1160 581 1390 623 Athenaeus
1418 583 1492 624 lib.
1528 587 1581 625 V.

112 652 153 690 p.
176 642 271 680 217.
298 636 345 675 C.
377 636 452 675 ubi
474 640 652 690 poetae,
684 649 806 689 quem
826 648 913 674 uon
935 635 1155 685 nominat,
1188 637 1359 680 tribuit.
1420 640 1585 682 Confer

114 692 245 733 Grotii
268 702 453 746 excerpt.
487 693 546 740 V,
572 698 611 736 3.
643 692 814 733 somn.

223 749 328 790 Eud.
360 752 389 788 1.
421 754 463 793 7.
499 744 592 790 Ἐπὶ
616 743 864 804 ἀκαιρίμαν)
898 746 989 791 Ἐπὶ
1019 750 1087 792 καὶ
1112 750 1222 803 ῥῆμα
1252 749 1298 790 in
1328 750 1434 796 cod.
1467 755 1582 796 Flor.

110 807 288 849 Bounn.
350 807 387 844 E
411 806 619 859 scriptore
639 805 804 845 Dorico
827 816 1035 857 sumtum,
1069 816 1117 845 ut
1137 805 1331 859 videtur,
1363 811 1586 863 proverbi-

112 880 206 912 um,
240 861 356 916 quod
377 861 574 901 damnare
596 860 651 900 ob
673 859 717 900 id
741 876 828 900 non
850 863 984 900 ausim
1001 895 1011 912 ‚
1046 861 1164 917 quod
1188 862 1379 904 nondum
1410 867 1585 908 aliunde

114 923 328 974 prolatum
350 928 430 960 est.
489 919 642 958 Forma
670 927 782 957 certe
800 933 888 957 non
919 922 1050 966 mala,
1094 928 1142 958 ut
1168 917 1356 974 γόνιμος,
1395 922 1586 977 ἄλκιμος,

117 974 341 1028 φρόνιμος,
395 984 460 1025 et,
516 974 634 1027 quod
676 977 802 1026 plane
833 975 973 1015 simile
1001 985 1088 1025 est,
1137 989 1158 1013 a
1187 977 1344 1029 καρπὸς
1373 977 1586 1033 κάρπιμος.

117 1033 256 1071 GEsu.
316 1030 416 1071 Vid.
444 1030 636 1071 Valcken.
666 1031 857 1072 Diatrib.
885 1032 1037 1085 Eurip.
1059 1046 1101 1085 p.
1124 1037 1219 1077 288.
1243 1034 1291 1074 C.
1318 1044 1360 1074 et
1378 1036 1586 1091 imprimis

116 1088 320 1144 Schatfer.
345 1087 398 1126 ad
421 1089 586 1139 Dionys,
618 1087 669 1126 de
692 1088 840 1141 Comp.
869 1088 1021 1127 Verbb.
1045 1103 1142 1143 pag.
1170 1095 1232 1133 12.
1263 1096 1327 1134 13.
1389 1092 1587 1134 Ceterum

112 1145 279 1185 Belinus
301 1144 347 1183 in
367 1154 471 1184 nota
493 1144 546 1182 ad
570 1144 808 1183 versionem
831 1146 950 1185 Tom.
974 1145 1032 1183 II.
1057 1159 1096 1197 p.
1121 1150 1216 1190 396.
1247 1157 1413 1199 monet,
1443 1152 1586 1190 locum

109 1201 248 1254 Eurip.
274 1200 433 1240 Bacch.
476 1214 516 1240 v.
544 1202 641 1245 385.
677 1200 858 1254 respici,
913 1210 956 1240 et
982 1202 1084 1240 satis
1110 1202 1237 1241 etiam
1264 1203 1401 1243 libere
1429 1206 1585 1248 vertit:

107 1275 209 1312 pour
228 1256 362 1311 parler
381 1274 528 1297 comme
546 1274 596 1296 un
611 1258 733 1311 por'ie.
793 1258 851 1296 At
870 1253 1039 1310 ἆχάλινα
1063 1257 1134 1296 illa
1155 1258 1359 1314 Euripidis
1386 1259 1559 1315 στόματα
1572 1294 1584 1313 ,

111 1316 214 1354 licet
240 1312 556 1367 quodammodo
580 1329 644 1363 re,
679 1312 819 1352 verbis
843 1324 980 1354 tamen
1008 1329 1096 1353 non
1123 1327 1369 1370 congruunt
1386 1332 1480 1358 cum
1502 1320 1587 1359 Lu-

110 1373 220 1411 ciani
237 1371 458 1410 locutione
474 1400 485 1419 ,
520 1383 642 1423 quam
676 1370 990 1423 proverbialem
1013 1371 1190 1411 Luciam:
1215 1374 1584 1430 saltem-tempore

108 1427 267 1475 fuisse,
303 1426 489 1465 declarat
507 1441 592 1465 vox
614 1429 752 1478 φασίν.
784 1427 944 1466 LmrM.
1238 1462 1241 1465 ,

221 1482 325 1522 Εαᾶ.
354 1486 381 1525 l.
410 1488 477 1526 11.
516 1478 729 1533 Ἀτθίδος)
773 1484 1008 1537 Scripserat
1041 1485 1303 1526 Philochorus
1333 1487 1582 1539 historiam,

109 1540 179 1579 cui
216 1539 300 1578 hoc
330 1554 484 1579 nomen
513 1542 687 1579 fecerat.
752 1540 864 1579 Vide
899 1540 1041 1583 schol.
1079 1541 1130 1580 ad
1156 1548 1305 1598 Συγγρ.
1337 1559 1408 1584 no.
1441 1552 1509 1590 32.
1532 1556 1585 1586 >et

107 1597 260 1638 Marm,
287 1596 370 1637 Ox.
398 1602 462 1641 13.
484 1597 514 1638 f.
535 1606 576 1634 et
599 1611 705 1651 quos
740 1596 887 1636 laudat
906 1597 1026 1639 Faus,
1050 1598 1096 1636 in
1119 1598 1249 1638 Phoc.
1274 1609 1317 1639 et
1339 1601 1485 1642 Athen.
1509 1604 1585 1647 VI.

109 1654 277 1694 Somne.
336 1649 500 1695 Ἀτθίδα
516 1653 721 1705 scripsere
740 1653 1004 1693 Philochorus
1022 1653 1134 1707 apud
1154 1655 1512 1710 Harpocrationem
1539 1660 1585 1699 in

109 1708 314 1762 θεωρικὸν
341 1720 382 1748 et
413 1709 525 1762 apud
544 1710 817 1750 Athenaeum:
851 1710 1036 1766 itemque
1063 1711 1282 1763 Clidemus,
1316 1713 1368 1753 de
1391 1730 1475 1768 quo
1503 1715 1586 1756 Ca-

110 1766 272 1807 sanbon.
298 1763 357 1804 ad>
369 1767 564 1805 Athenaei
590 1771 663 1816 14,
688 1772 756 1810 23.
780 1781 818 1818 p.
840 1771 938 1810 594.
970 1778 1012 1806 et
1033 1766 1279 1821 Hegesinous
1298 1770 1413 1823 apud
1433 1765 1588 1820 Pau-5⁶1⁴·

110 1826 218 1862 niam
242 1823 392 1862 Boeot.
414 1837 456 1875 p.
478 1826 576 1866 583.
597 1832 702 1861 extr.
736 1823 873 1860 Gnsn.
1104 1838 1107 1839 ⁷

225 1878 330 1919 Ibid.
367 1874 566 1934 ’Λνέγνων
595 1876 701 1932 γὰρ)
744 1880 862 1917 Haec
892 1878 976 1917 duo
1008 1879 1133 1918 verba
1165 1876 1338 1921 Solar'ms
1368 1893 1513 1923 noster
1540 1885 1585 1925 in

110 1935 218 1976 Junt.
238 1935 484 1988 parenthesi
508 1936 738 1974 incluserat
753 1966 765 1984 ,
799 1935 860 1973 sic
881 1935 1046 1974 scilicet
1066 1935 1134 1974 edi
1154 1939 1325 1977 volens:
1359 1941 1457 1992 quia
1485 1955 1585 1980 vero

112 1991 194 2030 Ed.
219 1995 335 2031 nulla
356 1992 508 2045 praeit,
543 2007 619 2031 nec
642 1992 825 2030 mutatio
848 1991 953 2030 adeo
973 1994 1223 2041 necessaria,
1256 2008 1335 2048 ego
1362 1995 1474 2034 nihil
1496 2013 1585 2036 mu·

108 2048 212 2089 tavi.
261 2049 409 2087 Potest
423 2049 541 2090 enim
567 2049 759 2103 quisque,
773 2062 862 2089 eam
885 2048 1161 2102 parenthesin
1183 2049 1358 2102 addere,
1391 2053 1464 2107 qui
1487 2067 1585 2107 pro-

112 2104 197 2146 bat.
229 2105 392 2146 Rm'rz.

225 2160 330 2199 Ibicl.
358 2158 550 2216 Ἀνέγνων
566 2159 641 2216 γὰρ
661 2164 900 2215 Δημητρίου
920 2161 1208 2217 Σαγαλασὲως)
1240 2163 1308 2203 Ez.
1327 2164 1586 2218 Spanbcmius

110 2216 297 2256 Dissert.
318 2217 396 2255 IX.
422 2218 470 2257 de
494 2219 651 2257 Praest.
674 2228 716 2257 et
737 2234 816 2256 usu
842 2219 1038 2260 numism.
1061 2219 1186 2258 docet
1208 2229 1291 2258 tam
1314 2235 1369 2259 ex
1391 2223 1583 2273 probatis

111 2284 154 2313 et
174 2273 364 2326 antiquis
393 2274 700 2324 scriptoribus,
744 2290 867 2329 quam
899 2290 952 2314 ex
984 2276 1195 2314 Numism.
1231 2276 1457 2329 legendum
1494 2292 1582 2318 esse

112 2331 414 2384 Σαγαλασσέως,
475 2329 593 2383 Quin
630 2330 713 2368 imo
749 2330 860 2383 apud
895 2331 1135 2385 Stephanum
1167 2331 1452 2385 Σαγάλασσος,
1507 2335 1582 2389 qui

114 2386 234 2425 addit
256 2387 380 2425 etiam
409 2387 538 2424 scribi
562 2387 800 2440 Σὲλγησσος.
861 2387 959 2427 Vid.
987 2389 1180 2427 leomam
1199 2389 1371 2439 Pineclo,
1404 2399 1447 2431 et
1482 2405 1584 2431 eru-

113 2443 342 2483 ditissimas
360 2444 497 2481 Lucae
516 2442 717 2481 PIon-ienii
735 2453 856 2481 notas
873 2473 882 2489 ,
920 2458 958 2495 p.
983 2451 1080 2488 267.
1113 2446 1235 2483 Ama.

224 2499 327 2538 End.
350 2502 373 2537 l.
398 2506 459 2541 12.
495 2500 809 2552 Σαγαλασσέως)
840 2500 1195 2541 Emendationem
1223 2502 1452 2555 §parthemii
1474 2519 1584 2543 con-

114 2557 250 2596 firmat
271 2557 344 2594 W.
379 2555 606 2607 Quadratus
629 2566 791 2599 autem.
834 2557 908 2608 qui
941 2560 1087 2608 paullo
1117 2567 1214 2609 post
1250 2558 1376 2609 hujus
1408 2560 1505 2599 belli
1542 2570 1584 2600 et

116 2614 205 2664 ipse
229 2612 450 2651 historiam
484 2613 679 2665 scripsit,
738 2612 912 2650 titulum
945 2627 1045 2652 suae
1075 2613 1255 2654 eundem
1289 2616 1422 2655 ferme
1449 2618 1580 2665 fecit,

113 2683 264 2722 nempe
295 2665 584 2722 Παρθυήνικα.
649 2668 836 2707 Consule
868 2668 1042 2708 Salmas.
1077 2678 1166 2708 not.
1205 2670 1250 2708 in
1284 2670 1452 2725 Capilol.
1482 2674 1580 2714 Ver.

115 2740 148 2767 c.
168 2730 206 2769 8.
238 2726 452 2779 Trajectio
478 2726 658 2781 insignis
674 2755 685 2774 ‚
721 2739 815 2764 nam
838 2731 886 2766 A.
912 2731 960 2766 Σ.
985 2731 1041 2767 Π.
1064 2726 1318 2777 interjacent
1341 2729 1582 2774 incommo-

1175 2784 1302 2836 l'p2
