1834 3188
291 186 393 233 404
642 187 1395 224 ADNOTATIONES

403 294 508 336 Ibid.
536 287 866 342 Ἐνδοῦναιμηὸὲ
879 284 1205 342 μαλακισθῆναι)
1230 284 1463 330 Ἐνδιδόναι
1479 289 1744 329 retroceden-

292 354 397 394 tium
419 361 482 391 est
500 350 546 389 in
567 347 757 402 proelio;
791 344 876 383 vid.
899 343 1139 395 interprett.
1161 341 1427 398 adAristoph„
1447 346 1559 388 Plut.
1580 351 1677 390 488.
1691 369 1748 377 —

289 407 470 466 μαλακόν
502 402 539 449 δ’
573 402 759 447 ἐνδώσετε
787 401 923 453 μηδὲν.
985 397 1114 454 Quod
1137 399 1238 438 olim
1261 403 1365 439 male
1387 411 1620 449 verterant,
1650 402 1752 442 nihil

290 466 703 517 admiscetejocosum.
760 458 918 497 Noster
947 469 1072 509 supra
1096 456 1222 509 Apol.
1243 470 1318 508 pro
1343 457 1478 496 Mero.
1505 458 1630 498 cond.
1653 473 1687 498 c.
1706 464 1745 502 4.

290 519 526 567 ἐνδιδόντων
556 522 719 572 φυγεῖν,
752 525 794 554 et
824 527 946 566 saepe
969 511 1098 552 alibi:
1130 511 1215 553 vid.
1239 511 1343 553 Jens.
1370 512 1421 551 ad
1443 514 1560 553 Dial.
1586 517 1745 556 Toxar.

290 580 367 619 ubi
398 588 570 631 quoque
600 575 708 611 male
743 572 1007 609 intellectum
1038 568 1179 607 fuerat
1206 567 1289 606 hoc
1325 569 1512 609 verbum.
1568 571 1747 624 Propria

291 632 551 688 significatio
571 638 632 670 est
651 642 718 682 ap.
745 627 939 680 Hippocr.
960 625 1069 664 Sect.
1096 630 1134 668 2.
1157 623 1255 677 aph.
1275 630 1342 667 28.
1365 625 1441 664 ubi
1463 624 1665 669 ἐνδιδόναι
1685 626 1749 665 di-

291 693 404 731 eitur
426 689 469 731 τὸ
497 692 608 741 σῶμα
626 699 704 738 pro
730 685 935 731 emaciari,
969 684 1035 722 vel
1056 691 1105 719 ut
1128 695 1226 730 nos,
1256 681 1434 731 inslaan,
1464 682 1493 722 i.
1516 697 1551 723 e.
1577 682 1748 736 quando

290 759 476 800 expansa
497 753 610 783 retro
630 739 810 788 cedunt,
842 739 912 777 cui
935 737 1180 790 oppositum
1200 736 1443 790 ἐπιδιδόναι,
1474 741 1642 793 augeri,
1665 754 1750 778 cre-

291 817 420 852 scere,
451 802 510 841 ib.
535 797 631 852 aph.
650 800 716 842 31.
737 806 779 836 et
797 800 864 841 32.
884 794 999 851 quod
1018 794 1188 836 Lucian.
1213 794 1264 834 de
1283 804 1411 835 vento
1436 809 1606 851 quoque
1627 810 1754 834 usur-

290 868 377 915 pat.
408 859 575 897 RmTz.

402 913 502 954 Ead.
521 916 548 952 l.
576 916 639 955 12.
676 906 970 960 Ἐπιδείξηται)
1001 907 1103 947 Non
1134 907 1347 947 immerito
1381 906 1492 946 Edd.
1525 909 1751 948 lectionem

290 972 364 1011 hic
390 969 575 1010 contulit
595 966 792 1014 Solanus,
823 965 921 1019 quia
949 964 1171 1002 insolitum
1200 963 1424 1003 videbatur
1453 963 1642 1003 diversos
1664 979 1752 1003 mo-

291 1028 367 1067 dos
391 1025 697 1080 conjunctione
726 1024 794 1063 καὶ
813 1021 1045 1074 conjungi,
1077 1021 1278 1058 nimirum
1306 1022 1542 1073 ἐπιδείξηται
1561 1023 1628 1062 καὶ
1647 1024 1751 1071 διεξ-

288 1086 416 1127 έλθοι.
476 1080 557 1120 Sed
583 1080 682 1135 quia
703 1076 752 1120 ἂν
784 1077 956 1129 utrique
979 1075 1117 1115 Modo
1136 1077 1259 1131 jungi
1283 1086 1449 1129 potest,
1482 1076 1630 1116 licebit
1651 1091 1752 1115 con·

290 1151 452 1180 struere
472 1136 522 1179 ἂν
543 1138 782 1187 ἐπιδείξηται
802 1142 842 1173 et
861 1130 911 1173 ἂν
931 1133 1143 1182 διεξέλθοι,
1176 1144 1272 1172 ante
1295 1133 1531 1184 optativum
1555 1133 1752 1172 similiter

289 1195 342 1240 ἂν
371 1192 668 1249 intelligendo.
730 1192 855 1229 Plura
881 1189 1037 1227 similia
1067 1188 1220 1228 deinde
1245 1199 1481 1227 occurrent.
1543 1190 1614 1230 Sic
1638 1189 1751 1228 infra

289 1267 380 1306 cap.
405 1254 472 1296 57.
499 1264 575 1303 pro
602 1246 821 1295 καταθύεις
841 1247 907 1286 καὶ
930 1244 1103 1301 θυσιᾶζῃ
1130 1244 1259 1299 Guyet.
1279 1246 1364 1298 legi
1393 1244 1510 1298 jubet
1532 1244 1752 1294 καταθύοις

287 1312 355 1351 καὶ
371 1305 561 1364 θυσιάζῃ,
594 1304 709 1359 quod
729 1318 816 1342 non
840 1302 1135 1354 improbarem,
1160 1302 1242 1339 nisi
1264 1299 1472 1358 καταθύῃς
1489 1304 1568 1354 jam
1593 1317 1643 1341 ex
1664 1304 1749 1342 Ms.

288 1366 551 1405 restitutum.
623 1360 800 1400 Interim
841 1358 944 1397 alibi
978 1358 1120 1396 forsan
1156 1356 1327 1395 dabitur
1355 1359 1523 1397 occasio
1556 1358 1751 1411 pluribus

289 1419 566 1468 ostendendi,
591 1432 679 1456 non
701 1429 936 1469 repugnare
957 1413 1130 1468 linguae
1144 1414 1328 1453 Graecae
1347 1415 1489 1467 genio,
1514 1415 1752 1469 optativum

289 1488 332 1518 et
353 1477 571 1525 subjunct.
597 1472 912 1512 interveniente
932 1471 1001 1511 καὶ
1024 1474 1296 1524 conjungere.
1341 1471 1504 1512 Rmrrz,

403 1530 509 1572 Ibid.
551 1527 783 1583 Διεξέλθοι)
825 1526 893 1567 Sic
922 1525 1148 1579 legendum
1177 1540 1254 1577 pro
1286 1528 1472 1576 διεξέλθει
1503 1526 1636 1582 Guyet.
1663 1542 1750 1566 mo-

287 1597 461 1635 nuerat3
495 1601 640 1628 verum
673 1598 751 1638 ego
773 1581 1012 1637 optativum
1042 1584 1122 1633 jam
1154 1582 1199 1619 in
1228 1582 1336 1623 Edd.
1362 1583 1522 1625 inveni,
1583 1584 1755 1623 Salmu„

289 1649 403 1685 riens.
425 1653 564 1683 autem
585 1640 781 1694 ambigue
802 1640 996 1690 διεξέλθη,
1029 1637 1055 1675 i.
1076 1652 1113 1677 e.
1132 1640 1239 1676 male
1261 1637 1428 1690 quidem
1452 1654 1645 1692 expressa
1667 1643 1751 1692 syl-

288 1703 383 1742 laba
406 1698 666 1755 posteriore,
698 1712 751 1737 ex
779 1698 898 1749 cujus
921 1703 1061 1732 tamen
1090 1694 1284 1747 vestigiis
1309 1705 1472 1746 pateat,
1503 1710 1591 1735 eam
1616 1698 1755 1739 διεξέλ-

288 1766 346 1816 θῃ
383 1757 482 1796 dare
512 1755 720 1795 voluisse:
770 1762 812 1792 et
843 1753 952 1790 hanc
982 1752 1064 1802 jam
1100 1763 1238 1789 veram
1267 1753 1365 1788 lect.
1403 1750 1542 1792 credo.
1586 1741 1750 1794 Rm'Tz,

290 1812 552 1854 Faventibus
581 1811 687 1849 Mss.
721 1809 854 1862 Regg.
888 1808 1010 1850 2954.
1038 1815 1079 1845 et
1105 1811 1229 1850 3011.
1263 1807 1528 1859 reposuimus
1557 1811 1750 1861 διεξέλθῃ.

289 1871 387 1911 Bu».
449 1868 542 1909 Nec
563 1880 663 1915 nos,
694 1863 940 1917 praesertim
968 1872 1195 1915 praeeunte
1222 1862 1491 1913 Schmiedero,
1526 1852 1754 1904 dubitavi*-

291 1943 382 1966 mus
405 1924 704 1965 auctoritatem
729 1920 908 1959 duorum
931 1919 1066 1958 Codd.
1095 1918 1228 1970 sequi,
1291 1919 1419 1972 Quod
1452 1929 1589 1959 autem
1612 1922 1752 1961 Belino

290 1984 423 2038 magis
443 1985 581 2035 placet
600 1981 834 2028 ἐπιδείξαιτο
852 1978 919 2017 καὶ
937 1976 1140 2024 διεξέλθοι,
1162 1974 1432 2027 ingeniosum
1454 1974 1535 2013 hoc
1558 1987 1619 2014 est
1639 1992 1752 2016 com-

291 2049 495 2088 mentum,
527 2051 610 2091 quo
634 2045 774 2074 tamen
795 2033 945 2071 melius
965 2045 1164 2069 caremus.
1227 2031 1421 2069 Ceterum
1441 2045 1616 2083 comma,
1648 2034 1752 2072 olim

290 2105 389 2149 post
412 2096 587 2148 διεξέλθῃ
608 2090 819 2144 positum,
852 2086 1051 2126 transtuli
1074 2095 1171 2137 post
1195 2087 1454 2138 ἐπιδείξηται,
1488 2102 1571 2141 quo
1595 2089 1752 2128 arctior

292 2151 518 2191 verborum
545 2145 816 2200 πορευόμενος
836 2154 916 2183 etc.
946 2155 1081 2181 nexus
1117 2157 1210 2180 cum
1237 2143 1514 2195 praecedente
1547 2159 1652 2184 voce
1676 2156 1750 2184 os-

292 2206 548 2248 tenderetur.
581 2206 739 2243 LEnM.

404 2264 499 2316 Pag.
519 2267 585 2307 36.
609 2264 634 2299 l·
657 2265 694 2302 1.
730 2259 904 2310 Πολίτην
927 2252 1045 2301 ὄντα)
1079 2255 1206 2308 Angl.
1230 2254 1342 2297 εἶναι.
1383 2257 1560 2296 Boxum.
1621 2257 1691 2298 Sic
1710 2267 1754 2297 et

291 2320 360 2366 P..
393 2319 524 2373 idque
561 2332 611 2357 ex
635 2316 721 2355 loci
748 2315 883 2354 totius
908 2312 1053 2351 indole
1077 2326 1125 2350 ac
1160 2313 1228 2350 via
1253 2314 1287 2350 si
1320 2312 1505 2363 judices,
1539 2323 1670 2363 recte‚·
1703 2323 1751 2352 ut

292 2376 440 2426 mirer,
474 2375 548 2428 qui
582 2372 835 2411 Editionum
867 2370 996 2409 lectio
1033 2365 1152 2419 ὄντα,
1183 2369 1409 2408 manifesto
1445 2369 1518 2407 illa
1551 2368 1749 2423 deterior,

293 2433 455 2470 tamdiu
479 2446 521 2470 se
543 2430 653 2470 tueri
676 2426 876 2482 potuerit.
916 2425 1075 2465 Lnnm.

403 2488 504 2529 Ead.
525 2490 551 2530 l.
574 2492 611 2529 2.
631 2483 773 2534 ”Οςτις
792 2481 842 2524 ἂν
863 2475 916 2538 ᾗ)
953 2482 1178 2535 Quicunque
1188 2481 1330 2537 fuerit.
1371 2480 1514 2519 Bnon.

290 2598 324 2637 B
402 2544 504 2584 Ead.
532 2546 559 2583 l.
585 2548 647 2586 11.
685 2536 818 2589 Αὗτὸς
843 2538 930 2595 ᾔειν
959 2540 999 2587 ἐς
1029 2534 1141 2590 αὐτ.)
1180 2537 1254 2577 Acl
1283 2553 1365 2576 cam
1388 2536 1588 2590 prcffbctus
1615 2553 1745 2577 essem.

331 2613 434 2637 ROD.

402 2656 504 2694 Εαιῖ.
525 2658 554 2696 1.
574 2660 640 2699 13.
677 2654 756 2696 Καὶ
769 2649 994 2705 “Ησιόδος)
1026 2646 1202 2699 Μακρὰς
1221 2649 1346 2691 δὲκαὶ
1369 2646 1516 2703 ὄρθιος
1538 2647 1653 2702 οἶμος
1675 2647 1743 2693 ἐπ’

285 2706 431 2764 αὐτήν.
462 2712 607 2750 Baon.
667 2709 768 2750 Vid.
792 2708 958 2749 Hesiod.
981 2704 1083 2762 Έργ.
1104 2712 1200 2751 288.
1241 2707 1404 2746 SoLAN.
