1834 3188
851 201 1258 233 LUCIANI

357 191 459 239 288

199 301 523 358 ηιμ16χόντων.
586 299 794 357 Μέγιστον
825 299 867 343 δὲ
895 298 945 354 δὴ
968 298 1071 354 πρὸς
1105 296 1370 355 εὐφροσύνην
1407 302 1540 345 ἐκεῖνο
1581 304 1738 358 ἔχουσι·

362 373 487 427 πηγαί
505 371 580 412 εἰσι
600 367 672 411 δύο
693 370 786 424 περὶ
804 364 852 422 ¹¹)
881 366 926 410 τὸ
950 365 1201 421 συμπόσιον,
1233 365 1262 422 ἦ
1283 369 1376 422 μὲν,
1406 371 1597 426 γέλωτος,
1628 369 1657 426 ἦ
1677 373 1741 422 δὲ,

361 437 538 493 ἡδονῆς·
570 438 614 480 ἐκ
634 436 786 479 τούτων
819 436 1005 491 ἑκατέρας
1024 432 1086 492 i),
1118 433 1264 486 πάντες
1296 439 1338 480 ἐν
1364 435 1466 497 άρχῇ
1481 443 1554 493 τῆς
1574 436 1745 494 εὐωχίας

284 515 335 554 17
362 509 548 553 πίνουσι,
579 506 647 546 καὶ
666 504 709 547 τὸ
726 503 867 547 λοιπὸν
884 502 1078 558 ἡδόμενοι
1095 505 1162 546 καὶ
1178 510 1363 560 γελῶντες
1381 507 1581 563 διάγουσι.
1640 507 1747 551 Βού·

360 581 478 628 λομαι
498 573 538 615 δὲ
557 575 682 615 εἰπεῖν
705 574 774 615 καὶ
793 577 871 615 τῶν
897 570 1103 626 ἐπισήμων
1129 571 1201 622 οὕς
1222 591 1333 624 τινας
1354 575 1458 630 παρ’
1476 575 1614 626 αὐτοῖς
1630 578 1747 620 ἐθεα-

360 643 507 697 σάμην.
537 640 692 691 πάντας
713 642 786 696 μὲν
804 640 902 691 τούς
922 637 1143 694 ἡμιθέους,
1174 643 1243 684 καὶ
1272 639 1367 692 τούς
1391 645 1455 686 ἐπὶ
1471 643 1605 687 Ἴλιον
1631 659 1746 701 στρα-

359 709 597 762 τεύσαντας,
638 708 744 763 πλήν
776 727 821 765 γε
852 708 901 763 δή
921 704 970 760 k)
999 713 1071 752 τοῦ
1100 714 1269 765 Λοκροῦ
1296 713 1494 762 Αἴαντος·
1535 713 1685 756 ἐκεῖνον
1709 713 1752 756 δὲ

359 777 488 834 μόνον
513 781 695 832 ἔφασκον
727 780 770 821 ἐν
798 781 855 835 τῷ
885 781 965 819 τῶν
993 773 1152 832 ἀσεβῶν
1175 777 1294 836 χώρῳ
1315 777 1569 829 κολάζεσθαι.
1600 778 1754 837 βαρβά-

360 865 445 903 ρων
466 840 528 898 δὲ,
569 843 728 902 Κύρους
746 863 787 888 τε
805 844 1086 900 ἀμφοτέρους,
1116 847 1182 889 καὶ
1213 846 1285 889 τὸν
1305 846 1479 901 Σκύθην
1489 844 1749 905 Ἀνάχαρσιν,

360 916 431 958 καὶ
448 913 519 957 τὸν
543 919 684 972 Θρᾷκα
705 912 929 967 Ζάμολξιν,
958 915 1025 957 καὶ
1046 919 1223 968 Νουμᾶν
1238 911 1277 966 1)
1309 912 1653 970 τὸνἸταλιώτην,
1681 917 1751 959 καὶ
1787 940 1789 942 ·

359 982 443 1038 μὴν
472 984 542 1025 καὶ
568 987 816 1038 Λυκοῦργον
842 980 914 1024 τὸν
943 981 1293 1036 Λακεδαιμόνιον,
1325 985 1396 1025 καὶ
1426 987 1650 1036 Φωκίωνα,
1681 985 1749 1027 καὶ

368 1051 536 1101 Τέλλον,
568 1048 663 1100 τούς
677 1048 947 1104 Ἀθηναίους,
987 1052 1054 1094 καὶ
1087 1049 1184 1100 τούς
1211 1050 1390 1106 σοφοῦς,
1431 1050 1531 1095 ἄνευ
1562 1051 1752 1108 Περιάν-

360 1123 476 1176 δρου.
529 1116 638 1161 εἶδον
670 1119 712 1161 δὲ
741 1120 810 1160 καὶ
847 1115 1072 1174 Σωκράτην
1089 1122 1146 1174 m)
1184 1117 1255 1162 τὸν
1290 1121 1590 1175 Σωφρονίσκου
1619 1118 1753 1163 ἀδολε-

361 1192 536 1242 σχοῦντα
556 1185 655 1241 μετά
677 1187 883 1243 Νέστορος
902 1187 971 1229 καὶ
992 1184 1269 1241 Παλαμήδους
1282 1200 1291 1210 ·
1331 1189 1425 1240 περὶ
1446 1188 1487 1231 δὲ
1504 1185 1629 1230 αὗτόν
1646 1181 1752 1241 ἦσαν

357 1252 588 1305 “Υάκινθός
612 1272 653 1299 τε
686 1253 710 1299 ὅ
737 1253 1088 1310 Λακεδαιμόνιος,
1129 1257 1196 1299 καὶ
1223 1250 1245 1298 ὅ
1278 1254 1471 1305 Θεσπιεὺς
1493 1255 1751 1311 Νάρκισσος,

300 1343 304 1348 ’
359 1321 672 1378 καὶ“”Υλας“),
709 1325 778 1367 καὶ
807 1323 920 1367 ἄλλοι
946 1326 1061 1368 καλοί
1084 1326 1146 1377 ⁰).
1186 1326 1256 1367 καί
1287 1342 1356 1378 μοι
1391 1321 1521 1368 ἐδόκει
1548 1324 1646 1382 ἒρᾷν
1677 1328 1754 1367 τοῦ

1503 1415 1527 1435 ‘K

403 1411 1316 1518 ³⁹12}3:3213’22‘13‘3551322{essssnssffzz‘dffiffl
1322 1415 1496 1495 Αρὲιῖἒῖῗε
1527 1415 1664 1504 1>E222R
1655 1428 1684 1494 οἵ
1687 1415 1751 1494 ’ἐξ

452 1510 565 1552 ρας]
592 1506 775 1552 ἑκατέρων
801 1519 902 1552 2954·
936 1513 973 1540 et
1000 1519 1106 1551 501¹·
1164 1507 1212 1551 k)
1240 1506 1325 1551 δή]
1351 1508 1456 1540 abest
1485 1506 1531 1540 ab
1558 1507 1650 1550 Aug.
1711 1505 1748 1547 1)

450 1554 685 1597 Νουμᾶν]
712 1565 783 1597 „ex
803 1554 930 1588 ,solani
947 1552 1229 1587 emendatione:
1261 1554 1398 1596 Νομᾶν
1417 1552 1519 1586 enim
1537 1531 1637 1589 Edd‘ff
1640 1551 1665 1571 “
1690 1551 1752 1585 Sic

450 1605 490 1633 et
507 1602 614 1656 Aug.
620 1605 657 1632 et
677 1600 781 1633 Gorl.
831 1602 893 1642 m)
922 1598 1217 1643 Σωκρατην]
1245 1597 1429 1643 Σωκράτη
1450 1607 1552 1644 2954.
1611 1593 1691 1642 n)‘
1690 1593 1751 1632 ¹-Y

451 1646 557 1690 λας]
582 1671 606 1689 ‚‚
603 1642 767 1688 ‘'Yaaag]
792 1645 854 1678 810
870 1645 924 1679 F.l
935 1646 986 1702 H.
1011 1646 1041 1679 J.
1061 1650 1145 1680 Par.
1165 1646 1250 1679 Ald.
1273 1652 1344 1679 etc.
1351 1647 1374 1664 ‘⁴
1420 1647 1469 1678 At
1485 1644 1616 1702 Navig.
1639 1656 1671 1677 c.
1691 1655 1750 1687 43.

450 1702 580 1724 ornnes
612 1692 707 1727 Edd.
735 1688 947 1724 exhibent‘
946 1691 1059 1726 ’Υλαν
1087 1697 1236 1736 praeter
1263 1692 1333 1725 Ox.
1359 1690 1474 1734 Cod.,
1507 1690 1574 1736 qui
1591 1688 1749 1725 ’.Τλλαν

449 1738 626 1771 Ceterum
655 1738 741 1770 vide
771 1737 816 1770 de
841 1736 915 1770 hoc
946 1737 1119 1771 Herculis
1152 1737 1291 1771 amasio
1322 1738 1495 1770 leeocrit.
1514 1735 1750 1781 X111.1dy11.

449 1784 616 1827 Apollon.
637 1785 753 1817 Rhod.
774 1784 836 1826 ΙΙ,
860 1794 959 1829 1207.
979 1795 1034 1829 sq
1067 1789 1105 1817 et
1133 1784 1226 1818 Serv.
1248 1783 1296 1816 ad
1318 1784 1421 1827 Virg.
1445 1783 1581 1816 Bucol.
1601 1783 1749 1826 VI,43.

451 1831 501 1874 ο)
527 1829 610 1865 καὶ
633 1825 773 1865 ἄλλοι
795 1830 966 1874 καλοί]
991 1829 1055 1866 καὶ
1075 1826 1180 1865 ἄλλοι
1198 1828 1262 1864 καὶ
1281 1829 1411 1864 πολλοὶ
1425 1830 1533 1865 καλοί
1548 1840 1653 1872 3011.
1644 1840 1750 1874 .pro-

358 1898 617 1938 hilaritatem
644 1899 911 1952 adjumentum
944 1898 1026 1938 ha..

358 1955 487 2006 bent,
520 1956 629 2010 quod
647 1958 790 1994 fontes
815 1964 917 1993 sunt
937 1954 1023 1994 duo

357 2012 471 2050 circa
494 2012 808 2062 coenationem,
831 2011 941 2049 risus
966 2013 1025 2050 al-

356 2075 443 2117 ter,
486 2071 594 2107 alter
627 2083 726 2108 vero
759 2067 1023 2121 voluptatis,

355 2137 380 2162 e
425 2137 606 2176 quorum
656 2128 790 2163 altero
835 2123 881 2161 in
924 2122 1020 2176 ipso

355 2179 550 2219 convivii
581 2180 799 2233 principio
837 2177 1020 2228 bibunt,

355 2245 399 2275 et
416 2235 532 2290 quod
554 2245 746 2290 superest
765 2234 952 2289 jucunde
978 2244 1022 2274 et

354 2306 453 2331 eum
499 2292 588 2331 risu
635 2302 782 2347 agunt.
859 2291 1021 2331 Dicere

354 2351 437 2402 jam
471 2351 598 2399 volo,
638 2348 850 2387 nobilium
881 2346 1019 2386 homi-

355 2417 457 2443 num
480 2419 587 2458 quos
617 2404 731 2458 apud
760 2404 858 2443 illos
889 2404 1020 2443 vide—

354 2459 447 2498 rim.
495 2461 715 2500 Semideos
738 2460 910 2514 quidem
933 2474 1019 2500 om·

356 2528 450 2564 nes,
482 2526 525 2556 et
545 2517 619 2570 qui
639 2516 689 2555 ad
708 2518 836 2556 Ilium
856 2531 1021 2570 pugna-

354 2580 478 2621 runt,
509 2583 676 2624 praeter
703 2574 892 2612 Locrum
922 2573 1022 2625 Aja-

357 2638 469 2666 cemt
500 2628 621 2667 illum
652 2632 789 2668 solum
821 2627 1022 2668 dicebant

358 2679 403 2717 in
425 2683 523 2721 loco
548 2684 777 2736 impiorum
803 2683 900 2722 dare
920 2698 1022 2736 poe-

357 2748 443 2777 nas⁴
501 2738 782 2778 Barbarorum
805 2754 905 2780 vero
929 2739 1021 2790 Cy-

1083 1913 1177 1938 rum
1197 1908 1450 1953 utrumque‚
1482 1908 1524 1939 et
1544 1897 1747 1950 Scytham

1082 1954 1376 2006 Anacharsin,
1430 1964 1473 1995 et
1516 1954 1746 1993 Zamolxin

1083 2010 1313 2061 Thracem,
1367 2021 1410 2050 et
1440 2010 1625 2050 Numam
1654 2011 1748 2049 Ita-

1080 2069 1189 2106 lum:
1223 2082 1271 2106 ac
1291 2077 1458 2120 praeter
1478 2067 1557 2106 hos
1579 2067 1747 2120 Lycur-

1080 2138 1179 2178 gum
1226 2123 1642 2174 Lacedaemonium,
1704 2133 1747 2163 et

1080 2179 1345 2220 Phocionem
1364 2195 1412 2219 ac
1427 2183 1593 2220 Tenum
1614 2179 1746 2218 Athe-

1080 2237 1250 2276 nienses
1268 2267 1279 2285 ,
1313 2247 1356 2276 et
1381 2237 1629 2290 Sapientes,
1660 2235 1746 2274 Pe-

1078 2292 1252 2332 riandro
1288 2303 1482 2346 excepto.
1552 2291 1654 2330 Vidi
1685 2300 1746 2329 et·

1081 2348 1164 2387 iam
1210 2349 1426 2388 Socratem
1462 2346 1743 2401 Sophronisci

1082 2403 1216 2444 filium
1258 2419 1469 2445 sermones
1500 2402 1743 2443 caedentem

1081 2475 1175 2500 cum
1216 2461 1399 2500 Nestore
1431 2469 1477 2501 et
1504 2457 1741 2499 Palamede.

1083 2517 1207 2556 Circa
1246 2517 1367 2556 illum
1397 2525 1515 2555 erant
1541 2513 1743 2567 Hyacin-

1082 2572 1182 2610 thus
1246 2571 1637 2620 Lacedaemonius,
1700 2580 1742 2611 et

1083 2627 1359 2680 Thespiensis
1398 2626 1650 2677 Narcissus,
1701 2637 1743 2666 et

1082 2684 1242 2733 Hylas,
1277 2692 1318 2720 et
1336 2681 1506 2734 pulchri
1530 2684 1621 2722 alii.
1682 2683 1740 2720 Et

1082 2736 1304 2777 videbatur
1327 2738 1433 2777 mihi
1456 2752 1591 2779 amare
1616 2739 1741 2791 Hya·-
