<?xml version="1.0" encoding="UTF-8"?>
<!DOCTYPE html PUBLIC "-//W3C//DTD XHTML 1.0 Transitional//EN"
    "http://www.w3.org/TR/xhtml1/DTD/xhtml1-transitional.dtd">
<html xmlns="http://www.w3.org/1999/xhtml" xml:lang="en" lang="en">
 <head>
  <title>
</title>
<meta http-equiv="Content-Type" content="text/html;charset=utf-8" />
  <meta name='ocr-system' content='tesseract 3.04.00' />
  <meta name='ocr-capabilities' content='ocr_page ocr_carea ocr_par ocr_line ocrx_word'/>
</head>
<body>
  <div class='ocr_page' id='page_1' title='image "./operagraecaetlat04luciuoft_0422.png"; bbox 0 0 1834 3188; ppageno 0'>
   <div class='ocr_carea' id='block_1_1' title="bbox 265 196 1378 243">
    <p class='ocr_par' dir='ltr' id='par_1_1' title="bbox 265 196 1378 243">
     <span class='ocr_line' id='line_1_1' title="bbox 265 196 1378 243; baseline -0.005 -3"><span class='ocrx_word' id='word_1_1' title='bbox 265 196 365 243; x_wconf 86' lang='lat'><strong>384</strong></span> <span class='ocrx_word' id='word_1_2' title='bbox 623 202 1378 235; x_wconf 73' lang='lat' dir='ltr'><strong>ADNOTATIONES</strong></span> 
     </span>
    </p>
   </div>
   <div class='ocr_carea' id='block_1_2' title="bbox 244 298 1724 1989">
    <p class='ocr_par' dir='ltr' id='par_1_2' title="bbox 262 298 1723 403">
     <span class='ocr_line' id='line_1_2' title="bbox 262 298 1723 362; baseline -0.004 -15"><span class='ocrx_word' id='word_1_3' title='bbox 262 308 306 349; x_wconf 77' lang='grc' dir='ltr'><strong>ἐν</strong></span> <span class='ocrx_word' id='word_1_4' title='bbox 326 309 375 362; x_wconf 79' lang='grc' dir='ltr'><strong>τῇ</strong></span> <span class='ocrx_word' id='word_1_5' title='bbox 394 301 513 360; x_wconf 69' lang='grc' dir='ltr'><em>ἀρετῇ</em></span> <span class='ocrx_word' id='word_1_6' title='bbox 531 302 635 355; x_wconf 84' lang='grc' dir='ltr'><em>βίον.</em></span> <span class='ocrx_word' id='word_1_7' title='bbox 675 307 768 344; x_wconf 81' lang='grc' dir='ltr'><strong>ΛΥ.</strong></span> <span class='ocrx_word' id='word_1_8' title='bbox 792 298 890 344; x_wconf 68' lang='grc' dir='ltr'><strong>ἀλλὰ</strong></span> <span class='ocrx_word' id='word_1_9' title='bbox 913 303 1015 343; x_wconf 87' lang='grc' dir='ltr'><strong>τίνα.</strong></span> <span class='ocrx_word' id='word_1_10' title='bbox 1048 301 1259 341; x_wconf 57' lang='lat' dir='ltr'><strong>Manem.</strong></span> <span class='ocrx_word' id='word_1_11' title='bbox 1318 300 1417 341; x_wconf 85' lang='lat' dir='ltr'><strong>Vid.</strong></span> <span class='ocrx_word' id='word_1_12' title='bbox 1439 301 1557 345; x_wconf 82' lang='lat' dir='ltr'><strong>Varr.</strong></span> <span class='ocrx_word' id='word_1_13' title='bbox 1582 303 1723 345; x_wconf 82' lang='lat' dir='ltr'><strong>Lectt.</strong></span> 
     </span>
     <span class='ocr_line' id='line_1_3' title="bbox 262 365 421 403; baseline -0.006 0"><span class='ocrx_word' id='word_1_14' title='bbox 262 365 421 403; x_wconf 68' lang='lat' dir='ltr'><strong>Lnnm.</strong></span> 
     </span>
    </p>

    <p class='ocr_par' dir='ltr' id='par_1_3' title="bbox 260 413 1724 572">
     <span class='ocr_line' id='line_1_4' title="bbox 376 413 1722 466; baseline 0 -9"><span class='ocrx_word' id='word_1_15' title='bbox 376 416 524 457; x_wconf 77' lang='lat' dir='ltr'><strong>Ead.1.</strong></span> <span class='ocrx_word' id='word_1_16' title='bbox 548 422 613 460; x_wconf 80' lang='lat'><strong>12.</strong></span> <span class='ocrx_word' id='word_1_17' title='bbox 648 413 874 466; x_wconf 81' lang='grc' dir='ltr'><em>Πλούτους)</em></span> <span class='ocrx_word' id='word_1_18' title='bbox 907 413 1035 453; x_wconf 87' lang='lat' dir='ltr'><strong>Conf.</strong></span> <span class='ocrx_word' id='word_1_19' title='bbox 1057 427 1170 466; x_wconf 90' lang='lat' dir='ltr'><strong>supr.</strong></span> <span class='ocrx_word' id='word_1_20' title='bbox 1185 413 1521 466; x_wconf 80' lang='lat' dir='ltr'><strong>Necyom.c.12.</strong></span> <span class='ocrx_word' id='word_1_21' title='bbox 1553 418 1722 457; x_wconf 75' lang='lat' dir='ltr'><strong>SOLAN.</strong></span> 
     </span>
     <span class='ocr_line' id='line_1_5' title="bbox 261 469 1724 527; baseline -0.001 -14"><span class='ocrx_word' id='word_1_22' title='bbox 261 478 321 515; x_wconf 93' lang='lat' dir='ltr'><strong>Et</strong></span> <span class='ocrx_word' id='word_1_23' title='bbox 351 489 428 513; x_wconf 89' lang='lat' dir='ltr'><strong>nos</strong></span> <span class='ocrx_word' id='word_1_24' title='bbox 459 473 509 513; x_wconf 88' lang='lat' dir='ltr'><strong>de</strong></span> <span class='ocrx_word' id='word_1_25' title='bbox 542 474 696 527; x_wconf 83' lang='lat' dir='ltr'>plurali</span> <span class='ocrx_word' id='word_1_26' title='bbox 729 473 803 510; x_wconf 90' lang='lat' dir='ltr'><strong>illo</strong></span> <span class='ocrx_word' id='word_1_27' title='bbox 835 472 994 510; x_wconf 86' lang='lat' dir='ltr'><strong>rariore</strong></span> <span class='ocrx_word' id='word_1_28' title='bbox 1033 485 1135 510; x_wconf 81' lang='lat' dir='ltr'><strong>mox</strong></span> <span class='ocrx_word' id='word_1_29' title='bbox 1169 471 1305 521; x_wconf 86' lang='lat' dir='ltr'><strong>infra,</strong></span> <span class='ocrx_word' id='word_1_30' title='bbox 1349 469 1432 510; x_wconf 86' lang='lat' dir='ltr'><strong>hoc</strong></span> <span class='ocrx_word' id='word_1_31' title='bbox 1459 473 1578 514; x_wconf 82' lang='lat' dir='ltr'><strong>Dial.</strong></span> <span class='ocrx_word' id='word_1_32' title='bbox 1612 489 1648 515; x_wconf 87' lang='lat' dir='ltr'><strong>c.</strong></span> <span class='ocrx_word' id='word_1_33' title='bbox 1684 479 1724 517; x_wconf 85' lang='lat'><strong>9.</strong></span> 
     </span>
     <span class='ocr_line' id='line_1_6' title="bbox 260 534 425 572; baseline -0.006 0"><span class='ocrx_word' id='word_1_34' title='bbox 260 534 425 572; x_wconf 76' lang='lat' dir='ltr'><strong>RmTz.</strong></span> 
     </span>
    </p>

    <p class='ocr_par' dir='ltr' id='par_1_4' title="bbox 255 581 1723 1022">
     <span class='ocr_line' id='line_1_7' title="bbox 376 581 1721 641; baseline -0.001 -15"><span class='ocrx_word' id='word_1_35' title='bbox 376 588 472 640; x_wconf 70' lang='lat' dir='ltr'><strong>Peg.</strong></span> <span class='ocrx_word' id='word_1_36' title='bbox 498 590 564 628; x_wconf 85' lang='lat'><strong>14.</strong></span> <span class='ocrx_word' id='word_1_37' title='bbox 596 588 623 626; x_wconf 90' lang='grc'><strong>1.</strong></span> <span class='ocrx_word' id='word_1_38' title='bbox 648 590 686 627; x_wconf 87' lang='grc'><strong>·1.</strong></span> <span class='ocrx_word' id='word_1_39' title='bbox 722 581 925 637; x_wconf 65' lang='grc' dir='ltr'>Ἠρακλέα</span> <span class='ocrx_word' id='word_1_40' title='bbox 956 583 998 625; x_wconf 79' lang='grc' dir='ltr'><strong>ἕν</strong></span> <span class='ocrx_word' id='word_1_41' title='bbox 1025 587 1073 640; x_wconf 76' lang='grc' dir='ltr'><strong>τῇ</strong></span> <span class='ocrx_word' id='word_1_42' title='bbox 1106 585 1201 641; x_wconf 71' lang='grc' dir='ltr'><em>Οἴτῃ</em></span> <span class='ocrx_word' id='word_1_43' title='bbox 1229 584 1558 638; x_wconf 80' lang='grc' dir='ltr'>κατακαυθέντα)</span> <span class='ocrx_word' id='word_1_44' title='bbox 1590 585 1721 640; x_wconf 81' lang='lat' dir='ltr'><strong>Quod</strong></span> 
     </span>
     <span class='ocr_line' id='line_1_8' title="bbox 262 640 1722 698; baseline -0.001 -16"><span class='ocrx_word' id='word_1_45' title='bbox 262 659 385 698; x_wconf 88' lang='lat' dir='ltr'><strong>supra</strong></span> <span class='ocrx_word' id='word_1_46' title='bbox 411 642 599 681; x_wconf 85' lang='lat' dir='ltr'><strong>narravit</strong></span> <span class='ocrx_word' id='word_1_47' title='bbox 622 643 665 679; x_wconf 88' lang='lat' dir='ltr'><strong>in</strong></span> <span class='ocrx_word' id='word_1_48' title='bbox 686 642 817 680; x_wconf 88' lang='lat' dir='ltr'><strong>Deor.</strong></span> <span class='ocrx_word' id='word_1_49' title='bbox 840 641 899 679; x_wconf 89' lang='lat' dir='ltr'><strong>D.</strong></span> <span class='ocrx_word' id='word_1_50' title='bbox 922 640 1043 691; x_wconf 83' lang='lat' dir='ltr'><strong>Jovis,</strong></span> <span class='ocrx_word' id='word_1_51' title='bbox 1066 640 1303 694; x_wconf 79' lang='lat' dir='ltr'><em>Aesculapii</em></span> <span class='ocrx_word' id='word_1_52' title='bbox 1322 651 1364 681; x_wconf 88' lang='lat' dir='ltr'><strong>et</strong></span> <span class='ocrx_word' id='word_1_53' title='bbox 1387 642 1585 682; x_wconf 64' lang='lat' dir='ltr'><strong>Herculis.</strong></span> <span class='ocrx_word' id='word_1_54' title='bbox 1620 643 1722 682; x_wconf 89' lang='lat' dir='ltr'><strong>Vul-</strong></span> 
     </span>
     <span class='ocr_line' id='line_1_9' title="bbox 261 697 1723 756; baseline -0.003 -15"><span class='ocrx_word' id='word_1_55' title='bbox 261 717 315 756; x_wconf 78' lang='lat' dir='ltr'><strong>go</strong></span> <span class='ocrx_word' id='word_1_56' title='bbox 336 709 473 740; x_wconf 89' lang='lat' dir='ltr'><strong>autem</strong></span> <span class='ocrx_word' id='word_1_57' title='bbox 500 697 613 736; x_wconf 86' lang='lat' dir='ltr'><strong>credi</strong></span> <span class='ocrx_word' id='word_1_58' title='bbox 639 697 812 735; x_wconf 88' lang='lat' dir='ltr'><strong>solitum</strong></span> <span class='ocrx_word' id='word_1_59' title='bbox 831 697 1026 736; x_wconf 88' lang='lat' dir='ltr'><strong>homines</strong></span> <span class='ocrx_word' id='word_1_60' title='bbox 1061 697 1158 750; x_wconf 82' lang='lat' dir='ltr'>igne</span> <span class='ocrx_word' id='word_1_61' title='bbox 1178 698 1374 750; x_wconf 80' lang='lat' dir='ltr'><strong>purgari,</strong></span> <span class='ocrx_word' id='word_1_62' title='bbox 1409 697 1723 751; x_wconf 87' lang='lat' dir='ltr'><strong>defunctosque</strong></span> 
     </span>
     <span class='ocr_line' id='line_1_10' title="bbox 260 753 1721 812; baseline 0.001 -19"><span class='ocrx_word' id='word_1_63' title='bbox 260 760 384 812; x_wconf 82' lang='lat' dir='ltr'><strong>igne,</strong></span> <span class='ocrx_word' id='word_1_64' title='bbox 421 769 505 809; x_wconf 91' lang='lat' dir='ltr'><strong>quo</strong></span> <span class='ocrx_word' id='word_1_65' title='bbox 533 753 845 802; x_wconf 82' lang='lat' dir='ltr'>cremabantur,</span> <span class='ocrx_word' id='word_1_66' title='bbox 877 755 1126 805; x_wconf 78' lang='lat' dir='ltr'><strong>expurgari,</strong></span> <span class='ocrx_word' id='word_1_67' title='bbox 1162 763 1287 805; x_wconf 89' lang='lat' dir='ltr'><strong>atque</strong></span> <span class='ocrx_word' id='word_1_68' title='bbox 1317 753 1368 792; x_wconf 84' lang='lat' dir='ltr'><strong>ad</strong></span> <span class='ocrx_word' id='word_1_69' title='bbox 1388 755 1506 793; x_wconf 83' lang='lat' dir='ltr'>Deos</span> <span class='ocrx_word' id='word_1_70' title='bbox 1526 755 1721 801; x_wconf 82' lang='lat' dir='ltr'><strong>transire.</strong></span> 
     </span>
     <span class='ocr_line' id='line_1_11' title="bbox 259 809 1720 865; baseline -0.003 -12"><span class='ocrx_word' id='word_1_71' title='bbox 259 814 359 853; x_wconf 83' lang='lat' dir='ltr'><strong>vide</strong></span> <span class='ocrx_word' id='word_1_72' title='bbox 381 811 575 865; x_wconf 85' lang='lat' dir='ltr'><strong>pluribus</strong></span> <span class='ocrx_word' id='word_1_73' title='bbox 597 809 844 862; x_wconf 82' lang='lat' dir='ltr'>probantem</span> <span class='ocrx_word' id='word_1_74' title='bbox 866 809 953 848; x_wconf 82' lang='lat' dir='ltr'><strong>Jac.</strong></span> <span class='ocrx_word' id='word_1_75' title='bbox 973 809 1123 848; x_wconf 76' lang='lat' dir='ltr'><strong>Elsner.</strong></span> <span class='ocrx_word' id='word_1_76' title='bbox 1146 809 1197 847; x_wconf 89' lang='lat' dir='ltr'><strong>ad</strong></span> <span class='ocrx_word' id='word_1_77' title='bbox 1220 810 1251 847; x_wconf 88' lang='grc' dir='ltr'><strong>Ι.</strong></span> <span class='ocrx_word' id='word_1_78' title='bbox 1269 811 1350 862; x_wconf 77' lang='lat' dir='ltr'><strong>Ep,</strong></span> <span class='ocrx_word' id='word_1_79' title='bbox 1369 810 1418 848; x_wconf 85' lang='lat' dir='ltr'><strong>ad</strong></span> <span class='ocrx_word' id='word_1_80' title='bbox 1444 810 1616 850; x_wconf 72' lang='lat' dir='ltr'><strong>Corinth.</strong></span> <span class='ocrx_word' id='word_1_81' title='bbox 1638 811 1720 860; x_wconf 81' lang='lat' dir='ltr'>III,</span> 
     </span>
     <span class='ocr_line' id='line_1_12' title="bbox 259 863 1720 919; baseline -0.001 -13"><span class='ocrx_word' id='word_1_82' title='bbox 259 873 325 914; x_wconf 87' lang='lat'><strong>15.</strong></span> <span class='ocrx_word' id='word_1_83' title='bbox 359 871 524 908; x_wconf 73' lang='lat' dir='ltr'><strong>Rm&#39;rz.</strong></span> <span class='ocrx_word' id='word_1_84' title='bbox 586 866 824 905; x_wconf 85' lang='lat' dir='ltr'><strong>Fictionem</strong></span> <span class='ocrx_word' id='word_1_85' title='bbox 849 866 1120 904; x_wconf 79' lang='lat' dir='ltr'><strong>Homericam</strong></span> <span class='ocrx_word' id='word_1_86' title='bbox 1149 864 1199 904; x_wconf 89' lang='lat' dir='ltr'><strong>de</strong></span> <span class='ocrx_word' id='word_1_87' title='bbox 1224 863 1387 919; x_wconf 87' lang='lat' dir='ltr'>duplici</span> <span class='ocrx_word' id='word_1_88' title='bbox 1412 867 1609 905; x_wconf 84' lang='lat' dir='ltr'><strong>Herculis</strong></span> <span class='ocrx_word' id='word_1_89' title='bbox 1632 876 1720 905; x_wconf 83' lang='lat' dir='ltr'><strong>tum</strong></span> 
     </span>
     <span class='ocr_line' id='line_1_13' title="bbox 256 921 1723 978; baseline -0.003 -13"><span class='ocrx_word' id='word_1_90' title='bbox 256 936 429 974; x_wconf 82' lang='lat' dir='ltr'><strong>natura,</strong></span> <span class='ocrx_word' id='word_1_91' title='bbox 473 934 561 962; x_wconf 88' lang='lat' dir='ltr'><strong>tum</strong></span> <span class='ocrx_word' id='word_1_92' title='bbox 590 936 795 974; x_wconf 86' lang='lat' dir='ltr'><strong>persona,</strong></span> <span class='ocrx_word' id='word_1_93' title='bbox 829 921 858 961; x_wconf 86' lang='lat' dir='ltr'><strong>i.</strong></span> <span class='ocrx_word' id='word_1_94' title='bbox 879 936 912 960; x_wconf 91' lang='lat' dir='ltr'><strong>e.</strong></span> <span class='ocrx_word' id='word_1_95' title='bbox 947 921 1139 967; x_wconf 88' lang='lat' dir='ltr'><strong>heroica,</strong></span> <span class='ocrx_word' id='word_1_96' title='bbox 1174 924 1439 974; x_wconf 86' lang='lat' dir='ltr'><strong>jocosissime</strong></span> <span class='ocrx_word' id='word_1_97' title='bbox 1469 923 1723 978; x_wconf 79' lang='lat' dir='ltr'>perstringit</span> 
     </span>
     <span class='ocr_line' id='line_1_14' title="bbox 255 977 1193 1022; baseline -0.007 0"><span class='ocrx_word' id='word_1_98' title='bbox 255 982 367 1022; x_wconf 84' lang='lat' dir='ltr'><strong>idem</strong></span> <span class='ocrx_word' id='word_1_99' title='bbox 390 982 533 1020; x_wconf 73' lang='lat' dir='ltr'><strong>Noster</strong></span> <span class='ocrx_word' id='word_1_100' title='bbox 552 980 684 1017; x_wconf 90' lang='lat' dir='ltr'><strong>Diall.</strong></span> <span class='ocrx_word' id='word_1_101' title='bbox 708 978 860 1016; x_wconf 76' lang='lat' dir='ltr'><strong>Nlortt.</strong></span> <span class='ocrx_word' id='word_1_102' title='bbox 886 977 1002 1019; x_wconf 85' lang='lat' dir='ltr'>XVI.</span> <span class='ocrx_word' id='word_1_103' title='bbox 1039 979 1193 1019; x_wconf 75' lang='lat' dir='ltr'><strong>Lmnvr.</strong></span> 
     </span>
    </p>

    <p class='ocr_par' dir='ltr' id='par_1_5' title="bbox 244 1033 1718 1989">
     <span class='ocr_line' id='line_1_15' title="bbox 366 1033 1717 1088; baseline -0.001 -11"><span class='ocrx_word' id='word_1_104' title='bbox 366 1037 468 1078; x_wconf 74' lang='lat' dir='ltr'><strong>Ead.</strong></span> <span class='ocrx_word' id='word_1_105' title='bbox 499 1039 528 1075; x_wconf 91' lang='lat' dir='ltr'><strong>l.</strong></span> <span class='ocrx_word' id='word_1_106' title='bbox 560 1040 599 1078; x_wconf 85' lang='grc'><strong>4.</strong></span> <span class='ocrx_word' id='word_1_107' title='bbox 645 1035 968 1086; x_wconf 66' lang='grc' dir='ltr'><em>Διευκρινηθὲν)</em></span> <span class='ocrx_word' id='word_1_108' title='bbox 1007 1034 1248 1074; x_wconf 69' lang='lat' dir='ltr'><strong>Munckerus</strong></span> <span class='ocrx_word' id='word_1_109' title='bbox 1289 1033 1341 1073; x_wconf 86' lang='lat' dir='ltr'><strong>ad</strong></span> <span class='ocrx_word' id='word_1_110' title='bbox 1372 1034 1480 1088; x_wconf 56' lang='lat' dir='ltr'>Hj&#39;g.</span> <span class='ocrx_word' id='word_1_111' title='bbox 1514 1034 1717 1075; x_wconf 79' lang='lat' dir='ltr'><strong>XXXVT.</strong></span> 
     </span>
     <span class='ocr_line' id='line_1_16' title="bbox 255 1087 1717 1145; baseline -0.001 -12"><span class='ocrx_word' id='word_1_112' title='bbox 255 1093 479 1135; x_wconf 84' lang='lat' dir='ltr'><strong>emendare</strong></span> <span class='ocrx_word' id='word_1_113' title='bbox 512 1092 652 1144; x_wconf 84' lang='lat' dir='ltr'><strong>jubet,</strong></span> <span class='ocrx_word' id='word_1_114' title='bbox 696 1106 742 1129; x_wconf 90' lang='lat' dir='ltr'><strong>ac</strong></span> <span class='ocrx_word' id='word_1_115' title='bbox 775 1093 914 1144; x_wconf 79' lang='lat' dir='ltr'><strong>legere</strong></span> <span class='ocrx_word' id='word_1_116' title='bbox 945 1087 1198 1142; x_wconf 75' lang='grc' dir='ltr'><em>εὖκρινηθείς</em></span> <span class='ocrx_word' id='word_1_117' title='bbox 1228 1091 1340 1144; x_wconf 88' lang='lat' dir='ltr'><strong>(imo</strong></span> <span class='ocrx_word' id='word_1_118' title='bbox 1371 1090 1717 1145; x_wconf 76' lang='grc' dir='ltr'><strong>ὃιευκρινηθείς).</strong></span> 
     </span>
     <span class='ocr_line' id='line_1_17' title="bbox 254 1147 1718 1200; baseline -0.004 -10"><span class='ocrx_word' id='word_1_119' title='bbox 254 1150 328 1190; x_wconf 87' lang='lat' dir='ltr'><strong>sed</strong></span> <span class='ocrx_word' id='word_1_120' title='bbox 351 1152 466 1187; x_wconf 87' lang='lat' dir='ltr'><strong>nulla</strong></span> <span class='ocrx_word' id='word_1_121' title='bbox 497 1147 706 1187; x_wconf 87' lang='lat' dir='ltr'><strong>medicina</strong></span> <span class='ocrx_word' id='word_1_122' title='bbox 731 1156 825 1200; x_wconf 82' lang='lat' dir='ltr'><strong>eget</strong></span> <span class='ocrx_word' id='word_1_123' title='bbox 845 1149 963 1184; x_wconf 89' lang='lat' dir='ltr'><strong>locus</strong></span> <span class='ocrx_word' id='word_1_124' title='bbox 987 1147 1248 1186; x_wconf 88' lang='lat' dir='ltr'><strong>sanissimus.</strong></span> <span class='ocrx_word' id='word_1_125' title='bbox 1281 1148 1452 1187; x_wconf 84' lang='lat' dir='ltr'><strong>SOLAN.</strong></span> <span class='ocrx_word' id='word_1_126' title='bbox 1513 1149 1718 1187; x_wconf 83' lang='lat' dir='ltr'><strong>Tentavit</strong></span> 
     </span>
     <span class='ocr_line' id='line_1_18' title="bbox 253 1202 1717 1257; baseline -0.003 -11"><span class='ocrx_word' id='word_1_127' title='bbox 253 1217 408 1246; x_wconf 79' lang='lat' dir='ltr'><strong>tamen,</strong></span> <span class='ocrx_word' id='word_1_128' title='bbox 430 1205 569 1244; x_wconf 85' lang='lat' dir='ltr'><strong>denuo</strong></span> <span class='ocrx_word' id='word_1_129' title='bbox 599 1203 784 1251; x_wconf 73' lang='lat' dir='ltr'><strong>Belinus,</strong></span> <span class='ocrx_word' id='word_1_130' title='bbox 818 1203 1108 1255; x_wconf 77' lang='grc' dir='ltr'><em>ὃιευκρινηθεὶς</em></span> <span class='ocrx_word' id='word_1_131' title='bbox 1138 1203 1349 1256; x_wconf 81' lang='lat' dir='ltr'>corrigere</span> <span class='ocrx_word' id='word_1_132' title='bbox 1373 1203 1575 1255; x_wconf 87' lang='lat' dir='ltr'><strong>cupiens,</strong></span> <span class='ocrx_word' id='word_1_133' title='bbox 1603 1202 1717 1257; x_wconf 83' lang='lat' dir='ltr'><strong>quod</strong></span> 
     </span>
     <span class='ocr_line' id='line_1_19' title="bbox 253 1258 1716 1312; baseline -0.003 -11"><span class='ocrx_word' id='word_1_134' title='bbox 253 1262 307 1301; x_wconf 86' lang='lat' dir='ltr'><strong>ad</strong></span> <span class='ocrx_word' id='word_1_135' title='bbox 340 1263 567 1300; x_wconf 81' lang='lat' dir='ltr'><strong>Herculem</strong></span> <span class='ocrx_word' id='word_1_136' title='bbox 601 1260 737 1311; x_wconf 88' lang='lat' dir='ltr'><strong>ipsum</strong></span> <span class='ocrx_word' id='word_1_137' title='bbox 768 1259 1009 1299; x_wconf 85' lang='lat' dir='ltr'><strong>referretur.</strong></span> <span class='ocrx_word' id='word_1_138' title='bbox 1071 1258 1152 1298; x_wconf 75' lang='lat' dir='ltr'><strong>Sed</strong></span> <span class='ocrx_word' id='word_1_139' title='bbox 1181 1260 1340 1311; x_wconf 85' lang='lat' dir='ltr'><strong>optime</strong></span> <span class='ocrx_word' id='word_1_140' title='bbox 1371 1258 1499 1297; x_wconf 84' lang='lat' dir='ltr'><strong>habet</strong></span> <span class='ocrx_word' id='word_1_141' title='bbox 1529 1263 1716 1312; x_wconf 77' lang='lat' dir='ltr'><strong>vulgata.</strong></span> 
     </span>
     <span class='ocr_line' id='line_1_20' title="bbox 251 1314 1714 1369; baseline -0.003 -12"><span class='ocrx_word' id='word_1_142' title='bbox 251 1316 551 1369; x_wconf 84' lang='lat' dir='ltr'><strong>Transpositio</strong></span> <span class='ocrx_word' id='word_1_143' title='bbox 573 1315 676 1354; x_wconf 85' lang='lat' dir='ltr'><strong>haec</strong></span> <span class='ocrx_word' id='word_1_144' title='bbox 696 1314 920 1353; x_wconf 87' lang='lat' dir='ltr'><strong>verborum</strong></span> <span class='ocrx_word' id='word_1_145' title='bbox 943 1326 1006 1354; x_wconf 88' lang='lat' dir='ltr'><strong>est</strong></span> <span class='ocrx_word' id='word_1_146' title='bbox 1025 1330 1077 1355; x_wconf 82' lang='lat' dir='ltr'><strong>ex</strong></span> <span class='ocrx_word' id='word_1_147' title='bbox 1104 1330 1153 1354; x_wconf 85' lang='lat' dir='ltr'><strong>eo</strong></span> <span class='ocrx_word' id='word_1_148' title='bbox 1177 1330 1349 1369; x_wconf 82' lang='lat' dir='ltr'><strong>genere,</strong></span> <span class='ocrx_word' id='word_1_149' title='bbox 1388 1316 1503 1368; x_wconf 88' lang='lat' dir='ltr'><strong>quod</strong></span> <span class='ocrx_word' id='word_1_150' title='bbox 1525 1316 1714 1354; x_wconf 87' lang='lat' dir='ltr'><strong>omnium</strong></span> 
     </span>
     <span class='ocr_line' id='line_1_21' title="bbox 251 1372 1716 1425; baseline -0.004 -11"><span class='ocrx_word' id='word_1_151' title='bbox 251 1375 460 1415; x_wconf 81' lang='lat' dir='ltr'><strong>facillime</strong></span> <span class='ocrx_word' id='word_1_152' title='bbox 492 1373 594 1411; x_wconf 87' lang='lat' dir='ltr'><strong>ferri</strong></span> <span class='ocrx_word' id='word_1_153' title='bbox 624 1380 782 1425; x_wconf 80' lang='lat' dir='ltr'><strong>potest.</strong></span> <span class='ocrx_word' id='word_1_154' title='bbox 842 1372 913 1410; x_wconf 88' lang='lat' dir='ltr'><strong>De</strong></span> <span class='ocrx_word' id='word_1_155' title='bbox 951 1373 1136 1419; x_wconf 86' lang='lat' dir='ltr'><strong>Hercule</strong></span> <span class='ocrx_word' id='word_1_156' title='bbox 1167 1382 1305 1410; x_wconf 86' lang='lat' dir='ltr'><strong>autem</strong></span> <span class='ocrx_word' id='word_1_157' title='bbox 1338 1372 1496 1421; x_wconf 88' lang='lat' dir='ltr'><strong>Oete0,</strong></span> <span class='ocrx_word' id='word_1_158' title='bbox 1542 1375 1716 1425; x_wconf 82' lang='lat' dir='ltr'><strong>ejusque</strong></span> 
     </span>
     <span class='ocr_line' id='line_1_22' title="bbox 250 1428 1716 1478; baseline -0.003 -8"><span class='ocrx_word' id='word_1_159' title='bbox 250 1431 511 1470; x_wconf 79' lang='lat' dir='ltr'><strong>mortalitate</strong></span> <span class='ocrx_word' id='word_1_160' title='bbox 545 1429 589 1466; x_wconf 85' lang='lat' dir='ltr'><strong>in</strong></span> <span class='ocrx_word' id='word_1_161' title='bbox 609 1437 756 1465; x_wconf 87' lang='lat' dir='ltr'><strong>monte</strong></span> <span class='ocrx_word' id='word_1_162' title='bbox 789 1428 873 1466; x_wconf 92' lang='lat' dir='ltr'><strong>isto</strong></span> <span class='ocrx_word' id='word_1_163' title='bbox 903 1438 1053 1477; x_wconf 85' lang='lat' dir='ltr'><strong>exuta,</strong></span> <span class='ocrx_word' id='word_1_164' title='bbox 1086 1442 1322 1478; x_wconf 84' lang='lat' dir='ltr'><strong>exposuere</strong></span> <span class='ocrx_word' id='word_1_165' title='bbox 1353 1429 1716 1467; x_wconf 87' lang='lat' dir='ltr'><strong>Commentatores</strong></span> 
     </span>
     <span class='ocr_line' id='line_1_23' title="bbox 252 1483 1713 1539; baseline -0.001 -13"><span class='ocrx_word' id='word_1_166' title='bbox 252 1487 304 1526; x_wconf 80' lang='lat' dir='ltr'><strong>ad</strong></span> <span class='ocrx_word' id='word_1_167' title='bbox 342 1486 497 1539; x_wconf 70' lang='lat' dir='ltr'><strong>Hygini</strong></span> <span class='ocrx_word' id='word_1_168' title='bbox 525 1487 552 1522; x_wconf 87' lang='lat' dir='ltr'><strong>l.</strong></span> <span class='ocrx_word' id='word_1_169' title='bbox 579 1483 874 1535; x_wconf 65' lang='grc' dir='ltr'><strong>1.,’Ἀρκατον,</strong></span> <span class='ocrx_word' id='word_1_170' title='bbox 908 1483 1022 1535; x_wconf 77' lang='lat' dir='ltr'><strong>quod</strong></span> <span class='ocrx_word' id='word_1_171' title='bbox 1057 1485 1230 1536; x_wconf 71' lang='lat' dir='ltr'><strong>Tonpius</strong></span> <span class='ocrx_word' id='word_1_172' title='bbox 1263 1483 1313 1521; x_wconf 81' lang='lat' dir='ltr'><strong>ad</strong></span> <span class='ocrx_word' id='word_1_173' title='bbox 1348 1485 1521 1537; x_wconf 74' lang='lat' dir='ltr'><strong>Longin.</strong></span> <span class='ocrx_word' id='word_1_174' title='bbox 1553 1499 1595 1537; x_wconf 86' lang='lat' dir='ltr'><strong>p.</strong></span> <span class='ocrx_word' id='word_1_175' title='bbox 1617 1487 1713 1527; x_wconf 77' lang='lat'>275.</span> 
     </span>
     <span class='ocr_line' id='line_1_24' title="bbox 252 1535 1712 1592; baseline -0.003 -11"><span class='ocrx_word' id='word_1_176' title='bbox 252 1535 505 1584; x_wconf 61' lang='lat' dir='ltr'><strong>ed.W&#39;eisk.</strong></span> <span class='ocrx_word' id='word_1_177' title='bbox 538 1554 613 1592; x_wconf 91' lang='lat' dir='ltr'><strong>pro</strong></span> <span class='ocrx_word' id='word_1_178' title='bbox 644 1536 845 1592; x_wconf 64' lang='grc' dir='ltr'><strong>ἀκήρατον</strong></span> <span class='ocrx_word' id='word_1_179' title='bbox 875 1539 1080 1578; x_wconf 86' lang='lat' dir='ltr'><strong>substitui</strong></span> <span class='ocrx_word' id='word_1_180' title='bbox 1109 1542 1222 1588; x_wconf 84' lang='lat' dir='ltr'><strong>vult,</strong></span> <span class='ocrx_word' id='word_1_181' title='bbox 1267 1540 1476 1579; x_wconf 70' lang='lat' dir='ltr'><strong>Plutarchi</strong></span> <span class='ocrx_word' id='word_1_182' title='bbox 1510 1540 1636 1579; x_wconf 86' lang='lat' dir='ltr'><strong>verba</strong></span> <span class='ocrx_word' id='word_1_183' title='bbox 1668 1541 1712 1578; x_wconf 84' lang='lat' dir='ltr'><strong>in</strong></span> 
     </span>
     <span class='ocr_line' id='line_1_25' title="bbox 249 1593 1715 1648; baseline -0.004 -10"><span class='ocrx_word' id='word_1_184' title='bbox 249 1599 343 1638; x_wconf 88' lang='lat' dir='ltr'><strong>Vit.</strong></span> <span class='ocrx_word' id='word_1_185' title='bbox 367 1598 515 1636; x_wconf 87' lang='lat' dir='ltr'><strong>Pericl.</strong></span> <span class='ocrx_word' id='word_1_186' title='bbox 539 1601 639 1637; x_wconf 78' lang='grc' dir='ltr'><em>νοῦν</em></span> <span class='ocrx_word' id='word_1_187' title='bbox 662 1597 849 1647; x_wconf 79' lang='grc' dir='ltr'><em>ἐπέστησε</em></span> <span class='ocrx_word' id='word_1_188' title='bbox 870 1594 1054 1646; x_wconf 78' lang='grc' dir='ltr'><strong>καθαρὸν</strong></span> <span class='ocrx_word' id='word_1_189' title='bbox 1072 1597 1139 1636; x_wconf 83' lang='grc' dir='ltr'><strong>καὶ</strong></span> <span class='ocrx_word' id='word_1_190' title='bbox 1166 1593 1339 1647; x_wconf 68' lang='grc' dir='ltr'><strong>ἄκρατον</strong></span> <span class='ocrx_word' id='word_1_191' title='bbox 1358 1596 1606 1648; x_wconf 82' lang='lat' dir='ltr'><strong>respiciens,</strong></span> <span class='ocrx_word' id='word_1_192' title='bbox 1638 1597 1715 1633; x_wconf 89' lang='lat' dir='ltr'><strong>mi-</strong></span> 
     </span>
     <span class='ocr_line' id='line_1_26' title="bbox 250 1651 1713 1706; baseline -0.001 -14"><span class='ocrx_word' id='word_1_193' title='bbox 250 1655 366 1693; x_wconf 84' lang='lat' dir='ltr'><strong>nime</strong></span> <span class='ocrx_word' id='word_1_194' title='bbox 395 1653 552 1706; x_wconf 87' lang='lat' dir='ltr'><strong>probo,</strong></span> <span class='ocrx_word' id='word_1_195' title='bbox 586 1651 665 1691; x_wconf 84' lang='lat' dir='ltr'><strong>etsi</strong></span> <span class='ocrx_word' id='word_1_196' title='bbox 696 1652 734 1693; x_wconf 88' lang='lat' dir='ltr'><strong>J.</strong></span> <span class='ocrx_word' id='word_1_197' title='bbox 758 1652 946 1704; x_wconf 74' lang='lat' dir='ltr'><strong>Seagerus</strong></span> <span class='ocrx_word' id='word_1_198' title='bbox 978 1652 1110 1694; x_wconf 80' lang='lat' dir='ltr'><strong>Class,</strong></span> <span class='ocrx_word' id='word_1_199' title='bbox 1137 1651 1289 1692; x_wconf 86' lang='lat' dir='ltr'><strong>Journ.</strong></span> <span class='ocrx_word' id='word_1_200' title='bbox 1315 1653 1412 1692; x_wconf 89' lang='lat' dir='ltr'><strong>Vol.</strong></span> <span class='ocrx_word' id='word_1_201' title='bbox 1438 1652 1562 1690; x_wconf 87' lang='lat' dir='ltr'>XIII.</span> <span class='ocrx_word' id='word_1_202' title='bbox 1586 1667 1625 1704; x_wconf 90' lang='lat' dir='ltr'><strong>p.</strong></span> <span class='ocrx_word' id='word_1_203' title='bbox 1647 1657 1713 1694; x_wconf 83' lang='lat'><strong>71.</strong></span> 
     </span>
     <span class='ocr_line' id='line_1_27' title="bbox 248 1707 1714 1764; baseline -0.001 -16"><span class='ocrx_word' id='word_1_204' title='bbox 248 1710 430 1764; x_wconf 89' lang='lat' dir='ltr'><strong>probare</strong></span> <span class='ocrx_word' id='word_1_205' title='bbox 464 1708 647 1747; x_wconf 86' lang='lat' dir='ltr'><strong>videtur.</strong></span> <span class='ocrx_word' id='word_1_206' title='bbox 708 1708 805 1745; x_wconf 86' lang='lat' dir='ltr'><strong>Alia</strong></span> <span class='ocrx_word' id='word_1_207' title='bbox 833 1708 980 1759; x_wconf 89' lang='lat' dir='ltr'><strong>potius</strong></span> <span class='ocrx_word' id='word_1_208' title='bbox 1010 1711 1128 1757; x_wconf 87' lang='lat' dir='ltr'><strong>loca,</strong></span> <span class='ocrx_word' id='word_1_209' title='bbox 1174 1722 1282 1760; x_wconf 86' lang='lat' dir='ltr'><strong>quae</strong></span> <span class='ocrx_word' id='word_1_210' title='bbox 1313 1707 1426 1746; x_wconf 86' lang='lat' dir='ltr'><strong>haud</strong></span> <span class='ocrx_word' id='word_1_211' title='bbox 1457 1722 1591 1760; x_wconf 86' lang='lat' dir='ltr'><strong>pauca</strong></span> <span class='ocrx_word' id='word_1_212' title='bbox 1622 1708 1714 1760; x_wconf 86' lang='lat' dir='ltr'><strong>ipse</strong></span> 
     </span>
     <span class='ocr_line' id='line_1_28' title="bbox 252 1763 1714 1819; baseline -0.003 -13"><span class='ocrx_word' id='word_1_213' title='bbox 252 1769 429 1819; x_wconf 82' lang='lat' dir='ltr'><strong>Toupius</strong></span> <span class='ocrx_word' id='word_1_214' title='bbox 457 1772 698 1813; x_wconf 83' lang='lat' dir='ltr'><strong>enumerat,</strong></span> <span class='ocrx_word' id='word_1_215' title='bbox 730 1763 999 1816; x_wconf 85' lang='lat' dir='ltr'><strong>respicienda</strong></span> <span class='ocrx_word' id='word_1_216' title='bbox 1031 1773 1169 1812; x_wconf 83' lang='lat' dir='ltr'><strong>erant,</strong></span> <span class='ocrx_word' id='word_1_217' title='bbox 1204 1778 1256 1802; x_wconf 85' lang='lat' dir='ltr'><strong>ex</strong></span> <span class='ocrx_word' id='word_1_218' title='bbox 1283 1778 1462 1817; x_wconf 88' lang='lat' dir='ltr'><strong>quorum</strong></span> <span class='ocrx_word' id='word_1_219' title='bbox 1486 1773 1598 1803; x_wconf 86' lang='lat' dir='ltr'><strong>certa</strong></span> <span class='ocrx_word' id='word_1_220' title='bbox 1622 1767 1714 1803; x_wconf 85' lang='lat' dir='ltr'><strong>lec—</strong></span> 
     </span>
     <span class='ocr_line' id='line_1_29' title="bbox 247 1817 1716 1875; baseline -0.003 -13"><span class='ocrx_word' id='word_1_221' title='bbox 247 1823 369 1862; x_wconf 88' lang='lat' dir='ltr'><strong>tione</strong></span> <span class='ocrx_word' id='word_1_222' title='bbox 394 1830 580 1875; x_wconf 84' lang='lat' dir='ltr'><strong>pateret,</strong></span> <span class='ocrx_word' id='word_1_223' title='bbox 618 1819 805 1873; x_wconf 78' lang='grc' dir='ltr'><strong>καθαρὸν</strong></span> <span class='ocrx_word' id='word_1_224' title='bbox 828 1830 870 1859; x_wconf 89' lang='lat' dir='ltr'><strong>et</strong></span> <span class='ocrx_word' id='word_1_225' title='bbox 897 1817 1102 1872; x_wconf 74' lang='grc' dir='ltr'><strong>ἀκήρατον</strong></span> <span class='ocrx_word' id='word_1_226' title='bbox 1124 1835 1217 1858; x_wconf 85' lang='lat' dir='ltr'><strong>cum</strong></span> <span class='ocrx_word' id='word_1_227' title='bbox 1248 1834 1323 1873; x_wconf 87' lang='lat' dir='ltr'><strong>per</strong></span> <span class='ocrx_word' id='word_1_228' title='bbox 1345 1834 1411 1869; x_wconf 86' lang='lat' dir='ltr'><strong>se,</strong></span> <span class='ocrx_word' id='word_1_229' title='bbox 1446 1829 1534 1858; x_wconf 87' lang='lat' dir='ltr'><strong>tum</strong></span> <span class='ocrx_word' id='word_1_230' title='bbox 1559 1820 1716 1872; x_wconf 85' lang='lat' dir='ltr'><strong>impri—</strong></span> 
     </span>
     <span class='ocr_line' id='line_1_30' title="bbox 246 1873 1714 1930; baseline 0.001 -16"><span class='ocrx_word' id='word_1_231' title='bbox 246 1880 326 1917; x_wconf 85' lang='lat' dir='ltr'><strong>mis</strong></span> <span class='ocrx_word' id='word_1_232' title='bbox 359 1877 400 1917; x_wconf 87' lang='lat' dir='ltr'><strong>h.</strong></span> <span class='ocrx_word' id='word_1_233' title='bbox 425 1881 478 1923; x_wconf 84' lang='lat' dir='ltr'><strong>l„</strong></span> <span class='ocrx_word' id='word_1_234' title='bbox 513 1875 619 1915; x_wconf 91' lang='lat' dir='ltr'><strong>bene</strong></span> <span class='ocrx_word' id='word_1_235' title='bbox 650 1876 857 1930; x_wconf 79' lang='lat' dir='ltr'><strong>conjungi</strong></span> <span class='ocrx_word' id='word_1_236' title='bbox 891 1876 1095 1928; x_wconf 89' lang='lat' dir='ltr'><strong>potuisse.</strong></span> <span class='ocrx_word' id='word_1_237' title='bbox 1158 1877 1314 1915; x_wconf 89' lang='lat' dir='ltr'><strong>Vocem</strong></span> <span class='ocrx_word' id='word_1_238' title='bbox 1345 1886 1483 1915; x_wconf 85' lang='lat' dir='ltr'><strong>autern</strong></span> <span class='ocrx_word' id='word_1_239' title='bbox 1514 1873 1714 1929; x_wconf 68' lang='grc' dir='ltr'><strong>ἀκήρατος</strong></span> 
     </span>
     <span class='ocr_line' id='line_1_31' title="bbox 244 1931 1654 1989; baseline -0.001 -16"><span class='ocrx_word' id='word_1_240' title='bbox 244 1934 380 1989; x_wconf 73' lang='lat' dir='ltr'><strong>ipsam</strong></span> <span class='ocrx_word' id='word_1_241' title='bbox 401 1932 635 1972; x_wconf 80' lang='lat' dir='ltr'><strong>illustravit</strong></span> <span class='ocrx_word' id='word_1_242' title='bbox 654 1933 857 1972; x_wconf 78' lang='lat' dir='ltr'><strong>Fisclzerus</strong></span> <span class='ocrx_word' id='word_1_243' title='bbox 880 1932 924 1969; x_wconf 82' lang='lat' dir='ltr'><strong>in</strong></span> <span class='ocrx_word' id='word_1_244' title='bbox 944 1931 1039 1971; x_wconf 87' lang='lat' dir='ltr'><strong>Ind.</strong></span> <span class='ocrx_word' id='word_1_245' title='bbox 1066 1932 1118 1971; x_wconf 81' lang='lat' dir='ltr'><strong>ad</strong></span> <span class='ocrx_word' id='word_1_246' title='bbox 1136 1933 1325 1971; x_wconf 76' lang='lat' dir='ltr'><strong>Aesclzin.</strong></span> <span class='ocrx_word' id='word_1_247' title='bbox 1353 1933 1470 1972; x_wconf 87' lang='lat' dir='ltr'><strong>Socr.</strong></span> <span class='ocrx_word' id='word_1_248' title='bbox 1501 1933 1654 1974; x_wconf 79' lang='lat' dir='ltr'><strong>LmrM.</strong></span> 
     </span>
    </p>
   </div>
   <div class='ocr_carea' id='block_1_3' title="bbox 237 1998 1710 2782">
    <p class='ocr_par' dir='ltr' id='par_1_6' title="bbox 237 1998 1710 2782">
     <span class='ocr_line' id='line_1_32' title="bbox 358 1998 1708 2052; baseline -0.001 -12"><span class='ocrx_word' id='word_1_249' title='bbox 358 2001 580 2042; x_wconf 73' lang='grc' dir='ltr'><strong>Εα(1.1.9.</strong></span> <span class='ocrx_word' id='word_1_250' title='bbox 628 2005 734 2041; x_wconf 78' lang='grc' dir='ltr'><strong>Τῶν</strong></span> <span class='ocrx_word' id='word_1_251' title='bbox 773 2000 1033 2052; x_wconf 81' lang='grc' dir='ltr'><em>οἰομένων</em></span> <span class='ocrx_word' id='word_1_252' title='bbox 1062 1998 1202 2041; x_wconf 76' lang='grc' dir='ltr'>ταῦτ’</span> <span class='ocrx_word' id='word_1_253' title='bbox 1243 1998 1404 2052; x_wconf 79' lang='grc' dir='ltr'><strong>εἶναι]</strong></span> <span class='ocrx_word' id='word_1_254' title='bbox 1452 1999 1532 2036; x_wconf 83' lang='lat' dir='ltr'><strong>His</strong></span> <span class='ocrx_word' id='word_1_255' title='bbox 1568 1998 1708 2038; x_wconf 86' lang='lat' dir='ltr'><strong>verbis</strong></span> 
     </span>
     <span class='ocr_line' id='line_1_33' title="bbox 242 2053 1710 2115; baseline -0.002 -18"><span class='ocrx_word' id='word_1_256' title='bbox 242 2060 388 2115; x_wconf 87' lang='lat' dir='ltr'><strong>quales</strong></span> <span class='ocrx_word' id='word_1_257' title='bbox 416 2056 711 2095; x_wconf 82' lang='lat' dir='ltr'><strong>describantur</strong></span> <span class='ocrx_word' id='word_1_258' title='bbox 738 2055 956 2105; x_wconf 82' lang='lat' dir='ltr'><strong>homines,</strong></span> <span class='ocrx_word' id='word_1_259' title='bbox 992 2056 1166 2095; x_wconf 89' lang='lat' dir='ltr'><strong>omnino</strong></span> <span class='ocrx_word' id='word_1_260' title='bbox 1195 2055 1366 2109; x_wconf 90' lang='lat' dir='ltr'><strong>quidem</strong></span> <span class='ocrx_word' id='word_1_261' title='bbox 1387 2054 1500 2094; x_wconf 88' lang='lat' dir='ltr'><strong>haud</strong></span> <span class='ocrx_word' id='word_1_262' title='bbox 1519 2053 1710 2094; x_wconf 85' lang='lat' dir='ltr'><strong>difficul-</strong></span> 
     </span>
     <span class='ocr_line' id='line_1_34' title="bbox 241 2111 1708 2167; baseline -0.003 -12"><span class='ocrx_word' id='word_1_263' title='bbox 241 2126 307 2155; x_wconf 86' lang='lat' dir='ltr'><strong>ter</strong></span> <span class='ocrx_word' id='word_1_264' title='bbox 327 2113 547 2167; x_wconf 85' lang='lat' dir='ltr'><strong>conjicias.</strong></span> <span class='ocrx_word' id='word_1_265' title='bbox 610 2112 693 2152; x_wconf 83' lang='lat' dir='ltr'><strong>Sed</strong></span> <span class='ocrx_word' id='word_1_266' title='bbox 715 2111 765 2152; x_wconf 88' lang='lat' dir='ltr'><strong>de</strong></span> <span class='ocrx_word' id='word_1_267' title='bbox 789 2112 979 2164; x_wconf 87' lang='lat' dir='ltr'><strong>ipsorum</strong></span> <span class='ocrx_word' id='word_1_268' title='bbox 1002 2112 1224 2151; x_wconf 89' lang='lat' dir='ltr'><strong>verborum</strong></span> <span class='ocrx_word' id='word_1_269' title='bbox 1249 2127 1375 2152; x_wconf 88' lang='lat' dir='ltr'><strong>sensu</strong></span> <span class='ocrx_word' id='word_1_270' title='bbox 1394 2121 1436 2150; x_wconf 89' lang='lat' dir='ltr'><strong>et</strong></span> <span class='ocrx_word' id='word_1_271' title='bbox 1457 2111 1708 2166; x_wconf 80' lang='lat' dir='ltr'><strong>integritate</strong></span> 
     </span>
     <span class='ocr_line' id='line_1_35' title="bbox 242 2167 1704 2223; baseline -0.003 -12"><span class='ocrx_word' id='word_1_272' title='bbox 242 2181 329 2221; x_wconf 87' lang='lat' dir='ltr'><strong>est,</strong></span> <span class='ocrx_word' id='word_1_273' title='bbox 364 2168 479 2223; x_wconf 90' lang='lat' dir='ltr'><strong>quod</strong></span> <span class='ocrx_word' id='word_1_274' title='bbox 507 2167 707 2222; x_wconf 81' lang='lat' dir='ltr'><strong>ambigas.</strong></span> <span class='ocrx_word' id='word_1_275' title='bbox 770 2167 938 2221; x_wconf 85' lang='lat' dir='ltr'><strong>Quodsi</strong></span> <span class='ocrx_word' id='word_1_276' title='bbox 957 2168 1205 2221; x_wconf 86' lang='lat' dir='ltr'><strong>interpretes</strong></span> <span class='ocrx_word' id='word_1_277' title='bbox 1230 2168 1464 2217; x_wconf 87' lang='lat' dir='ltr'><strong>audiamus,</strong></span> <span class='ocrx_word' id='word_1_278' title='bbox 1503 2167 1704 2216; x_wconf 79' lang='lat' dir='ltr'><strong>Gesnerus,</strong></span> 
     </span>
     <span class='ocr_line' id='line_1_36' title="bbox 243 2223 1707 2280; baseline -0.003 -15"><span class='ocrx_word' id='word_1_279' title='bbox 243 2228 318 2280; x_wconf 90' lang='lat' dir='ltr'><strong>qui</strong></span> <span class='ocrx_word' id='word_1_280' title='bbox 340 2226 492 2265; x_wconf 89' lang='lat' dir='ltr'><strong>vertit:</strong></span> <span class='ocrx_word' id='word_1_281' title='bbox 524 2241 607 2272; x_wconf 78' lang='lat' dir='ltr'><strong>eos,</strong></span> <span class='ocrx_word' id='word_1_282' title='bbox 641 2226 709 2279; x_wconf 81' lang='lat' dir='ltr'><strong>qui</strong></span> <span class='ocrx_word' id='word_1_283' title='bbox 736 2241 813 2264; x_wconf 81' lang='lat' dir='ltr'><strong>csse</strong></span> <span class='ocrx_word' id='word_1_284' title='bbox 829 2223 984 2278; x_wconf 68' lang='lat' dir='ltr'><strong>aliquid</strong></span> <span class='ocrx_word' id='word_1_285' title='bbox 1004 2227 1080 2263; x_wconf 78' lang='lat' dir='ltr'><strong>ista</strong></span> <span class='ocrx_word' id='word_1_286' title='bbox 1113 2225 1376 2274; x_wconf 77' lang='lat' dir='ltr'><strong>arbitrantur,</strong></span> <span class='ocrx_word' id='word_1_287' title='bbox 1411 2223 1618 2277; x_wconf 81' lang='lat' dir='ltr'><strong>cogitasse</strong></span> <span class='ocrx_word' id='word_1_288' title='bbox 1643 2223 1707 2262; x_wconf 85' lang='lat' dir='ltr'><strong>vi-</strong></span> 
     </span>
     <span class='ocr_line' id='line_1_37' title="bbox 240 2279 1705 2334; baseline -0.003 -13"><span class='ocrx_word' id='word_1_289' title='bbox 240 2284 364 2323; x_wconf 84' lang='lat' dir='ltr'><strong>detur</strong></span> <span class='ocrx_word' id='word_1_290' title='bbox 383 2285 461 2322; x_wconf 77' lang='grc' dir='ltr'><strong>τῶν</strong></span> <span class='ocrx_word' id='word_1_291' title='bbox 483 2283 678 2333; x_wconf 85' lang='grc' dir='ltr'><em>οἰομένων</em></span> <span class='ocrx_word' id='word_1_292' title='bbox 708 2279 830 2322; x_wconf 73' lang='grc' dir='ltr'>ταῦτα</span> <span class='ocrx_word' id='word_1_293' title='bbox 859 2298 916 2330; x_wconf 87' lang='grc' dir='ltr'><strong>τι,</strong></span> <span class='ocrx_word' id='word_1_294' title='bbox 952 2283 1018 2320; x_wconf 86' lang='lat' dir='ltr'><strong>vel</strong></span> <span class='ocrx_word' id='word_1_295' title='bbox 1036 2282 1071 2321; x_wconf 88' lang='grc' dir='ltr'><strong>τὶ</strong></span> <span class='ocrx_word' id='word_1_296' title='bbox 1091 2287 1234 2330; x_wconf 84' lang='grc' dir='ltr'>ταῦτα,</span> <span class='ocrx_word' id='word_1_297' title='bbox 1268 2279 1393 2330; x_wconf 79' lang='grc' dir='ltr'><em>εἶναι,</em></span> <span class='ocrx_word' id='word_1_298' title='bbox 1427 2279 1705 2334; x_wconf 85' lang='lat' dir='ltr'><strong>quemadmo-</strong></span> 
     </span>
     <span class='ocr_line' id='line_1_38' title="bbox 240 2335 1701 2391; baseline -0.003 -14"><span class='ocrx_word' id='word_1_299' title='bbox 240 2338 338 2377; x_wconf 87' lang='lat' dir='ltr'><strong>dum</strong></span> <span class='ocrx_word' id='word_1_300' title='bbox 362 2339 500 2377; x_wconf 66' lang='lat' dir='ltr'><strong>Heius.</strong></span> <span class='ocrx_word' id='word_1_301' title='bbox 522 2348 564 2377; x_wconf 92' lang='lat' dir='ltr'><strong>et</strong></span> <span class='ocrx_word' id='word_1_302' title='bbox 595 2338 631 2376; x_wconf 91' lang='lat' dir='ltr'><strong>J.</strong></span> <span class='ocrx_word' id='word_1_303' title='bbox 657 2337 811 2391; x_wconf 78' lang='lat' dir='ltr'><strong>Seager.</strong></span> <span class='ocrx_word' id='word_1_304' title='bbox 835 2336 991 2390; x_wconf 84' lang='lat' dir='ltr'><strong>corrigi</strong></span> <span class='ocrx_word' id='word_1_305' title='bbox 1012 2340 1188 2383; x_wconf 88' lang='lat' dir='ltr'><strong>volunt,</strong></span> <span class='ocrx_word' id='word_1_306' title='bbox 1221 2346 1262 2376; x_wconf 90' lang='lat' dir='ltr'><strong>et</strong></span> <span class='ocrx_word' id='word_1_307' title='bbox 1284 2337 1355 2375; x_wconf 86' lang='lat' dir='ltr'><strong>hic</strong></span> <span class='ocrx_word' id='word_1_308' title='bbox 1378 2336 1545 2391; x_wconf 84' lang='lat' dir='ltr'><strong>quidem</strong></span> <span class='ocrx_word' id='word_1_309' title='bbox 1567 2335 1701 2388; x_wconf 86' lang='lat' dir='ltr'><strong>phra-</strong></span> 
     </span>
     <span class='ocr_line' id='line_1_39' title="bbox 238 2390 1701 2446; baseline -0.003 -14"><span class='ocrx_word' id='word_1_310' title='bbox 238 2396 305 2433; x_wconf 89' lang='lat' dir='ltr'><strong>sin</strong></span> <span class='ocrx_word' id='word_1_311' title='bbox 329 2396 365 2436; x_wconf 79' lang='grc' dir='ltr'><strong>τὶ</strong></span> <span class='ocrx_word' id='word_1_312' title='bbox 381 2393 716 2439; x_wconf 19' lang='lat' dir='ltr'><strong>sivarAillustrans</strong></span> <span class='ocrx_word' id='word_1_313' title='bbox 739 2397 837 2432; x_wconf 89' lang='lat' dir='ltr'><strong>loco</strong></span> <span class='ocrx_word' id='word_1_314' title='bbox 862 2393 1042 2433; x_wconf 79' lang='lat' dir='ltr'><strong>Platonis</strong></span> <span class='ocrx_word' id='word_1_315' title='bbox 1063 2393 1188 2446; x_wconf 84' lang='lat' dir='ltr'><strong>Apol.</strong></span> <span class='ocrx_word' id='word_1_316' title='bbox 1213 2393 1329 2432; x_wconf 78' lang='lat' dir='ltr'><strong>Socr.</strong></span> <span class='ocrx_word' id='word_1_317' title='bbox 1350 2407 1391 2446; x_wconf 87' lang='lat' dir='ltr'><strong>p.</strong></span> <span class='ocrx_word' id='word_1_318' title='bbox 1419 2396 1482 2435; x_wconf 86' lang='lat'><strong>14.</strong></span> <span class='ocrx_word' id='word_1_319' title='bbox 1504 2390 1566 2430; x_wconf 83' lang='lat' dir='ltr'><strong>ed.</strong></span> <span class='ocrx_word' id='word_1_320' title='bbox 1591 2390 1701 2428; x_wconf 84' lang='lat' dir='ltr'><strong>Val-</strong></span> 
     </span>
     <span class='ocr_line' id='line_1_40' title="bbox 239 2448 1700 2503; baseline -0.004 -14"><span class='ocrx_word' id='word_1_321' title='bbox 239 2450 324 2490; x_wconf 88' lang='lat' dir='ltr'><strong>der.</strong></span> <span class='ocrx_word' id='word_1_322' title='bbox 353 2465 388 2488; x_wconf 92' lang='lat' dir='ltr'><strong>a.</strong></span> <span class='ocrx_word' id='word_1_323' title='bbox 424 2454 567 2499; x_wconf 58' lang='lat'>1534„</span> <span class='ocrx_word' id='word_1_324' title='bbox 610 2450 731 2503; x_wconf 87' lang='lat' dir='ltr'><strong>quasi</strong></span> <span class='ocrx_word' id='word_1_325' title='bbox 760 2449 862 2489; x_wconf 87' lang='lat' dir='ltr'><strong>haec</strong></span> <span class='ocrx_word' id='word_1_326' title='bbox 892 2448 1056 2501; x_wconf 87' lang='lat' dir='ltr'><strong>phrasis</strong></span> <span class='ocrx_word' id='word_1_327' title='bbox 1089 2464 1167 2488; x_wconf 90' lang='lat' dir='ltr'><strong>nec</strong></span> <span class='ocrx_word' id='word_1_328' title='bbox 1199 2449 1375 2487; x_wconf 89' lang='lat' dir='ltr'><strong>omnino</strong></span> <span class='ocrx_word' id='word_1_329' title='bbox 1404 2457 1528 2495; x_wconf 77' lang='lat' dir='ltr'><strong>nota,</strong></span> <span class='ocrx_word' id='word_1_330' title='bbox 1563 2460 1700 2497; x_wconf 83' lang='lat' dir='ltr'><strong>neque</strong></span> 
     </span>
     <span class='ocr_line' id='line_1_41' title="bbox 237 2501 1702 2558; baseline -0.003 -13"><span class='ocrx_word' id='word_1_331' title='bbox 237 2508 361 2545; x_wconf 84' lang='lat' dir='ltr'><strong>etiam</strong></span> <span class='ocrx_word' id='word_1_332' title='bbox 387 2507 429 2544; x_wconf 91' lang='lat' dir='ltr'><strong>in</strong></span> <span class='ocrx_word' id='word_1_333' title='bbox 456 2508 639 2546; x_wconf 83' lang='lat' dir='ltr'><strong>Luciano</strong></span> <span class='ocrx_word' id='word_1_334' title='bbox 668 2506 834 2558; x_wconf 88' lang='lat' dir='ltr'><strong>saepius</strong></span> <span class='ocrx_word' id='word_1_335' title='bbox 859 2505 916 2544; x_wconf 90' lang='lat' dir='ltr'><strong>sit</strong></span> <span class='ocrx_word' id='word_1_336' title='bbox 947 2504 1087 2547; x_wconf 82' lang='lat' dir='ltr'><strong>obvia,</strong></span> <span class='ocrx_word' id='word_1_337' title='bbox 1153 2504 1357 2545; x_wconf 70' lang='lat' dir='ltr'><strong>Gesner-um</strong></span> <span class='ocrx_word' id='word_1_338' title='bbox 1382 2514 1423 2543; x_wconf 89' lang='lat' dir='ltr'><strong>et</strong></span> <span class='ocrx_word' id='word_1_339' title='bbox 1459 2501 1702 2541; x_wconf 70' lang='lat' dir='ltr'><strong>Wielanclius</strong></span> 
     </span>
     <span class='ocr_line' id='line_1_42' title="bbox 239 2558 1699 2615; baseline 0.001 -16"><span class='ocrx_word' id='word_1_340' title='bbox 239 2563 327 2601; x_wconf 82' lang='lat' dir='ltr'><strong>fere</strong></span> <span class='ocrx_word' id='word_1_341' title='bbox 353 2572 521 2601; x_wconf 89' lang='lat' dir='ltr'><strong>secutus</strong></span> <span class='ocrx_word' id='word_1_342' title='bbox 542 2572 618 2603; x_wconf 88' lang='lat' dir='ltr'><strong>est.</strong></span> <span class='ocrx_word' id='word_1_343' title='bbox 679 2562 736 2601; x_wconf 92' lang='lat' dir='ltr'><strong>At</strong></span> <span class='ocrx_word' id='word_1_344' title='bbox 757 2563 794 2600; x_wconf 90' lang='lat' dir='ltr'><strong>si</strong></span> <span class='ocrx_word' id='word_1_345' title='bbox 818 2560 921 2615; x_wconf 88' lang='lat' dir='ltr'><strong>quid</strong></span> <span class='ocrx_word' id='word_1_346' title='bbox 951 2561 1136 2610; x_wconf 86' lang='lat' dir='ltr'><strong>excidit,</strong></span> <span class='ocrx_word' id='word_1_347' title='bbox 1171 2575 1257 2600; x_wconf 89' lang='lat' dir='ltr'><strong>non</strong></span> <span class='ocrx_word' id='word_1_348' title='bbox 1279 2562 1315 2601; x_wconf 85' lang='grc' dir='ltr'><strong>τὶ</strong></span> <span class='ocrx_word' id='word_1_349' title='bbox 1334 2558 1440 2597; x_wconf 82' lang='lat' dir='ltr'><strong>illud</strong></span> <span class='ocrx_word' id='word_1_350' title='bbox 1463 2558 1593 2597; x_wconf 77' lang='lat' dir='ltr'><strong>fuisse</strong></span> <span class='ocrx_word' id='word_1_351' title='bbox 1614 2572 1699 2596; x_wconf 84' lang='lat' dir='ltr'><strong>cre·</strong></span> 
     </span>
     <span class='ocr_line' id='line_1_43' title="bbox 239 2613 1696 2671; baseline -0.002 -16"><span class='ocrx_word' id='word_1_352' title='bbox 239 2616 319 2664; x_wconf 88' lang='lat' dir='ltr'><strong>do,</strong></span> <span class='ocrx_word' id='word_1_353' title='bbox 353 2618 422 2655; x_wconf 89' lang='lat' dir='ltr'><strong>cui</strong></span> <span class='ocrx_word' id='word_1_354' title='bbox 446 2617 484 2658; x_wconf 90' lang='lat' dir='ltr'><strong>h.</strong></span> <span class='ocrx_word' id='word_1_355' title='bbox 506 2622 533 2657; x_wconf 90' lang='lat' dir='ltr'><strong>l.</strong></span> <span class='ocrx_word' id='word_1_356' title='bbox 554 2633 642 2657; x_wconf 91' lang='lat' dir='ltr'><strong>non</strong></span> <span class='ocrx_word' id='word_1_357' title='bbox 673 2633 719 2657; x_wconf 89' lang='lat' dir='ltr'><strong>ea</strong></span> <span class='ocrx_word' id='word_1_358' title='bbox 752 2618 816 2657; x_wconf 88' lang='lat' dir='ltr'><strong>vis</strong></span> <span class='ocrx_word' id='word_1_359' title='bbox 846 2617 974 2666; x_wconf 87' lang='lat' dir='ltr'><strong>insit,</strong></span> <span class='ocrx_word' id='word_1_360' title='bbox 1009 2631 1117 2671; x_wconf 90' lang='lat' dir='ltr'><strong>quae</strong></span> <span class='ocrx_word' id='word_1_361' title='bbox 1148 2617 1196 2655; x_wconf 87' lang='lat' dir='ltr'><strong>ab</strong></span> <span class='ocrx_word' id='word_1_362' title='bbox 1225 2616 1293 2654; x_wconf 86' lang='lat' dir='ltr'><strong>his</strong></span> <span class='ocrx_word' id='word_1_363' title='bbox 1329 2613 1526 2668; x_wconf 86' lang='lat' dir='ltr'><strong>gravibus</strong></span> <span class='ocrx_word' id='word_1_364' title='bbox 1558 2614 1696 2652; x_wconf 88' lang='lat' dir='ltr'><strong>verbis</strong></span> 
     </span>
     <span class='ocr_line' id='line_1_44' title="bbox 238 2669 1699 2726; baseline -0.003 -14"><span class='ocrx_word' id='word_1_365' title='bbox 238 2682 529 2725; x_wconf 86' lang='lat' dir='ltr'><strong>exspectatur,</strong></span> <span class='ocrx_word' id='word_1_366' title='bbox 564 2673 634 2711; x_wconf 88' lang='lat' dir='ltr'><strong>sed</strong></span> <span class='ocrx_word' id='word_1_367' title='bbox 667 2685 740 2713; x_wconf 82' lang='lat' dir='ltr'><strong>aut</strong></span> <span class='ocrx_word' id='word_1_368' title='bbox 772 2672 1009 2725; x_wconf 74' lang='grc' dir='ltr'>θαυμαστοὶ,</span> <span class='ocrx_word' id='word_1_369' title='bbox 1044 2673 1160 2726; x_wconf 92' lang='lat' dir='ltr'><strong>quod</strong></span> <span class='ocrx_word' id='word_1_370' title='bbox 1191 2687 1213 2711; x_wconf 89' lang='lat' dir='ltr'><strong>e</strong></span> <span class='ocrx_word' id='word_1_371' title='bbox 1248 2669 1596 2723; x_wconf 86' lang='lat' dir='ltr'><strong>praecedentibus</strong></span> <span class='ocrx_word' id='word_1_372' title='bbox 1615 2670 1699 2708; x_wconf 93' lang='lat' dir='ltr'><strong>huc</strong></span> 
     </span>
     <span class='ocr_line' id='line_1_45' title="bbox 237 2726 1699 2782; baseline -0.003 -13"><span class='ocrx_word' id='word_1_373' title='bbox 237 2729 398 2777; x_wconf 81' lang='lat' dir='ltr'><strong>refer0‚</strong></span> <span class='ocrx_word' id='word_1_374' title='bbox 430 2738 503 2767; x_wconf 87' lang='lat' dir='ltr'><strong>aut</strong></span> <span class='ocrx_word' id='word_1_375' title='bbox 529 2732 689 2782; x_wconf 75' lang='grc' dir='ltr'>βέβαια,</span> <span class='ocrx_word' id='word_1_376' title='bbox 722 2739 770 2768; x_wconf 89' lang='lat' dir='ltr'><strong>ut</strong></span> <span class='ocrx_word' id='word_1_377' title='bbox 795 2730 900 2769; x_wconf 88' lang='lat' dir='ltr'><strong>alibi</strong></span> <span class='ocrx_word' id='word_1_378' title='bbox 933 2730 984 2769; x_wconf 88' lang='lat' dir='ltr'><strong>de</strong></span> <span class='ocrx_word' id='word_1_379' title='bbox 1019 2728 1162 2768; x_wconf 89' lang='lat' dir='ltr'><strong>eadem</strong></span> <span class='ocrx_word' id='word_1_380' title='bbox 1188 2742 1230 2767; x_wconf 88' lang='lat' dir='ltr'><strong>re</strong></span> <span class='ocrx_word' id='word_1_381' title='bbox 1259 2726 1454 2779; x_wconf 88' lang='lat' dir='ltr'><strong>loquitur</strong></span> <span class='ocrx_word' id='word_1_382' title='bbox 1481 2726 1699 2774; x_wconf 81' lang='lat' dir='ltr'><strong>Lucianus,</strong></span> 
     </span>
    </p>
   </div>
  </div>
 </body>
</html>
