1834 3188
405 183 488 212 1N
561 181 1212 212 ΗΕΠΜΟΤῙΜΠΜ.
1444 173 1544 219 403

198 278 303 320 Ibid.
333 279 538 333 Λιπαοὲς)
569 278 695 317 Dicit
711 279 927 327 Lucianus,
952 278 989 316 si
1009 277 1104 331 quis
1127 278 1171 316 in
1192 278 1306 318 illam
1325 277 1542 322 beatorum

87 335 304 375 civitatem
338 337 444 375 velit
473 335 677 381 adscisci,
710 336 751 374 ei
783 334 975 374 sufficere
1005 332 1187 384 σύνεσιν,
1226 337 1293 377 καὶ
1324 338 1545 390 ἐπιθυμίαν

85 397 166 434 τῶν
193 396 347 440 nocam,
381 394 448 433 καὶ
477 391 631 441 πόνον,
673 393 740 433 καὶ
767 389 811 432 τὸ
839 387 1047 441 α’λιπαοὲς,
1077 393 1142 432 καὶ
1173 391 1216 433 τὸ
1250 392 1304 445 μή
1339 395 1542 436 ἐνδοῦναι.

86 449 301 488 Vertitur.
333 448 589 501 intelligentia
614 447 785 500 polleat,
821 448 1034 500 cupiditate
1063 465 1186 486 rerum
1207 449 1455 488 honestarum
1482 463 1547 490 te-

83 516 232 553 neatur,
249 504 420 544 laborem
438 516 471 543 et
489 508 731 544 macr-ilaiem
751 519 827 542 non
848 504 1038 552 cleirac-tet,
1052 520 1128 543 non
1149 504 1210 543 clei
1224 516 1382 558 tergum.
1401 508 1545 546 Primo

84 564 272 600 mam-itas
291 561 510 599 barbarum
532 572 618 599 est:
649 559 797 598 Latini
820 559 1028 598 dixissent
1048 563 1202 609 macies,
1217 576 1291 600 seu
1309 564 1546 604 macritnclo.

83 617 202 656 Dein
224 617 324 656 licet
346 618 551 655 Latinum
578 626 709 663 esset,
744 614 847 668 quid
879 615 948 653 hic
970 617 1123 655 macies
1148 618 1252 655 facit
1272 618 1322 656 ad
1344 622 1409 671 jus
1433 620 1546 658 civi-

85 674 186 712 tatis
210 672 590 726 consequendum?
622 673 706 710 JMS.
727 686 804 724 pro
827 669 1017 726 ἀλιπαρὲς
1039 672 1187 711 scribit
1208 677 1386 724 λιπαοὲς,
1419 687 1460 714 et
1484 677 1546 714 sic

85 730 179 768 sine
209 729 497 768 controversia
527 727 698 781 scripsit
730 728 947 767 Lucienus.
1005 730 1185 781 Λιπαοὲς
1208 740 1272 768 est
1301 730 1545 784 assiduitas,

85 785 310 824 familiaris
335 786 509 824 Luciani
537 799 645 832 vox,
681 797 803 836 quam
839 799 932 821 cum
959 789 1016 839 τῷ
1035 784 1150 841 πόνῳ
1184 800 1271 824 non
1295 790 1421 826 semel
1443 790 1548 839 jun-

84 842 150 879 xit
224 841 482 880 Vertendum
506 851 641 879 autem
656 871 667 888 ,
701 841 849 895 sufficit
868 843 1082 892 ingenium,
1116 842 1310 894 cupiditas
1332 860 1455 881 rerum
1477 845 1546 882 lw-

84 908 299 946 aestui-,um
333 897 466 946 labor,
499 897 736 945 assiduitas,
769 912 846 936 non
859 907 1012 960 'tergum
1035 897 1139 962 (Zure,
1172 912 1225 939 sc.
1250 898 1301 936 ad
1326 900 1546 938 civitatem

85 952 448 1018 consequendam,
482 952 565 990 hoc
594 962 678 1002 est,
713 967 801 991 non
826 953 960 1002 viam,
993 954 1062 991 cui
1096 963 1138 992 te
1161 953 1344 1005 dederis,
1377 954 1548 995 desere-

82 1023 139 1048 re.
172 1008 348 1048 GnAnv.
413 1008 577 1048 Graevio
599 1009 830 1048 assentiens
851 1009 1030 1047 mutavi.
1077 1011 1122 1049 P.
1149 1010 1275 1049 etiam
1297 1013 1470 1065 λιπαρὲς,
1503 1021 1546 1050 et

85 1066 130 1103 in
152 1065 216 1103 M.
242 1063 357 1118 quod
379 1065 517 1118 primo
537 1066 676 1104 fuerat
698 1083 746 1113 α,
779 1079 940 1104 erasum
959 1075 1034 1104 est.
1066 1067 1234 1107 SOLAN.
1297 1068 1404 1106 Cum
1429 1074 1549 1109 λιπα-

84 1120 155 1175 ρὸς
187 1121 242 1160 sit
271 1133 410 1162 curata
441 1121 531 1160 bene
555 1121 657 1175 pelle
681 1121 850 1173 nitidus,
880 1124 1023 1159 lautus
1055 1132 1096 1160 et
1123 1133 1279 1161 unctus
1301 1123 1456 1177 homo3
1487 1125 1552 1163 vi-

86 1179 211 1216 detur
247 1192 335 1216 non
378 1181 484 1216 male
513 1178 597 1216 huc
630 1153 882 1227 convenire,
923 1188 971 1215 ut
999 1175 1044 1219 τὸ
1075 1175 1263 1232 ἆλιπαοὲς
1290 1193 1337 1218 ea
1367 1180 1423 1218 sit
1464 1181 1550 1220 vir·

85 1244 180 1283 tus,
214 1248 319 1286 quae
338 1249 425 1272 non
447 1233 574 1272 modo
601 1248 737 1287 aequo
763 1234 904 1272 animo
929 1234 1015 1272 illis
1038 1234 1160 1273 rebus
1191 1245 1352 1286 careat,
1385 1235 1456 1275 sed
1477 1246 1552 1276 et-

85 1290 189 1339 iam,
222 1290 296 1327 ubi
325 1290 451 1341 copia
483 1289 562 1340 sit,
604 1304 672 1329 eas
697 1299 960 1339 contemnat,
1002 1290 1111 1329 sicca
1145 1292 1280 1330 virtus
1314 1302 1355 1330 et
1383 1292 1550 1339 sobria,

88 1357 254 1385 austera
278 1347 434 1399 magis,
470 1347 620 1384 tetrica
652 1361 698 1384 ac
731 1346 856 1393 dura,
891 1360 1013 1398 quam
1048 1345 1250 1397 delicata,
1284 1349 1446 1398 mollis,
1480 1358 1551 1387 at-

87 1418 168 1458 que
190 1402 503 1441 commoditatis
532 1401 724 1441 studiosa
756 1412 835 1442 etc.
896 1403 980 1441 Vei
987 1418 1049 1440 um
1082 1404 1251 1442 facilius
1273 1407 1401 1458 longe
1422 1414 1483 1443 est
1504 1402 1547 1446 τὸ

84 1459 256 1511 λιπαοὲς,
281 1473 302 1495 a
330 1457 494 1496 Graevio
515 1461 739 1510 prolatum,
772 1458 799 1496 i.
827 1473 862 1498 e.
882 1458 1107 1503 assiduitas.
1139 1463 1375 1499 consiccntia.
1409 1461 1549 1500 GEsN.

86 1514 332 1554 Defendere
359 1513 467 1552 hanc
497 1528 644 1552 vocem
679 1513 822 1552 studet
851 1515 1000 1553 Elsner.
1031 1515 1181 1555 Sched.
1216 1516 1320 1555 Crit.
1351 1531 1391 1569 p.
1414 1521 1453 1559 7.
1477 1515 1551 1554 sed

86 1572 257 1610 frustra.
282 1569 504 1610 Barbaram
529 1570 763 1626 Schaefirus
779 1571 948 1610 Melett.
971 1585 1012 1622 p.
1029 1576 1123 1614 129.
1145 1582 1271 1611 vocat
1291 1587 1450 1621 vocem,
1470 1582 1509 1611 et
1528 1586 1552 1610 8

86 1627 266 1668 Lexicis
296 1627 465 1664 furcilla
497 1627 763 1679 ejiciendam.
830 1626 943 1675 Una,
977 1627 1155 1680 opinor,
1187 1627 1267 1667 hac
1288 1629 1456 1667 ratione
1475 1643 1553 1675 ex÷

85 1684 237 1737 plicari
259 1682 299 1721 h.
319 1686 348 1721 l.
370 1683 526 1734 possit,
557 1692 604 1720 ut
622 1701 647 1723 α
679 1684 839 1735 primae
869 1682 1056 1734 syllabae
1089 1699 1175 1722 non
1202 1699 1297 1723 cum
1324 1684 1488 1724 Gesnero
1509 1693 1553 1724 et

90 1739 217 1779 Suicla
236 1753 310 1791 pro
333 1739 647 1790 privativo,sed
668 1754 742 1792 pro
766 1739 996 1787 intensivo,
1014 1749 1180 1792 captum
1204 1755 1290 1779 non
1310 1742 1505 1793 proxime
1528 1755 1553 1778 a

90 1793 258 1847 λιπαρὸς
275 1794 346 1833 sed
371 1809 393 1832 a
412 1797 597 1847 λιπαρὲω,
627 1795 740 1849 quod
762 1805 824 1834 est
844 1795 1050 1843 inhaerere,
1075 1813 1327 1848 perseverare,
1353 1796 1552 1836 deducas.

89 1853 247 1891 Verum
269 1861 381 1889 caret
402 1866 488 1890 vox
512 1852 730 1904 exemplis.
774 1851 824 1889 In
847 1850 1054 1903 Sophoclis
1075 1853 1187 1895 enim
1205 1855 1304 1891 loco
1327 1853 1483 1891 Electr.
1512 1866 1551 1890 V.

89 1912 186 1952 451.
193 1921 340 1960 ,quem
355 1907 503 1946 Sniclas
521 1917 618 1946 ante
637 1911 781 1946 oculos
796 1906 993 1945 habuisse
1015 1907 1196 1951 videtur,
1219 1922 1303 1946 non
1324 1908 1553 1960 genuinam

91 1979 179 2005 esse
193 1974 373 2003 veterem
387 1964 628 2013 lectionem,
644 1961 892 2003 ostenditad
908 1977 1000 2001 eum
1014 1964 1398 2003 locumBrunckius.
1423 1963 1554 2016 Quod

93 2021 167 2060 alii
188 2018 384 2072 ἆλιπαρὴς
405 2034 690 2072 synonymum
713 2024 782 2062 τοῦ
803 2015 946 2070 ἆλιπης
968 2018 1141 2070 habeut,
1164 2034 1333 2072 prorsus
1358 2020 1488 2057 nihili
1509 2018 1555 2057 id

94 2086 168 2115 est.
199 2076 289 2116 Jam
311 2091 396 2114 non
409 2078 543 2114 solum
569 2075 756 2115 Graculus
776 2076 819 2113 in
842 2076 1038 2128 proxima
1060 2086 1160 2114 nota
1178 2077 1405 2116 lectionem
1426 2074 1556 2117 πόνον

94 2132 228 2179 affert,
246 2132 514 2183 Gesnerusque
527 2131 570 2169 in
585 2133 782 2171 versione
797 2130 970 2170 eandem
986 2142 1154 2171 secutus
1169 2142 1241 2181 est,
1259 2132 1331 2172 sed
1345 2132 1555 2182 reperitur

95 2203 142 2228 ea
164 2188 288 2227 etiam
313 2188 356 2223 in
383 2187 590 2237 omnibus,
607 2202 712 2240 quos
735 2188 839 2226 mihi
860 2188 1071 2238 inspicere
1091 2190 1286 2242 contigit,
1310 2188 1421 2227 Edd.
1441 2197 1556 2226 vete-

93 2244 225 2283 ribus.
286 2243 497 2281 Rcitziana
527 2244 671 2296 itaque
696 2245 848 2292 lectio,
883 2245 949 2284 καὶ
967 2243 1104 2285 πόνων
1130 2259 1257 2284 coeco
1289 2244 1457 2282 cuidam
1482 2257 1559 2280 ca·-

96 2301 163 2338 sui
188 2299 356 2338 videtur
387 2298 634 2347 tribuenda,
669 2299 745 2338 nec
774 2315 796 2338 a
825 2308 1000 2340 recentt.
1030 2300 1165 2341 Editt.
1198 2301 1333 2352 repeti
1360 2299 1556 2339 debebat.

96 2357 167 2396 Sic
200 2357 326 2395 etiam
358 2355 591 2409 Schmscrus
622 2356 770 2404 facile,
806 2354 953 2405 credo,
986 2360 1253 2408 conjecturae
1287 2369 1407 2402 suae,
1440 2369 1556 2393 nunc

98 2427 187 2451 non
229 2412 509 2457 necessariae,
562 2411 836 2450 renuntiabit.
909 2411 959 2449 In
1011 2411 1286 2464 sequentibus
1318 2411 1458 2450 verbis
1492 2410 1554 2449 di-

100 2469 373 2507 stinctionem
398 2467 618 2506 verborum
646 2470 856 2520 vulgatam
888 2486 937 2496 -·
973 2472 1269 2519 μαλακισθῆναι
1293 2472 1456 2516 πολλοῖς
1471 2472 1556 2514 τοῖς

100 2526 318 2577 δυςχερέσι,
357 2521 457 2564 κατὰ
480 2521 552 2574 τὴν
580 2520 677 2565 ὁδὸν
707 2520 996 2577 ἐντυγχάνοντα
1026 2534 1280 2562 mutaveram
1307 2527 1387 2576 jam
1418 2525 1552 2576 prius,

102 2594 224 2633 quam
256 2580 571 2633 diligentissimi
597 2580 800 2635 Sclzczcscri
824 2580 1031 2617 monitum
1060 2579 1110 2617 ad
1133 2580 1183 2618 L.
1204 2580 1286 2618 Bos
1306 2579 1356 2618 de
1377 2580 1552 2632 Enipss.

103 2650 146 2688 p.
171 2642 265 2681 263.
297 2640 492 2690 legerem.
541 2636 607 2677 Cf.
640 2651 764 2689 supra
786 2650 875 2688 cap.
897 2639 935 2678 5.
996 2634 1115 2688 Quae
1151 2636 1290 2674 statim
1317 2645 1553 2689 sequuntur

103 2692 252 2741 verba,
284 2693 412 2732 simili
431 2692 679 2732 laborarunt
701 2692 833 2743 vitio,
869 2690 919 2731 de
938 2705 1022 2746 quo
1044 2690 1257 2745 deinceps.
1297 2692 1455 2732 Lixum.

1148 2748 1279 2793 Cc2
