1834 3188
369 188 466 238 150
843 202 1247 236 ιυοιΑΝι

229 569 1036 633 p·859·2K1eH2⁸)H
1116 556 1804 616 ΠΡΟΞΕΝΟΣ.”

426 760 433 764 “
463 759 611 805 Argum.
660 756 782 792 Simili
810 755 873 791 hic
898 757 1049 793 libellus
1079 764 1133 791 est
1164 757 1321 792 consilio
1346 763 1384 790 et
1416 762 1639 802 argumento
1665 768 1752 791 cum

372 816 616 860 praecedente
644 816 871 852 Harmoniae.
934 815 1209 852 Commendare
1244 815 1342 848 enim
1381 814 1519 859 scripta
1552 821 1589 848 et
1613 815 1753 849 famam

374 883 481 906 suam
500 873 687 907 Lucienus
709 873 788 906 vult
809 872 952 907 duobus
973 873 1194 917 quibusdam
1213 872 1491 918 spectatissimis
1510 872 1610 915 viris,
1634 873 1755 905 Thes·

373 929 563 963 salonicae
584 931 745 974 civibus,
770 931 869 975 patri
889 937 924 964 et
948 932 1049 977 filio,
1075 943 1139 976 per
1159 942 1319 976 quorum
1339 930 1507 963 favorem
1528 941 1572 962 ae
1591 929 1754 973 patroci-

372 985 480 1020 nium
505 987 581 1029 jam
611 995 647 1021 et
673 987 828 1031 reliquis
856 988 1018 1030 civibus,
1044 991 1089 1022 ab
1118 990 1271 1022 illorum
1300 987 1440 1030 judicio
1470 992 1506 1019 et
1535 987 1757 1020 auctoritate

373 1043 577 1086 suspensis,
612 1056 651 1078 se
677 1045 877 1090 probatum
904 1046 953 1079 iri
978 1052 1113 1091 sperat.
1169 1046 1384 1079 Illustratur
1414 1056 1471 1077 res
1498 1043 1754 1077 Anacharsiclis

376 1100 526 1144 Scythae
553 1103 719 1146 exemplo
733 1128 742 1145 ‚
769 1104 833 1148 qui
851 1104 1009 1137 Athenas
1037 1103 1226 1148 profectus
1246 1102 1291 1135 ad
1310 1102 1409 1146 leges
1429 1113 1471 1134 ac
1491 1112 1612 1134 mores
1638 1101 1757 1134 Grae-

378 1166 509 1189 corum
529 1161 820 1205 cognoscendos,
833 1173 959 1207 quum,
971 1172 1043 1206 quo
1062 1161 1153 1194 duce
1168 1159 1293 1204 ipsein
1311 1158 1473 1192 urbeilla
1485 1158 1616 1202 hospes
1628 1158 1755 1202 singu·

376 1212 499 1247 larum
515 1225 640 1248 rerum
660 1208 839 1251 notitiam*
852 1218 921 1251 sibi
943 1225 1189 1263 compararet,
1203 1217 1335 1250 dubius
1353 1216 1534 1255 haereret,
1546 1214 1648 1247 felici
1667 1225 1757 1248 casu

376 1269 417 1303 in
433 1271 656 1306 Toxaridem
676 1276 894 1320 popularem
911 1275 1102 1318 inciderit,
1131 1285 1247 1319 eoque
1268 1272 1520 1306 intercedente
1539 1272 1577 1305 in
1597 1271 1755 1314 Solonis,

377 1327 448 1360 viri
465 1329 724 1373 sapientissimi
743 1338 779 1365 et
805 1343 973 1366 summae
999 1332 1099 1377 apud
1122 1332 1218 1365 cives
1241 1329 1494 1372 auctoritatis,
1517 1327 1760 1362 familiarita-

377 1389 456 1419 tem
479 1390 633 1423 venerit.
683 1389 740 1423 Cf.
761 1390 897 1425 Adnot.
917 1391 1040 1435 prima
1061 1390 1106 1424 ad
1132 1390 1233 1423 hunc
1252 1388 1434 1421 libellum.

331 1510 353 1549 1
390 1475 485 1546 Οὔ
530 1508 689 1557 πρῶτος
709 1500 758 1556 b)
784 1501 1020 1559 Ἀνάχαρσις
1053 1500 1219 1558 ἄφίκετο
1255 1504 1298 1545 ἐκ
1331 1502 1516 1548 Σκυθίας
1547 1495 1755 1552 Ἀθήναζε,

379 1571 561 1618 παιδείας
584 1573 777 1630 ἐπιθυμίᾳ
798 1577 868 1626 τῆς
893 1570 1147 1626 Ἑλληνικῆς,
1180 1568 1273 1613 ἀλλὰ
1299 1572 1366 1611 καὶ
1402 1568 1563 1621 Τόξαρις
1585 1566 1660 1623 πρὸ
1684 1563 1757 1609 αὗ-

381 1642 475 1687 τθῧ,
511 1637 639 1691 σοφὸς
656 1639 726 1693 μὲν
740 1671 750 1690 ,
783 1642 852 1682 καὶ
876 1640 1090 1693 φιλόκαλος
1109 1636 1232 1694 ἀνὴρ,
1265 1640 1332 1680 καὶ
1352 1634 1670 1689 ἐπιτηδευμάτων
1691 1652 1758 1688 φι-

381 1703 563 1758 λομαθὴς
581 1708 657 1748 τῶν
679 1704 862 1761 ἀρίστων·
897 1711 1000 1750 οἴκοι
1020 1709 1073 1758 δὲ,
1092 1704 1138 1749 οὗ
1160 1714 1235 1749 τοῦ
1254 1709 1452 1761 βασιλείου
1466 1705 1606 1759 γένους
1627 1702 1682 1745 ὧν
1700 1704 1754 1757 c)‚

383 1769 476 1815 οὖδὲ
493 1778 570 1815 τῶν
593 1779 886 1830 πιλοφορικῶν,
917 1774 1012 1817 ἀλλὰ
1031 1772 1074 1827 d)
1106 1780 1286 1817 Σκυθῶν
1309 1778 1387 1816 τῶν
1412 1776 1570 1814 πολλῶν
1589 1773 1656 1813 καὶ
1678 1774 1758 1825 δη-

428 1878 470 1913 a)
497 1875 782 1920 ΣΚΥΘΗΣ]
815 1877 1092 1921 ,,ΣΚΤΘΙΟΣ
1120 1878 1178 1910 W.
1229 1876 1300 1909 Sed
1332 1879 1432 1908 recte
1460 1873 1553 1906 Edd.
1586 1870 1754 1917 Σκύθης.

476 1921 586 1954 Conf.
609 1934 638 1955 c.
651 1936 683 1968 7.
705 1924 788 1967 pr.“
834 1925 881 1967 h)
906 1925 1115 1968 πρῶτος]
1144 1922 1231 1965 „Sic
1250 1924 1292 1954 B.
1313 1934 1342 1954 2.
1366 1923 1445 1954 Par.
1467 1920 1500 1956 S,
1522 1920 1636 1953 Amst.
1655 1920 1757 1961 πρῶ-

472 1978 539 2000 τον
558 1969 642 2000 Ald.
664 1970 723 2011 (ι.
746 1975 782 2001 et
804 1972 855 2009 2.)
885 1971 935 2002 Pl.
958 1971 1013 2001 Fr.
1037 1970 1082 2001 H.
1130 1969 1336 2002 Obliterata
1363 1971 1418 1998 est
1440 1976 1507 1997 vox
1525 1965 1562 1996 in
1586 1966 1640 1998 M.
1663 1965 1752 1998 vitio

473 2015 692 2056 temporisf‘
740 2014 862 2047 Etiam
882 2016 922 2048 B.
948 2027 975 2047 1.
998 2014 1108 2046 habet
1131 2016 1294 2056 πρῶτον,
1321 2013 1382 2044 sed
1402 2013 1442 2044 B.
1463 2022 1495 2053 3.
1524 2016 1622 2042 recte
1648 2011 1756 2056 πρώ-

474 2069 546 2111 ²2⁰9·
599 2062 638 2102 c)
668 2055 753 2101 cliv]
780 2062 866 2102 „Sic
885 2067 986 2094 recte
1006 2060 1098 2092 Edd.
1115 2067 1198 2093 vett.
1220 2056 1263 2095 ὃν
1281 2058 1376 2091 male
1394 2055 1659 2090 recentiores.“
1707 2057 1753 2100 d)

474 2101 609 2149 αλλὰ]
637 2101 719 2140 ἄλλ’
740 2103 789 2141 ου’
807 2118 906 2151 2954.
927 2117 1131 2151 perperam.

441 2265 710 2317 SCYTHA
745 2266 870 2315 SEU
906 2266 1357 2316 CONCILIATOR
1392 2262 1695 2313 HOSPITII.

387 2482 502 2544 Non
532 2505 692 2559 primus
725 2521 746 2546 e
776 2505 959 2559 Scythia,
979 2506 1045 2544 A-
1104 2504 1293 2544 chrarum
1315 2515 1450 2539 rerum
1474 2514 1640 2546 amans,
1673 2514 1757 2554 op..

389 2558 537 2599 thenas
607 2564 726 2602 venit
793 2562 1043 2602 Anacharsis
1103 2562 1383 2609 timorumque
1460 2556 1754 2595 institutorum

390 2614 571 2656 Graecae
597 2618 846 2671 disciplinae
877 2633 1041 2665 caussa3
1103 2615 1329 2655 studiosus.
1388 2612 1519 2650 Domi
1540 2626 1637 2651 vero
1666 2627 1753 2650 non

388 2671 460 2710 sed
482 2674 660 2710 Toxaris
689 2676 816 2714 etiam
844 2685 940 2713 ante
972 2674 1063 2724 ip-v
1103 2671 1207 2723 regii
1251 2668 1413 2721 generis
1454 2677 1566 2717 erat,
1618 2683 1755 2721 neque

388 2740 503 2777 sum,
559 2730 725 2781 sapiens
771 2731 836 2770 vir
868 2740 909 2769 et
944 2732 1046 2783 pul-
1103 2727 1377 2780 pileatorum,
1411 2723 1479 2762 sed
1501 2722 1754 2776 Scytharum
