1834 3188
363 209 414 240 IN
451 208 690 247 Quomono
725 207 961 240 HISTORIA
996 209 1073 242 srr
1109 192 1310 242 comen.
1468 200 1566 246 631

103 310 218 348 hunc
238 308 328 347 fere
351 306 584 361 designari,
618 321 711 345 cum
733 309 851 346 nulla
872 307 955 346 alia
984 305 1158 345 additur
1178 306 1471 348 distinctionis
1492 324 1571 349 no,

102 377 160 404 ta.
219 365 326 403 Rem
356 374 398 403 et
432 377 510 417 ego
539 364 583 401 in
614 363 754 402 medio
782 364 993 418 relinquo.
1050 365 1122 403 De
1155 378 1205 403 eo
1239 374 1378 404 tamen
1408 365 1495 408 Cas.
1516 366 1571 406 ad

102 422 250 461 Athen.
280 425 375 464 147.
407 421 641 470 (Constat,
675 419 967 459 doctissimum
1004 420 1141 459 virum
1177 421 1474 463 calumniandi,
1498 438 1571 462 an..

104 493 192 517 sam
213 477 510 516 invidentibus
536 477 804 530 praebuisse,
840 476 956 530 quod
978 479 1110 515 multa
1142 477 1337 531 quidem,
1369 478 1444 517 sed
1471 479 1570 520 bre-

104 535 199 584 via,
244 534 429 572 carmina
457 532 608 574 ederet.
668 533 832 572 Solitus
864 533 1003 573 dicere
1036 532 1326 580 Callimachus,
1368 549 1567 589 magnum

101 590 257 630 librum
282 604 477 644 magnum
499 603 588 629 esse
611 592 766 628 malum
796 612 853 621 —-
883 589 1051 631 tandem
1072 599 1120 628 ut
1141 605 1186 629 os
1211 589 1428 630 obturaret
1446 594 1567 633 malis

103 647 374 697 hominibus,
405 661 600 700 magnum
635 651 787 699 poema
808 646 997 686 Hecalen
1020 646 1274 699 inscriptum
1311 657 1482 687 coactus
1505 660 1568 689 est

105 703 266 755 edere.)
301 704 347 742 V.
367 703 514 743 Athen.
526 703 610 742 ΠΙ.
632 701 923 756 Καλλίμαχος
901 721 922 745 ο
943 702 1216 758 γραμματικὸς
1231 703 1276 745 τὸ
1294 722 1338 757 με
1331 705 1390 757 ’γα
1408 708 1569 758 βιβλίον

104 758 194 801 ἶσον
226 761 352 813 ἔλεγεν
382 758 482 802 εἶναι
510 764 567 815 τῷ
595 757 748 815 μεγάλῳ
778 765 901 816 κακῷ.
972 760 1067 813 Ego
1101 769 1213 800 certe
1243 760 1354 813 apud
1386 762 1568 803 eundem

106 816 476 863 Athen.1X,387
499 817 546 855 F.
576 839 627 845 —
664 803 834 869 quando
867 817 976 855 Ister
1003 816 1165 855 dicitur
1187 815 1459 870 καλλιμάχειος
1477 833 1569 873 συγ·

104 871 310 928 γραφεὺς,
342 873 394 911 ad
424 873 580 912 vitium
612 873 766 925 respici
791 872 941 922 credo,
974 872 1090 925 quod
1111 872 1182 911 hic
1200 888 1222 912 a
1240 873 1425 914 Luciam
1447 886 1572 915 nota-

104 929 684 970 tur.So1,AN.Juni0rem
727 929 936 982 quendam
973 928 1278 968 Callimachum
1311 929 1427 969 hunc
1454 945 1568 980 esse,

105 985 240 1026 credit
277 986 484 1039 Spanhem.
517 985 569 1023 ad
605 985 839 1026 callimach.
872 1002 913 1040 p.
944 990 1038 1029 118.
1073 986 1172 1039 quia
1213 989 1318 1025 alter
1346 985 1569 1027 brevitatis

104 1056 261 1081 amans.
303 1044 466 1082 RmTz.
524 1042 699 1083 Pierson.
730 1042 782 1081 ad
814 1044 945 1083 Moer.
976 1042 1168 1082 Atticist.
1199 1056 1241 1096 p.
1262 1046 1358 1086 440.
1391 1053 1572 1085 notante

102 1096 246 1138 Belino
290 1113 367 1150 pro
403 1100 658 1152 Καλλίμαχος
695 1099 988 1151 reponendum
1032 1098 1291 1151 conjiciebat
1327 1097 1571 1154 Ἀντίμαχος.

103 1155 202 1193 Bm.
263 1156 334 1195 De
355 1155 438 1194 hoc
455 1156 702 1195 Antimacho
724 1155 1025 1208 Colophonio,
1058 1158 1181 1206 cujus
1202 1158 1482 1209 fragmentum
1506 1158 1571 1195 in,

104 1212 168 1249 fra
189 1212 348 1264 legitur
367 1212 463 1251 Ver.
485 1213 597 1250 Hist.
621 1213 690 1260 II,
716 1216 784 1255 42.
812 1223 980 1264 praeter
1008 1212 1235 1251 Fiet-sonum
1266 1211 1394 1251 modo
1425 1213 1570 1252 lauda·

104 1277 196 1306 tum
228 1269 415 1307 narravit
441 1268 531 1309 Car.
554 1268 641 1308 Ad.
673 1268 797 1309 Gotil.
825 1268 1097 1321 Schellenberg
1118 1269 1163 1305 in
1183 1268 1420 1307 Antimachi
1443 1269 1572 1308 Colo-

104 1323 261 1376 phonii
283 1325 513 1378 Reliquiis.
553 1326 653 1364 Hal.
681 1330 801 1369 1786.
831 1330 870 1368 8.
931 1325 1011 1364 Sed
1042 1335 1184 1363 utrum
1210 1324 1281 1363 hic
1304 1326 1572 1365 Antimachus

105 1380 152 1418 in
188 1379 426 1421 Callimachi
445 1384 587 1420 locum
616 1381 967 1432 substituendus,
1003 1381 1150 1420 anille
1186 1380 1414 1434 Spanhemii
1437 1381 1571 1422 Calli-

103 1437 288 1486 machus,
323 1452 374 1476 an
410 1451 511 1476 vero
545 1439 655 1477 alius
677 1438 804 1477 etiam
839 1438 1061 1477 obscurior
1088 1446 1217 1490 poeta
1251 1440 1344 1491 ejus
1366 1439 1569 1487 nominis,

105 1494 360 1546 cogitandus
380 1494 461 1544 sit,
495 1498 598 1533 nolo
618 1508 733 1533 nunc
753 1494 943 1536 definire.
989 1496 1147 1534 anu.

217 1548 324 1589 Ibid.
356 1547 510 1599 Πόσσις
532 1553 669 1601 ἔπεσι)
700 1551 959 1593 Brevitatem
979 1550 1217 1590 Callimachi
1237 1550 1459 1597 Battiadae
1481 1553 1570 1589 lau-

105 1605 200 1655 dat,
236 1616 279 1646 et
298 1606 401 1646 haec
421 1607 597 1648 Luciam·
615 1608 728 1647 forte
749 1606 800 1646 ad
820 1608 950 1646 alium
974 1607 1209 1661 pertinere,
1241 1607 1418 1661 conjicit
1441 1607 1569 1661 Span-

105 1663 202 1702 lzem.
227 1662 278 1701 ad
300 1665 356 1703 H.
381 1664 426 1702 in
446 1665 588 1717 Apoll.
614 1669 706 1707 112.
729 1678 772 1717 p.
799 1669 890 1708 118.
933 1665 1071 1703 GESN.

219 1719 324 1760 Ead.
344 1723 372 1758 1.
397 1726 462 1763 11.
496 1717 759 1773 Μηχᾶνημα)
793 1720 893 1760 Vid.
921 1720 1518 1773 leucycl.IV,100·SonAx.

216 1775 323 1814 Ibid.
358 1779 604 1827 Πολιορκίας
632 1779 784 1829 σχῆμα)
816 1777 868 1815 In
890 1776 1122 1829 Thucydide
1148 1776 1322 1827 laudat,
1356 1777 1470 1829 quod
1496 1777 1572 1814 ni·-

108 1833 219 1872 mius
241 1846 327 1871 non
352 1832 407 1870 sit
427 1833 471 1870 in
493 1832 781 1872 describendis
813 1834 1050 1899 παρέργοις·
1085 1837 1234 1885 μᾶλλον
1254 1833 1294 1874 δὲ
1322 1830 1342 1875 ὅ
1368 1836 1573 1874 Θουκυδί-

109 1894 182 1941 ὂης
207 1884 327 1937 αυτὸς
348 1885 460 1957 ὀλίγοι
484 1893 539 1944 τῷ
562 1888 729 1957 τοιούτῳ
752 1891 846 1931 εἴδει,
872 1894 946 1932 τοῦ
964 1887 1086 1944 λόγου
1108 1887 1378 1942 χρησάμενος,
1412 1903 1474 1930 Gne
1463 1889 1570 1940 ’,ψαι

110 1946 221 1994 ὅπως
254 1944 382 1994 εὐθὺς
412 1943 648 1998 ἀφίσταται,
678 1944 706 1998 ἢ
733 1944 948 1999 μηχάνημα
982 1944 1256 2014 ἓρμηνευσας,
1287 1943 1315 1997 ὴ
1337 1949 1574 1998 πολιορκίας

111 2007 241 2055 σχῆιια
270 2003 448 2055 δηλώσας
473 1999 693 2056 ἀναγκαῖον
715 2005 781 2044 καὶ
807 2006 996 2056 χρειωδες
1019 2020 1087 2050 ον,
1117 2020 1143 2054 η
1173 2003 1226 2043 ἔτι
1251 2000 1406 2044 πόλεων
1428 2007 1570 2056 σχῆμα,

109 2078 135 2111 η
161 2062 455 2110 Συρακουσίων
471 2062 620 2112 λιμένα.
682 2060 790 2113 Quis
813 2059 977 2108 credat,
1012 2069 1094 2098 tam
1117 2058 1299 2112 politum
1320 2059 1570 2111 scriptorem

109 2131 231 2154 usum
256 2116 419 2155 fuisse*
409 2131 453 2154 m
477 2116 620 2157 eadem
645 2121 843 2172 περικοπῇ
867 2116 930 2154 bis
955 2130 1061 2154 voce
1082 2129 1234 2167 σχημα,
1265 2130 1316 2155 ne
1340 2115 1476 2154 dicam
1496 2133 1571 2156 πο-

109 2175 291 2226 λιοοκίας
318 2178 467 2239 σχῆμα
501 2172 616 2226 quod
647 2183 817 2212 vertunt
836 2172 1052 2213 obsidionis
1079 2189 1183 2225 speci
1172 2174 1265 2223 ’,ειη
1297 2172 1442 2224 inepte
1465 2171 1567 2210 dici.

109 2230 199 2269 MS.
221 2228 405 2281 optime,
436 2225 464 2280 ’ἦ
497 2233 727 2279 πολιορκίας
746 2235 878 2283 χρῆμα
905 2227 1087 2279 ὄηλωσας
1108 2227 1329 2282 ἀναγκαῖον
1350 2229 1416 2268 καὶ
1437 2245 1572 2282 χρειω-

111 2290 200 2335 ὃες,
234 2296 302 2323 aut
323 2302 397 2324 rem
423 2285 477 2323 atl
497 2285 735 2325 obsidionem
758 2289 1011 2327 necessariam
1030 2297 1064 2324 ct
1091 2285 1222 2324 utilem
1247 2301 1456 2338 exponens.
1499 2286 1570 2324 De

109 2343 301 2381 Sostrato
330 2341 429 2380 vide
461 2342 567 2380 Plin.
601 2342 812 2390 XXXVI,
849 2349 910 2386 12.
942 2352 984 2381 et
1017 2341 1149 2382 ὃτι-αὔ.
1178 2341 1253 2380 lib.
1277 2344 1355 2380 ult.
1389 2342 1568 2381 ΘΒΜ-Ν.

108 2398 363 2449 Perperam
354 2412 398 2435 m
419 2397 603 2450 vulgatis
629 2398 787 2452 legitur
807 2399 878 2441 hic
899 2404 1027 2453 σχῆμα
1046 2413 1124 2452 pro
1145 2403 1298 2452 χρῆμα,
1322 2397 1437 2450 quod
1457 2406 1569 2438 recte

110 2454 286 2494 exhibet
309 2454 389 2495 Ed.
413 2453 451 2493 J.
485 2456 652 2494 somn.
713 2487 733 2494 ,.

221 2507 572 2553 Ead.1.12.'En
593 2508 778 2565 πόλεων)
809 2510 942 2551 valde
964 2511 1101 2564 probo
1118 2509 1359 2561 Ἐπιπολῶν,
1377 2511 1458 2551 etsi
1476 2514 1569 2552 vul.

111 2577 246 2622 gatam
265 2567 464 2606 exhibeo.
506 2567 669 2605 Bru-z.

221 2623 464 2667 Ead.1.13.
497 2627 671 2674 Σχῆμα)
702 2623 809 2663 Νοῐι1
839 2623 1021 2667 offendit
1053 2638 1118 2663 me
1147 2623 1348 2676 repetitio
1379 2624 1566 2663 nominis

113 2685 264 2731 σχῆμα,
295 2680 491 2732 alioquin
523 2688 720 2718 sexcenta
751 2689 793 2718 et
813 2680 986 2728 Nostri,
1021 2690 1062 2717 et
1092 2679 1347 2732 optimorum
1368 2694 1568 2733 quorum·-

113 2748 195 2790 que
225 2737 503 2792 scriptorum,
532 2738 627 2777 loca
660 2735 896 2776 damnanda
923 2747 1084 2777 essent:
1127 2735 1200 2776 sed
1229 2735 1335 2778 illud
1369 2736 1564 2785 offendit,
