1834 3188
331 208 382 236 JN
421 206 658 244 Quomono
697 204 928 236 HISTORIA
968 203 1040 233 s=T
1079 204 1274 234 coxscn.
1436 188 1536 236 555

77 304 269 344 stobulus
293 313 442 342 auctor
463 304 499 342 ei
525 319 642 341 suum
668 317 775 356 opus
799 302 1084 356 praelegebat,
1129 301 1243 355 quod
1279 302 1378 339 olim
1411 316 1492 338 1110
1504 301 1537 339 is

78 362 231 409 fuisse,
265 375 348 399 non
374 370 436 398 est
459 374 565 412 opus
587 360 789 403 exemplis
810 359 1005 422 probari,
1038 373 1131 396 cum
1160 357 1398 396 Alexander
1423 368 1538 418 post-

77 432 123 455 ea
147 416 312 454 demum
335 416 490 453 librum
514 416 764 467 ariipuisse,
806 425 847 453 et
866 415 908 452 in
935 425 1061 466 caput
1093 415 1280 453 auctoris
1311 414 1539 466 projecisse

79 473 258 511 dicatur.
320 475 528 524 Exempla
554 482 690 509 autem
721 471 844 509 istius
870 472 1076 510 nominat.
1111 470 1230 523 quasi
1250 470 1433 508 absoluti
1470 468 1541 507 da-

78 529 216 567 bimus
249 529 365 568 alibi.
399 530 560 567 Rcmz
622 529 699 566 Pro
732 523 1042 582 Ἀοιστοβούλου
1077 527 1250 567 Sainte-
1265 526 1409 566 Croix·
1422 525 1464 562 in
1490 526 1541 563 li-

76 585 151 624 bro
182 585 416 638 inscripto:
468 586 655 623 Examen
698 583 880 637 critique
921 584 990 623 des
1023 584 1194 622 anciens
1228 583 1473 621 Historiens
1501 581 1539 620 d'

75 641 317 681 Alexandre
347 644 384 680 le
410 641 552 680 Grand
588 642 678 678 Par.
706 643 824 684 1775
859 654 899 692 p.
927 645 989 683 19.
1021 640 1106 694 legi
1140 637 1312 679 voluit'
1322 642 1543 691 Ονησικρίκ

76 716 173 749 του,
217 712 302 751 quo
338 697 407 736 1110
437 696 669 736 Alexandri
705 695 936 735 historicus
970 696 1163 735 adulator
1195 711 1287 734 cum
1324 695 1424 745 illo,
1466 695 1542 758 qui

79 769 113 794 c.
135 761 202 797 40.
229 768 479 793 commemor
485 764 606 803 atur,
639 754 900 792 conveniret.
960 754 1113 793 Verum
1138 752 1264 805 hujus
1290 751 1541 790 mutationis

76 812 349 865 gravissimae
377 809 572 863 equidem
608 824 659 848 ne
694 809 947 848 levissimam
980 808 1148 863 quidem
1181 808 1306 847 video
1340 822 1541 846 caussam.

76 868 169 906 Jmo
206 881 305 906 vero
331 867 458 919 hujus
495 865 730 904 Aristobuli
762 865 807 903 in
841 865 1050 905 Plutarchi
1079 864 1323 904 Alexandro
1356 873 1397 902 et
1429 862 1543 917 apud

79 924 307 962 S'lmbonem
326 923 401 961 lib.
422 923 514 964 XV
535 921 832 971 §.19.21.bis
855 927 922 965 24.
942 933 1019 962 etc.
1054 936 1140 959 non
1164 921 1304 958 minus
1329 920 1388 965 fit,
1420 935 1542 974 quam

78 979 337 1027 Onesicriti‚
370 980 569 1031 frequens
592 979 768 1020 mentio,
830 981 886 1018 Et
907 978 1020 1032 quod
1043 979 1107 1016 illi
1126 978 1352 1030 scriptores
1378 976 1543 1014 classici

74 1036 168 1074 talis
188 1034 285 1074 fidei
312 1035 520 1073 historico
543 1035 607 1072 usi
629 1046 728 1073 sunt
749 1036 890 1083 fonte,
925 1050 1008 1072 non
1043 1035 1180 1071 minus
1204 1034 1246 1071 id
1278 1033 1542 1080 mirandum,

74 1106 197 1145 quam
218 1091 332 1145 quod
355 1091 622 1141 Onesicrito,
657 1092 839 1144 aliisque
862 1095 950 1143 ejus
974 1090 1154 1139 indolis,
1190 1090 1263 1142 qui
1286 1089 1335 1127 de
1361 1091 1544 1127 Alexan·

76 1149 141 1186 dri
175 1147 300 1186 rebus
333 1159 644 1199 exposuerant,
689 1148 930 1197 historicis,
975 1150 1041 1186 vel
1068 1147 1214 1200 potius
1236 1145 1544 1183 laudatoribus.

75 1205 131 1242 H.
157 1207 184 1243 l.
208 1213 344 1242 autem
369 1205 404 1241 si
430 1205 680 1242 Aristobulo
704 1205 861 1257 injuria
887 1213 948 1244 est
974 1204 1081 1240 farta
1100 1233 1111 1251 ,
1155 1217 1244 1241 non
1282 1201 1326 1239 id
1358 1201 1545 1239 librariis

75 1260 120 1299 in
146 1270 266 1298 tauto
288 1260 492 1298 librorum
517 1275 751 1309 consensu,
795 1261 866 1299 sed
897 1261 980 1313 ipsi
1012 1260 1215 1307 Luciam,
1246 1258 1545 1310 imputandum

76 1331 245 1356 censeo.
306 1317 399 1356 Nec
441 1316 676 1355 Onesicriti
717 1327 985 1369 peccatorum
1024 1316 1326 1353 historicorum
1358 1314 1545 1352 indicem

76 1373 161 1412 hoc
181 1376 374 1426 exemplo
396 1382 551 1412 temere
576 1383 744 1411 auctum
772 1374 913 1414 velim,
946 1374 1101 1411 Lmrm.

188 1429 292 1468 Ead.
315 1432 343 1468 1.
366 1434 403 1473 8.
431 1426 521 1470 Ἐπὶ
541 1429 751 1481 κεφαλὴν)
789 1432 950 1468 Mirum
985 1428 1120 1467 videri
1146 1427 1304 1479 possit,
1347 1426 1546 1478 usurpari

63 1485 189 1526 'hanc
220 1486 393 1538 phrasin
430 1486 480 1525 de
510 1486 636 1534 libro,
679 1502 772 1525 cum
806 1486 978 1539 proprie
1012 1484 1063 1522 de
1092 1484 1345 1522 animalibus
1382 1483 1547 1520 dicatur

79 1557 216 1596 prono
237 1543 375 1595 capite
398 1542 657 1592 deturbatis,
691 1543 755 1580 uti
782 1552 1010 1595 usurpatur
1037 1543 1082 1578 in
1104 1541 1227 1579 Gallo
1255 1554 1287 1577 0.
1310 1545 1375 1583 23,
1398 1541 1460 1580 ἐπὶ
1484 1556 1548 1580 κε·

78 1599 214 1651 φαλήν
234 1599 271 1647 ἒς
292 1600 459 1653 πέλαγος
482 1599 727 1649 εἰιπεσόντες.
788 1599 869 1639 Sed
899 1599 1069 1637 videtur
1098 1596 1150 1635 ad
1180 1597 1260 1634 alia
1293 1597 1419 1634 etiam
1447 1605 1548 1633 tan-

79 1656 171 1695 dem
191 1670 271 1693 usu
295 1655 460 1694 detorta
490 1655 639 1697 fuisse.
699 1654 799 1696 Vid.
833 1655 884 1694 de
915 1670 990 1695 ara
1023 1661 1272 1707 usurpatum
1302 1652 1399 1694 Jov.
1424 1654 1547 1705 Trag.

80 1726 117 1752 0.
145 1716 213 1755 44-
249 1713 415 1752 SOLAN
451 1722 459 1727 ’

194 1766 297 1807 Εαίῖ
315 1770 343 1807 l·
371 1772 435 1810 10
465 1763 534 1807 Ἐν
556 1765 762 1823 ἀκοντίῳ)
795 1769 876 1809 Καὶ
900 1768 940 1810 σὲ
961 1768 1001 1809 δὲ
1036 1765 1165 1814 οὕτως
1193 1767 1333 1819 ἔχοῆν,
1372 1760 1551 1817 Ἀριστό-

85 1828 230 1879 βουλε,
261 1828 426 1865 τοιαῦτα
439 1821 538 1877 ὑπὲρ
562 1825 660 1877 ἐμοῦ
679 1828 1007 1878 μονομαχοῦντα,
1038 1825 1107 1865 καὶ
1127 1824 1342 1873 ἐλέφαντας
1360 1822 1400 1862 ἐν
1432 1837 1551 1861 ακον-

84 1884 154 1924 τίω
177 1897 421 1933 φονευοντα.
484 1881 605 1928 Scio,
638 1891 685 1919 ut
706 1881 878 1921 defendi
904 1880 1041 1932 possit
1070 1880 1175 1918 haec
1206 1878 1441 1938 sciiptura,
1472 1891 1552 1914 ve-

83 1952 173 1976 rum
195 1950 439 1990 persuasum
461 1945 599 1975 tamen
631 1937 793 1984 habeo,
826 1938 1051 1976 Luciamm
1081 1935 1324 1986 scripsisse,
1365 1927 1436 1973 καὶ
1463 1933 1552 1973 ἑλέ-

82 2011 237 2048 φαντας
256 1994 314 2034 ἕνὶ
335 1991 508 2044 &novum
529 1993 781 2045 φονεύοντα,
814 2009 893 2032 una
917 1996 1063 2046 sagitta
1084 1991 1301 2044 elephantes
1320 1991 1551 2044 intetficien·

83 2049 362 2113 16111.ῼοοᾷ
386 2060 426 2088 et
447 2050 533 2089 Ms.
564 2064 662 2102 prae
694 2065 737 2090 se
771 2047 878 2100 fert,
917 2059 966 2087 ut
992 2063 1104 2086 nunc
1135 2044 1421 2098 deprehendi,
1457 2059 1551 2083 cum

80 2106 185 2145 haec
206 2119 257 2144 ex
278 2106 380 2144 meis
404 2106 584 2155 schedis,
612 2107 656 2144 in
683 2120 786 2160 quas
810 2116 907 2144 ante
930 2105 1088 2159 viginti
1112 2104 1301 2157 quinque
1321 2116 1453 2139 annos
1478 2100 1551 2138 has

85 2165 350 2215 conjecturas
386 2162 707 2214 inscripseram,
749 2176 1042 2214 excerperem.
1089 2170 1136 2199 ut
1170 2159 1346 2197 dubium
1388 2159 1550 2195 nullum

84 2219 296 2271 reliquum
319 2217 398 2267 sit,
432 2232 528 2257 vere
560 2233 622 2258 me
653 2219 901 2271 conjecisse.
934 2220 1111 2257 GnAEv.
1174 2216 1369 2254 Insolens
1401 2213 1552 2251 admo-

87 2275 185 2313 dum
212 2273 313 2312 haec
333 2272 524 2324 phrasis,
558 2288 636 2312 nec
656 2275 832 2314 Luciani
858 2289 1026 2312 manum
1051 2273 1122 2311 1110
1157 2280 1343 2325 agnosco
1361 2299 1370 2315 ,
1414 2281 1552 2320 neque

83 2331 128 2370 in
151 2330 252 2369 his
242 2344 286 2367 m
308 2330 425 2371 Dial.
449 2331 562 2368 Prot.
595 2340 636 2368 et
661 2332 772 2369 Plut.
796 2345 869 2369 seu
891 2331 1025 2368 Diall.
1053 2330 1210 2368 Mortt.
1245 2333 1312 2370 23
1337 2322 1552 2376 καθικόμε-

84 2405 160 2430 νον
190 2388 231 2428 ἐν
260 2391 308 2441 τῇ
336 2385 482 2439 ῥαβόῳ.
544 2386 594 2424 Iu
617 2387 672 2426 L.
696 2387 761 2424 uti
787 2388 888 2424 etin
913 2388 964 2425 G.
986 2387 1067 2435 ἑνὶ,
1112 2382 1228 2435 quod
1260 2381 1550 2429 commodius,

88 2444 159 2483 sed
185 2428 373 2482 nondum
406 2442 511 2480 mihi
538 2453 696 2481 rectum
733 2442 913 2481 videtur.
977 2444 1042 2481 M.
1069 2443 1288 2492 vulgatum
1318 2440 1358 2479 ἐν
1382 2438 1550 2476 retinet.

87 2500 352 2552 Elephantos
376 2509 537 2548 autem,
570 2498 757 2552 quamvis
780 2498 882 2537 haec
902 2497 1068 2552 quidem
1093 2494 1330 2533 A1ist0bu1i
1356 2494 1550 2531 sabulosa

94 2567 182 2594 erat
203 2555 416 2605 narratio,
449 2565 577 2592 conto
605 2554 828 2592 transfixos
866 2555 1025 2592 Romae
1052 2552 1230 2606 legimus
1263 2564 1283 2587 a
1316 2548 1550 2589 Commodo

94 2612 288 2665 aliisque.
349 2611 400 2649 V.
430 2610 521 2650 Ael.
544 2609 748 2663 Iamprid.
781 2625 814 2649 c.
840 2615 903 2652 12.
938 2619 978 2648 et
1009 2618 1098 2647 not.
1132 2606 1300 2646 casaub.
1330 2608 1469 2644 zirinm
1498 2605 1554 2642 ml

93 2667 478 2723 conficiendasfiras
501 2667 803 2730 1αηΙαι-1ινη]ἰιί[,
840 2678 880 2704 u!
899 2664 1142 2719 elephanlum
1166 2674 1280 2702 conlo
1300 2664 1501 2716 ltanfiwet
1504 2672 1551 2701 ct

92 2724 186 2764 Sor
193 2737 265 2761 Au.
326 2725 420 2763 Etsi
447 2723 710 2777 praepositio
736 2722 954 2761 abundans
978 2735 1054 2774 pro
1074 2720 1262 2759 ablativo
1294 2719 1554 2758 instrumen-
