1834 3188
324 204 383 233 IN
421 201 812 233 nanono'rum
846 201 986 232 SIVE
1022 203 1270 233 AETION.
1422 195 1520 242 489

70 299 177 355 pleri
205 299 378 350 debeat,
411 298 566 337 docent
594 297 647 347 ii,
679 299 752 353 qui
787 298 837 339 de
861 299 1094 351 Ellipsibus
1127 300 1407 353 scripserunt,
1440 303 1521 343 do-

72 367 139 397 cet
170 357 295 396 etiam
313 360 455 403 locus,
486 367 607 409 quem
638 354 824 394 Gesner-us
845 357 1053 404 contulit,
1096 358 1229 396 Zeux.
1255 372 1289 398 c.
1314 365 1348 401 1.
1369 357 1421 412 μὴ
1443 358 1523 415 ἄρα

70 412 260 465 πάμπολυ
283 422 361 452 ete.
423 410 672 450 Germanice
694 414 833 450 locum
858 412 916 450 ita
941 422 1124 454 vertam:
1165 413 1268 452 Nun
1301 415 1443 455 macht
1480 432 1525 457 es

71 470 153 508 mir
177 470 259 508 fast
281 468 425 522 wenig
449 468 601 520 Sorge.
634 465 725 506 dass
752 466 820 507 die
841 467 978 519 Ehre,
1010 468 1102 508 hier
1129 470 1421 522 aufzutreten,
1454 489 1526 514 um

75 526 206 566 vieles
233 526 425 579 geringer
450 522 695 562 erscheinen
722 523 912 574 mo'chte‚
944 528 1004 564 als
1025 525 1070 563 in
1089 525 1300 580 Olympia,
1361 528 1526 569 Videli-

75 591 143 621 cet
178 581 398 622 Wielandio
423 580 525 618 haec
549 579 700 629 verba,
731 580 875 620 nescio
896 595 1018 635 quam
1039 581 1091 622 ob
1113 596 1323 635 caussam,
1354 598 1526 639 prorsus

73 638 405 692 praetermittere
426 635 598 689 placuit.
627 636 785 676 LEHM.

188 705 289 744 Eacl.
304 708 330 747 l.
343 710 382 750 8.
415 700 710 756 Πολυδάμαντι)
735 704 843 744 Pers.
863 704 947 746 Sat.
970 710 1008 748 1.
1034 715 1075 745 et
1098 707 1160 746 ibi
1179 709 1330 762 interp.
1346 711 1524 752 Bormn.

75 761 188 802 Vide
205 761 358 815 Quom.
378 761 492 800 Hist.
520 760 694 800 Conscr.
728 774 761 799 c.
778 763 845 805 35.
866 770 907 800 et
926 762 1007 801 Pro
1029 762 1189 819 Imagg.
1214 780 1246 807 c.
1268 772 1332 809 19.
1358 768 1529 807 Scotus-

77 834 200 857 saeus.
260 818 391 871 Cujus
429 825 565 855 statua
606 816 714 855 febri
745 816 1037 857 laborantibus
1074 821 1234 860 mederi
1268 823 1527 864 credebatur.

75 876 210 913 Deor.
232 873 395 914 Concil.
420 887 453 912 c.
479 878 541 915 12.
564 871 842 913 Boni-delotius
860 872 931 911 hic
958 888 1033 913 nos
1057 875 1109 914 ad
1132 879 1259 931 longe
1280 880 1408 918 alium
1428 881 1530 920 Per-

77 933 130 969 sii
156 928 457 981 Polydamanta
492 928 700 970 amandat.
761 929 880 968 Vicit
908 929 979 969 hic
1009 936 1238 989 παγκρατίῳ
1269 934 1334 973 Ol.
1364 936 1529 976 XCIII.

76 985 175 1027 Vid.
199 986 319 1025 Paus.
339 987 405 1025 El.
425 985 483 1024 ῙῙ.
526 984 730 1024 Meminit
750 986 869 1025 Plato
894 990 992 1028 Πολ.
1012 988 1059 1026 A.
1084 1004 1180 1045 pag.
1199 989 1277 1031 Ed.
1302 991 1397 1033 Ald.
1417 998 1456 1034 7.
1478 993 1528 1032 A.

83 1051 127 1081 et
146 1041 324 1082 Basilius
346 1041 396 1082 de
420 1042 529 1096 Leg.
550 1043 622 1081 Gr.
643 1041 716 1081 lib.
737 1040 754 1097 (
774 1042 884 1081 Grot.
906 1042 980 1084 Ed.
1005 1048 1070 1088 96.
1095 1046 1142 1085 C.
1159 1049 1176 1096 )
1194 1047 1252 1085 Et
1270 1048 1378 1088 Dion
1404 1048 1533 1104 Chry..

81 1109 174 1138 sost.
195 1113 289 1153 pag.
311 1114 364 1140 m.
385 1102 481 1142 441.
507 1097 554 1138 C.
577 1098 652 1136 ubi
672 1097 920 1138 Thessalum
942 1111 1081 1142 vocat.
1113 1103 1277 1143 SoLAn.

194 1177 299 1216 Ibid.
332 1174 532 1233 Γλαύκῳ)
562 1176 661 1218 Vid.
686 1179 768 1217 Pro
789 1177 947 1233 Imagg,
976 1193 1066 1233 cap.
1090 1185 1154 1223 19.
1177 1181 1419 1235 Carystius,
1457 1183 1533 1237 qui

80 1233 218 1276 XXV.
238 1233 495 1288 Olympiade
516 1244 756 1283 coronatuS,
787 1233 912 1289 ffyctcz
932 1250 1006 1288 per
1027 1238 1322 1278 excellentiam
1344 1238 1533 1278 denomi-

81 1299 206 1329 natus
228 1289 398 1332 dicitur.
457 1291 528 1330 De
549 1304 598 1328 eo
624 1290 823 1330 Demosth.
846 1292 934 1346 περὶ
952 1306 1061 1344 στεφ.
1081 1293 1156 1331 sub
1176 1294 1246 1332 fin.
1272 1309 1306 1334 c.
1323 1299 1390 1338 99.
1415 1311 1455 1348 p.
1477 1311 1531 1334 m.

86 1351 180 1390 199.
203 1346 250 1385 B.
270 1346 346 1385 ubi
365 1361 493 1400 prave
513 1345 710 1386 scribitur
729 1349 971 1400 Καριστίου·
1004 1358 1044 1388 et
1062 1350 1252 1390 Aeschin.
1273 1365 1306 1390 c,
1328 1358 1395 1396 63.
1416 1351 1534 1392 Pind-

85 1404 236 1451 etiam,
266 1402 340 1442 sed
365 1402 444 1442 ode
480 1403 551 1441 illa
574 1403 716 1455 periit.
776 1403 896 1443 Adde
930 1404 1054 1444 etiam
1077 1406 1196 1446 Dion.
1223 1406 1418 1464 Chrysost.
1439 1423 1534 1463 pag.

83 1464 180 1503 441.
204 1459 252 1499 C.
280 1459 354 1498 ubi
375 1457 486 1498 idem
510 1458 716 1512 Carystius.
746 1460 914 1501 SOLAN.

197 1537 302 1577 Ibid.
334 1540 660 1592 Παραθεωρῆτε)
691 1543 984 1592 Παραθεωρεῖν
1007 1554 1054 1579 ea
1073 1541 1161 1580 fere
1192 1541 1329 1580 forma
1360 1556 1539 1595 percus-

89 1609 180 1634 sum
202 1595 390 1644 verbum,
415 1609 462 1634 ac
479 1598 662 1648 παριδεῖν
682 1595 794 1647 apud
810 1595 1058 1636 Herodotum
1075 1597 1113 1646 I,
1135 1602 1202 1641 37.
1226 1607 1267 1636 et
1285 1603 1351 1643 38.
1384 1598 1540 1652 Quem-

90 1649 315 1690 admodum
344 1652 454 1690 enim
483 1651 544 1689 ibi
562 1650 743 1705 παριδών
776 1669 845 1706 μοι
876 1654 1027 1694 δειλίαν
1056 1652 1147 1694 τινα
1175 1654 1423 1694 vertendum
1453 1664 1538 1705 est,

88 1707 294 1747 observans
311 1707 355 1745 in
379 1722 442 1746 me
466 1707 739 1757 timiditatem,
771 1718 961 1761 separata
989 1723 1011 1748 a
1040 1709 1168 1749 verbo
1196 1711 1541 1764 praepositione:

91 1763 152 1801 ita
172 1762 243 1801 hic
261 1763 385 1802 etiam
407 1770 684 1818 παραθεωρεῖν
705 1763 814 1803 idem
836 1774 920 1814 est,
951 1780 998 1804 ac
1016 1772 1186 1815 θεωρεῖν
1208 1766 1317 1820 παρὰ
1335 1772 1390 1824 τῷ
1410 1773 1545 1809 Πολυ-

93 1817 262 1871 δάμαντι
279 1837 315 1860 κ.
334 1837 366 1861 τ.
392 1825 426 1860 λ.
457 1820 594 1859 Gnsx.
656 1825 962 1874 Παραθεωρεῖτε
993 1822 1067 1860 Th.
1086 1822 1152 1862 M.
1177 1825 1338 1876 legere,
1373 1823 1544 1863 Salanus

91 1885 339 1926 notaverat3
368 1874 441 1915 sed
474 1876 574 1929 quia
597 1875 760 1916 dubites
775 1909 786 1928 ,
819 1876 931 1916 sitne
954 1877 1098 1917 Theocl.
1120 1878 1334 1918 [Uarcilius
1353 1894 1404 1917 an
1430 1880 1546 1918 leo—

92 1948 178 1971 mas
196 1931 393 1985 Magister
412 1931 738 1986 intelligendus,
779 1946 931 1971 moneo
963 1934 1035 1974 ΤΙι.
1063 1934 1304 1988 Magistrum
1333 1935 1546 1989 significa-

94 1988 154 2036 ri,
189 1989 344 2040 (quem
364 1987 602 2027 adeundum
634 1989 679 2026 in
702 1988 829 2028 verbo
858 1989 1123 2042 παραβάλλω,
1157 1999 1345 2030 extrema
1373 1989 1545 2029 tandem

94 2044 253 2097 pagina
274 2043 397 2083 docet
419 2043 572 2095 idem).
603 2044 644 2083 Is
668 2044 824 2099 igitur}
855 2048 949 2084 loco
972 2046 1109 2095 dicto,
1141 2045 1244 2086 haec
1266 2046 1414 2088 habetz
1446 2052 1544 2087 ΠΑ-

100 2104 370 2141 ΡΑΒΑΛΛΩ
386 2099 431 2141 τὸ
449 2098 673 2152 πλησιάζω,
706 2099 750 2143 τὸ
775 2102 947 2155 ἔρχομαι.
979 2103 1046 2144 καὶ
1074 2100 1117 2144 τὸ
1136 2101 1405 2154 παρεξετάζω,
1436 2100 1459 2144 ὃ
1478 2103 1545 2144 καὶ

96 2161 353 2209 παραθεωροῖ
371 2154 480 2209 παρὰ
496 2162 714 2212 Λουκιανῷ
736 2155 896 2213 εὕρηται
912 2189 922 2207 ,
954 2160 995 2200 ἕν
1016 2155 1310 2215 τῷ”Ηρο’δοτος
1332 2158 1361 2212 ἢ
1377 2157 1544 2201 Ἀετίων

97 2207 186 2254 ἀλλ’
210 2209 262 2265 ἢν
282 2212 351 2264 μὲν
369 2210 480 2264 ὑμεῖς
498 2211 802 2266 Πολυδάμαντι,
833 2213 863 2267 ἢ
882 2213 1069 2270 Γλαύκῳ,
1100 2212 1129 2267 ἢ
1155 2218 1316 2257 Μίλωνι
1333 2221 1546 2269 παραθεω-

95 2275 214 2322 ρεῑτε.
274 2267 357 2309 Sed
381 2268 502 2320 parvi
520 2270 666 2318 refert,
703 2270 915 2325 quomodo
939 2271 1049 2324 apud
1069 2271 1292 2311 Lucianum
1313 2274 1450 2327 legas:
1482 2270 1546 2308 id-

99 2339 150 2364 eo
170 2326 386 2378 vulgatum
408 2338 495 2363 non
517 2338 680 2367 moveo.
741 2325 938 2366 Occurrit
967 2327 1077 2367 idem
1104 2328 1274 2367 verbum
1300 2342 1424 2381 supra
1456 2327 1546 2366 Ni-

101 2381 209 2433 grin.
226 2395 315 2434 cap.
339 2384 408 2423 20.
455 2380 561 2418 Item
581 2382 772 2420 Hermot.
793 2387 862 2425 74.
923 2383 980 2422 Et
1003 2384 1116 2421 infra
1138 2384 1220 2422 Pro
1243 2384 1374 2438 Imag.
1395 2398 1482 2436 cap.
1505 2387 1546 2425 7.

100 2438 264 2476 I’OEr'rz.
321 2436 423 2476 Non
447 2450 546 2474 sane
565 2438 684 2489 parvi
703 2438 857 2490 refert,
887 2448 1025 2477 utrum
1047 2449 1144 2491 post
1162 2438 1214 2492 ἣν
1234 2439 1546 2493 Conjunctivus

102 2503 307 2545 ponatur,
340 2507 391 2530 an
409 2491 687 2534 Indicativus.
720 2494 775 2533 H.
797 2497 826 2533 1.
846 2501 1166 2547 παραθεωρεῖτε,
1198 2510 1445 2549 quamquam
1467 2498 1549 2534 lec-

103 2549 165 2586 tio
200 2558 262 2588 est
288 2562 490 2602 perquam
520 2558 711 2598 vetusta,
755 2550 870 2602 quod
903 2565 925 2589 e
955 2551 1127 2590 Thomae
1158 2552 1274 2604 Mag.
1302 2550 1547 2590 testimonio

104 2613 234 2656 patet,
266 2619 342 2644 nec
360 2618 444 2643 non
461 2637 470 2653 ,
504 2614 551 2641 ut
570 2605 771 2655 conjicio,
803 2605 1087 2652 Scholiastae3
1123 2606 1206 2647 vid.
1226 2616 1315 2647 not.
1336 2606 1388 2646 ad
1407 2606 1549 2647 Schol.

108 2673 195 2698 non
214 2669 350 2699 tamen
373 2660 557 2713 genuina
589 2660 776 2698 habenda
807 2671 953 2699 contra
982 2673 1083 2701 vett.
1112 2663 1347 2702 editionum
1372 2676 1552 2702 consen-

109 2730 212 2764 sum,
234 2715 305 2755 sed
326 2727 417 2756 orta
436 2731 458 2756 e
474 2715 687 2756 literarum
712 2733 745 2760 ει
767 2726 806 2757 et
826 2733 850 2770 η
870 2718 1220 2770 pronuntiatione
1240 2719 1378 2775 parili.
1396 2720 1550 2761 Lanu.
