1834 3188
336 188 1261 221 1NTYRANN1C1DAM.
1436 179 1534 226 699

178 288 323 330 ΕαιῖΙ.
349 293 413 331 14.
453 292 530 341 Τῆς
547 288 666 340 ἐμῆς)
706 292 799 336 Ταῖς
821 288 945 341 ἐμαῖς.
986 288 1196 327 ΜΑΠΟΠ..

178 346 277 400 Pag
299 350 394 390 329
416 348 442 387 l.
465 350 505 389 6
538 342 698 393 Πάντες
723 345 856 398 ημεν)
886 343 962 385 Sic
990 345 1077 384 Ms.
1095 344 1202 399 Reg.
1221 349 1345 390 3011.
1366 346 1533 398 melius,

66 418 191 458 quain
213 403 361 457 quod
349 418 394 440 ln
416 401 526 442 Edd.
549 410 634 451 est,
666 399 816 450 πάντες
831 402 915 454 μέν.
947 402 1041 442 Bw.

181 459 283 501 Eacl.
316 463 436 503 1.16.
469 454 610 500 Ἀλλα
649 475 771 511 μετα
811 457 908 508 τὴν
938 458 1242 511 συμφορὰν,
1286 461 1413 513 μηδὲ
1440 459 1537 514 τὴν

70 514 234 570 αὐτὴν
265 516 597 581 xsodaivety]
630 515 748 554 Haec
770 515 809 555 J.
834 514 1085 582 Seagerusin
1108 515 1241 556 Class.
1265 517 1417 558 Journ.
1434 518 1534 558 Vol.

66 574 160 616 XV
185 589 226 627 p
249 578 343 618 151.
373 573 432 611 ita
441 573 545 642 legi
574 571 714 641 jubet:
752 567 849 614 αλλὰ
879 590 978 626 μετα
1007 569 1082 624 τὴν
1109 572 1345 628 συμφοράν,
1380 579 1536 624 (necem

53 631 144 686 filii
169 633 322 681 visam)
352 626 451 684 μηδ’
485 628 556 672 ἐὰν
584 627 732 683 ταύτην
756 631 978 683 κερδαίνειν
1004 629 1256 680 (moriendo
1293 631 1384 670 scil.
1416 641 1534 671 ante-

68 703 193 741 quam
218 687 442 740 vidisset).
503 688 740 740 Κερόαίνειν
760 686 866 725 dicit
889 701 977 726 esse
998 685 1187 736 devitarc,
1215 697 1257 728 et
1273 687 1536 741 supplicium

65 747 292 798 κερδαίνειν
322 758 417 783 eum
442 742 550 794 dici,
584 743 654 782 cui
688 742 971 782 condonetur.
1032 744 1090 781 At
1123 743 1184 781 sic
1217 754 1365 799 arguta
1398 743 1536 784 decla-

66 802 241 840 matoris
265 801 474 840 sententia
496 801 621 840 etiam
648 800 838 854 argutior
860 799 1064 841 redditur.
1125 799 1252 839 Nihil
1275 802 1450 840 omnino
1472 812 1537 841 est

63 857 329 906 mutandum,
345 857 473 896 modo
494 858 556 895 sic
571 857 712 909 capias
733 871 925 895 sensum:
963 856 1123 910 Oportet
1136 860 1224 910 jam
1245 857 1368 896 alium
1391 864 1535 912 (quam

63 928 143 980 ego
166 928 279 963 sum,
311 914 571 952 fortissimus
601 912 686 962 vir)
720 929 900 967 quaerere
931 916 1179 968 carnficem,
1211 929 1238 952 a
1265 930 1342 968 quo
1368 913 1436 953 ille
1465 914 1537 953 cli-

61 973 195 1023 gniori
211 969 329 1009 modo
351 970 603 1023 eligladietur.
664 970 799 1038 ,Reque
816 981 907 1024 post
929 969 1198 1010 calamitatem
1230 970 1404 1025 (necem
1428 970 1536 1021 filii)

62 1037 213 1080 oportet
238 1043 322 1065 eum
345 1026 504 1066 candem
526 1027 631 1077 (int.
653 1044 726 1078 την
749 1041 980 1081 συμφοραν,
1009 1042 1112 1078 non,
1146 1026 1262 1081 quod
1288 1028 1404 1068 Conr.
1432 1027 1538 1067 Rei-

63 1086 141 1122 1:.io
161 1083 358 1136 placuit'
348 1098 392 1121 m
414 1082 510 1123 Ind.
531 1097 563 1120 S.
583 1086 827 1133 κερδαίνειν,
856 1102 930 1137 την
954 1081 1129 1138 σφαγὴν,
1163 1098 1418 1138 quamquam
1440 1095 1535 1123 tan-

63 1140 156 1178 dem
190 1140 336 1178 eodem
367 1139 504 1193 redit)
534 1139 786 1195 lucrifacere,
822 1141 852 1181 i.
874 1156 909 1182 e.
931 1140 1076 1180 eadem
1108 1141 1346 1180 fortissima
1380 1156 1534 1191 manu,

64 1211 148 1250 qua
169 1195 282 1234 filius
312 1196 544 1246 ceciderat,
579 1211 672 1235 cum
703 1198 838 1251 gloria
860 1199 1002 1250 aliqua
1028 1198 1196 1248 necari,
1230 1211 1311 1251 qua
1337 1212 1424 1236 non
1445 1208 1537 1237 erat

63 1253 244 1323 dignus,
279 1267 405 1306 quam
429 1253 565 1307 igitur
593 1256 713 1292 lucro
737 1253 821 1292 sibi
853 1268 1068 1308 apponere
1095 1264 1279 1307 poterat.
1341 1255 1457 1309 Ergo
1489 1254 1535 1293 in

60 1309 134 1361 τὴν
156 1308 283 1364 αυτὴν
313 1310 378 1349 vis
401 1320 464 1350 est
485 1311 744 1362 sententiae,
778 1325 902 1365 quam
923 1311 1083 1364 Seageri
1104 1311 1289 1351 mutatio
1310 1313 1445 1352 multo
1465 1310 1538 1350 di-

61 1366 436 1409 minuit.Ln11w1,

176 1423 280 1477 Peg.
306 1429 403 1468 330.
427 1426 454 1463 l.
478 1430 517 1468 3.
557 1420 610 1466 ‘0
642 1425 714 1473 δὲ)
755 1423 1045 1477 Tyrannicida
1074 1423 1383 1479 gloriabundus
1419 1438 1538 1463 com-

63 1494 326 1530 memorans,
370 1480 546 1532 tyranni
579 1480 735 1531 filium,
768 1484 988 1535 juvenem,
1022 1481 1270 1532 robustum,
1304 1481 1535 1534 pessimum

61 1536 226 1590 patriae
257 1537 534 1575 immanitatis
566 1547 838 1587 sectatorem,
893 1553 916 1577 a
946 1553 990 1578 se
1025 1539 1214 1578 occisum
1248 1553 1361 1590 esse,
1403 1537 1536 1591 idque

63 1593 293 1646 gloriosius
314 1593 398 1632 sibi
420 1596 554 1632 multo
577 1608 691 1643 esse,
726 1609 851 1648 quam
874 1594 909 1632 si
929 1604 1158 1646 tyrannum
1186 1595 1349 1647 ipsum,
1383 1609 1536 1647 super-

63 1650 164 1687 stite
194 1649 334 1688 adhuc
361 1649 474 1700 filio,
508 1649 761 1699 occidisset3
794 1651 878 1701 ait,
912 1665 956 1690 se
980 1651 1170 1690 noluisse
1203 1661 1364 1704 patrem
1391 1660 1537 1704 tyran-

64 1720 165 1743 num
199 1719 274 1743 sua
305 1720 432 1743 manu
469 1706 736 1747 interimere:
785 1721 926 1761 neque
963 1708 1076 1747 enim
1112 1707 1191 1746 ulli
1224 1709 1418 1747 futurum
1452 1708 1537 1746 sibi

67 1762 200 1800 fuisse
230 1762 415 1816 gloriae,
457 1772 555 1815 post
588 1772 672 1801 tam
709 1764 856 1803 nobile
888 1764 1081 1814 facinus,
1124 1763 1381 1818 ignobiliori
1410 1764 1537 1804 caede

64 1818 320 1878 praecedens
356 1818 483 1858 decus
514 1819 822 1860 comminuere:
855 1831 1081 1885 propterea
1111 1835 1154 1859 se
1187 1821 1410 1875 reliquisse
1443 1824 1538 1875 gla-

67 1869 209 1926 dium,
245 1890 329 1929 quo
348 1886 469 1930 pater
501 1885 666 1945 posset,
702 1877 737 1914 si
764 1879 911 1927 v,ellet
945 1878 1035 1924 uti,
1068 1887 1197 1930 atque
1218 1877 1322 1917 adeo
1347 1877 1535 1931 gladium

67 1932 149 1971 sibi
173 1933 307 1972 fuisse
330 1934 589 1971 ministrum.
646 1930 698 1974 O
731 1934 791 1982 δὲ,
831 1933 974 1987 inquit
1004 1947 1159 1987 porro,
1193 1931 1291 1988 ὅπερ
1318 1934 1391 1989 ἐγω
1413 1932 1536 1988 πρού-

66 1989 367 2063 μαντευσάμῶην
400 1993 435 2031 δι
442 1988 562 2044 επράζζ,
567 2008 659 2039 ατο,
693 1993 759 2031 καὶ
793 1989 1182 2044 ἕτυραννοκτὸνησε,
1213 2009 1280 2033 και
1310 1993 1418 2041 τέλος
1451 1993 1536 2033 ἔπε’·

67 2054 174 2099 θηκε
204 2051 258 2088 τῶ
282 2049 366 2102 ἐμῶ
392 2047 572 2099 ὁράματι.
635 2044 744 2086 Pro
744 2044 765 2089 ὁ
789 2049 851 2098 δὲ,
882 2047 1109 2100 legendum
1145 2049 1382 2087 necessario
1405 2051 1473 2088 vel
1492 2047 1538 2089 τὸ

68 2105 130 2152 δὲ,
165 2107 252 2154 vel,
286 2114 333 2142 ut
363 2104 507 2156 potius
538 2103 651 2142 nihil
682 2080 889 2153 mutetu'r,
924 2123 944 2146 ο
978 2106 1033 2146 ὁέ.
1094 2104 1364 2159 Intelligitur
1396 2107 1534 2158 ξίφος,

68 2159 185 2215 quod
210 2161 480 2214 tyrannicida
512 2161 742 2214 reliquerat
773 2162 913 2201 occiso
940 2160 1115 2213 tyranni
1141 2159 1259 2213 fili03
1290 2171 1332 2200 et
1353 2163 1422 2200 cui
1456 2165 1537 2214 (ξί,

63 2217 160 2272 (pst)
190 2218 311 2271 quasi
344 2217 650 2270 imperaverat,
685 2228 732 2255 ut
767 2233 844 2271 pro
869 2231 914 2257 se
943 2218 1155 2271 reliquum
1187 2232 1294 2271 opus
1327 2217 1533 2267 efficeret,

64 2276 202 2328 ipsum
226 2289 377 2327 nempe
395 2284 625 2326 tyrannum
649 2274 915 2314 confoderet.
946 2275 1174 2327 Propterea
1196 2274 1396 2341 deinceps
1419 2290 1452 2314 c.
1467 2280 1533 2319 19.

64 2335 286 2384 alloquens
307 2345 428 2369 suum
456 2330 668 2384 gladium,
702 2331 783 2381 ait,
817 2349 847 2373 ω
871 2333 1012 2384 ξίφος,
1045 2329 1267 2378 κοινωνὸν,
1298 2335 1367 2373 καὶ
1391 2330 1534 2374 διάδο-

64 2406 137 2443 χον
154 2392 234 2428 τῶν
252 2390 354 2439 ἐμῶν
380 2387 717 2439 κατοοθωμάτων.
750 2388 875 2429 JENS·
937 2388 1065 2427 Nihil
1095 2397 1230 2427 muto.
1292 2390 1362 2427 De
1388 2389 1532 2443 gladio

65 2456 150 2484 tam
173 2430 302 2494 forti,
326 2445 447 2496 quasi
471 2445 536 2482 vir
559 2455 682 2493 esset,
710 2446 914 2498 loquitur.
945 2445 1114 2484 SOLAN.
1174 2445 1408 2485 Masculin.
1436 2460 1530 2500 gen,

71 2503 151 2551 ait,
186 2501 265 2540 etsi
286 2500 549 2540 referendum
573 2501 624 2539 ad
646 2503 920 2553 praemissum
946 2501 988 2542 τὸ
1010 2505 1138 2553 ξίφος.
1190 2501 1270 2541 Sed
1296 2501 1381 2542 vid.
1407 2517 1530 2552 supra

69 2557 121 2596 ad
145 2563 182 2600 2.
204 2558 299 2598 Ver.
323 2559 435 2599 Hisr.
461 2573 494 2597 c.
520 2564 585 2602 37.
631 2558 688 2596 Et
708 2560 848 2598 Maia.
873 2558 924 2598 de
945 2559 1062 2599 Dial.
1085 2573 1125 2612 p.
1148 2563 1216 2602 84.
1243 2569 1283 2598 et
1304 2564 1400 2603 263.
1444 2559 1532 2598 Ubi

71 2612 203 2662 οὐδεὶς
221 2613 338 2668 γυνὴ,
363 2630 412 2653 ex
428 2615 581 2654 Aslzill.
600 2617 689 2654 Tat.
711 2616 902 2669 aliaeque
921 2616 1086 2671 generis
1109 2617 1322 2669 enallagae
1344 2617 1530 2656 referun-

70 2681 151 2709 tur.
199 2672 296 2710 Non
323 2682 459 2710 tamen
486 2672 554 2710 hic
577 2681 717 2710 statuo
737 2676 955 2726 enallagen
980 2673 1146 2726 generis
1169 2673 1338 2724 proprie
1360 2673 1421 2711 sic
1444 2672 1531 2710 dic-

71 2736 180 2781 tam,
210 2728 281 2767 sed
304 2728 454 2769 solano
476 2728 654 2778 accedo,
687 2728 870 2779 dicenti,
905 2729 1121 2784 alloquitur
1142 2729 1343 2783 gladium,
1379 2742 1529 2783 ulper-
