1834 3188
1428 176 1527 225 165

202 533 365 581 ΠΩΣ
404 532 540 581 ΔΕΙ
576 531 935 580 ΙΣΤΟΡῙΑΝ
973 533 1447 585 ΣΥΓΓΡΛΦΕΙΝ.
1527 532 1688 625 Τὲπίἱῐῐ.

217 721 367 763 Argum.
414 718 536 752 Docet
556 723 700 760 auctor,
726 724 809 752 tum
833 729 927 764 quae
945 718 1037 752 vitia
1058 716 1239 752 historico
1258 716 1334 750 sint
1350 716 1517 761 vitanda,

126 776 282 823 prolatis
300 775 409 809 simul
431 781 468 808 et
485 775 616 809 acerbe
645 775 855 819 perstrictis
878 788 965 810 suae
986 775 1115 808 aetatis
1144 774 1413 811 historicorum
1433 784 1519 817 pra-
1547 769 1549 771 ¹

128 846 260 869 vorum
287 833 480 877 exemplis,
505 838 584 864 turn
609 835 704 876 quae
731 832 807 865 sint
831 833 922 867 boni
949 833 1120 867 historici
1151 833 1326 866 virtutes:
1355 842 1429 876 quo
1457 842 1520 864 re-

125 893 300 926 feruntur
320 891 462 935 ingenii
489 890 594 923 dotes
619 889 856 924 institutione
885 897 922 925 et
947 891 1212 925 exercitatione
1233 890 1373 933 cultae,
1399 888 1518 922 animi

123 950 262 985 candor
281 955 317 983 et
336 948 515 981 veracitas
534 948 720 992 ingenua,
747 948 928 983 orationis
948 950 1169 995 simplicitas
1193 954 1230 982 et
1252 947 1514 994 perspicuitas,

119 1010 239 1053 justus
263 1019 392 1043 rerum
418 1006 684 1051 dispositarum
716 1005 831 1049 ordo,
872 1007 1182 1052 singularumque
1215 1006 1383 1051 partium
1412 1010 1517 1039 recta

118 1056 328 1113 proportio.
378 1064 552 1109 Denique
572 1061 768 1107 praecipit,
793 1069 835 1096 ut
855 1064 1009 1098 omnino
1029 1064 1272 1098 historiarum
1292 1061 1515 1106 scriptoria

121 1123 358 1159 conficiendo
388 1133 498 1166 opere
523 1132 590 1154 suo
621 1121 668 1153 ad
699 1127 940 1165 posterorum
969 1123 1117 1168 potiuS,
1147 1134 1260 1168 quam
1287 1119 1512 1165 aequalium,

120 1181 258 1225 judicia
277 1179 466 1224 respiciat,
479 1184 515 1211 et
535 1178 633 1211 hanc
652 1189 798 1221 semper
816 1178 887 1212 sibi
907 1186 1095 1224 proponat
1116 1179 1305 1213 scribendi
1322 1187 1513 1215 normam.

122 1239 352 1274 Utilissimus
370 1236 597 1280 hodienum,
623 1236 826 1282 multisque
852 1237 994 1282 modis,
1019 1237 1190 1272 libellus!

122 1333 134 1348 U

135 1333 444 1410 Αβδηρίταις,
477 1353 601 1405 φασὶ,
633 1351 877 1408 Λυσιμάχου
896 1354 974 1409 ἤδη
991 1352 1296 1409 βασιλεύοντος,
1329 1354 1513 1407 ἐμπεσεῖν
1537 1359 1561 1400 1

121 1443 156 1467 τι
178 1422 359 1476 νόσημα,
393 1416 424 1462 ὦ
443 1422 536 1462 καλὲ
560 1422 714 1473 Φίλων,
746 1427 909 1464 τοιοῦτο
924 1437 934 1446 ·
972 1424 1178 1477 πυρέττειν
1200 1423 1247 1472 ³)
1279 1421 1351 1474 μὲν
1369 1418 1444 1476 γὰρ
1465 1417 1514 1460 τοὶ

120 1499 257 1549 πρῶτα
278 1491 481 1543 πανδημεὶ
503 1487 682 1538 ἅπαντας
695 1523 706 1541 ,
738 1486 818 1532 ἆπὸ
837 1495 907 1544 τῆς
920 1489 1084 1545 πρώτης
1105 1489 1230 1540 εὐθὺς
1249 1489 1485 1543 ἐρ’ῥωμένως
1502 1518 1515 1537 ,

121 1563 191 1606 καὶ
209 1564 366 1611 λιπαρεῖ
381 1553 430 1612 b)
460 1563 518 1614 τῷ
536 1562 693 1614 πυρετῷ
706 1572 715 1581 ·
747 1560 838 1613 περὶ
858 1560 900 1601 δὲ
919 1558 993 1613 τὴν
1015 1558 1190 1614 ἑβδόμην
1208 1564 1293 1606 τοῖς
1320 1557 1390 1610 μὲν
1414 1553 1514 1607 αἷμα

120 1628 224 1672 πολὺ
246 1629 288 1670 ἐκ
310 1629 434 1680 ρ’ἰνῶν
456 1626 574 1681 ῥυὲν,
608 1632 692 1675 τοῖς
710 1626 751 1668 δὲ
768 1624 888 1681 ἱδρώς
913 1627 1194 1684 ἐπιγενόμενος
1211 1624 1336 1674 πολύς
1353 1625 1420 1666 καὶ
1445 1615 1514 1664 οὗ·
1528 1638 1609 1674 p-z.

121 1715 190 1748 τος
211 1699 283 1746 ⁰),
313 1697 425 1738 ἔλυσε
441 1694 511 1737 τὸν
534 1692 722 1750 πυρετόν.
756 1696 795 1744 ἐς
818 1700 972 1751 γελοῖον
992 1698 1034 1739 δέ
1049 1715 1085 1739 τι
1105 1694 1243 1746 πάθος
1264 1696 1446 1749 περιίστα
1464 1686 1512 1744 d)

170 1798 218 1843 a)
242 1796 524 1842 πυρέττειν]
552 1798 641 1840 „Ita
672 1796 790 1831 Codd.
808 1804 969 1842 quatuor
999 1799 1110 1844 Angl.
1130 1801 1169 1834 P.
1192 1799 1251 1833 W.
1275 1797 1316 1830 L.
1337 1793 1517 1837 πυρεταί-

217 1857 295 1879 νειν
318 1844 440 1876 Edd.“
491 1845 535 1884 b)
565 1847 708 1887 λιπαρ
723 1856 736 1877 ε
751 1841 938 1891 ῖ]-λα’βρῳ
960 1846 1058 1887 conj.
1077 1844 1315 1890 ῙῙῇγιιεηὸιη-ἧ.
1340 1841 1514 1885 Ep.Crit.

215 1903 253 1936 p.
277 1900 333 1933 55.
382 1890 463 1922 Vid.
486 1889 620 1923 Adnot.
681 1893 722 1933 c)
751 1891 860 1936 ούτο
874 1892 912 1935 ς]
942 1887 1092 1933 ,,οὖ’τως
1111 1893 1151 1924 Ρ.
1202 1889 1273 1923 Sed
1293 1887 1394 1932 prius
1414 1892 1518 1919 recte

216 1942 369 1969 servant
388 1936 512 1971 Edd.“
545 1933 678 1978 πολύς,
705 1936 766 1974 καὶ
788 1937 899 1975 οὑτος
914 1935 1015 1981 ἕλησε
1034 1936 1284 1982 negligentius
1306 1936 1349 1967 B.
1370 1944 1403 1977 3.
1477 1931 1516 1972 d)

218 1996 297 2025 περ
311 1995 323 2016 ι
336 1983 466 2023 ΐστα]
495 1983 602 2026 Vulg.
615 1983 893 2027 neoclctn.‘8ed
913 1984 1080 2026 περιίστα
1095 1996 1182 2027 3011
1219 1987 1256 2015 et
1277 1980 1383 2014 Gorl.
1403 1989 1517 2024 quam

217 2029 499 2076 exquisitiorem
519 2029 683 2064 formam
701 2040 778 2063 non
799 2028 1053 2065 dubitavimus
1069 2031 1259 2076 adoptare.
1283 2026 1366 2061 vid.
1379 2025 1515 2062 Adnot-

133 2186 474 2245 QUOMODO
503 2188 826 2243 HISTORIA
863 2184 1375 2237 CONSCRIBENDA
1398 2182 1517 2231 SIT.

134 2375 373 2432 Abderitas
402 2392 562 2431 dicitur
589 2393 800 2444 Lysima-

136 2450 218 2488 cho
260 2453 340 2502 jam
381 2459 586 2504 regnante
628 2450 798 2487 morbus

139 2507 371 2556 invasisse,
416 2507 472 2543 mi
495 2505 800 2559 jucundissime

137 2562 287 2611 Philo,
343 2563 453 2603 talis,
523 2562 801 2600 Febricitasse

140 2619 252 2656 enim
277 2619 455 2671 primum
480 2628 568 2657 tota
594 2618 696 2657 urbe
717 2633 801 2656 om-

141 2687 236 2722 nes,
270 2690 290 2712 a
312 2677 446 2727 primo
469 2675 611 2713 statim
641 2674 709 2714 die
734 2689 803 2712 va-

859 2411 904 2434 ca
929 2395 1038 2433 diem
1059 2406 1161 2432 vero
1193 2391 1443 2445 septimum,
1477 2403 1522 2427 a-

858 2452 929 2489 liis
974 2450 1148 2503 sanguis
1175 2448 1374 2500 copiosus
1413 2447 1525 2483 nari-

860 2507 938 2544 bus
978 2505 1136 2555 fluens,
1178 2505 1272 2543 aliis
1295 2503 1424 2541 sudor
1454 2517 1526 2540 su-

860 2563 1113 2612 perveniens
1152 2563 1292 2615 largus
1336 2570 1377 2599 et
1411 2559 1524 2611 ipse,

862 2618 1012 2657 febrim
1037 2619 1177 2657 solvit.
1239 2618 1294 2655 At
1316 2617 1526 2673 illafebris

865 2675 906 2712 in
931 2674 1152 2712 ridiculam
1176 2673 1386 2727 quandam
1405 2673 1527 2711 affec-

143 2729 243 2781 lide,
275 2741 315 2769 et
332 2731 442 2771 febri
461 2733 692 2771 continua:
726 2731 806 2770 cit·
865 2731 1025 2769 tionem
1049 2740 1211 2770 mentes
1235 2731 1405 2769 illorum
1427 2743 1528 2768 con-
