1834 3188
344 192 440 238 102
827 205 1239 239 LucIAN1

196 311 324 353 p.815.
339 303 406 346 καὶ
435 300 544 357 ὅμως
571 301 594 346 ὁ
621 301 748 353 πολὺς
776 302 878 354 λεώς
917 301 1177 347 πιστεύουσιν
1210 300 1366 355 αὐτοῖς,
1407 305 1476 346 καὶ
1511 308 1729 357 κηλοῦνται

339 369 533 426 ὁρῶντες,
563 369 593 426 ἢ
622 368 844 424 ἀκούοντες
868 373 915 416 τά
936 378 1121 426 τοιαῦτα,
1154 370 1220 416 διὰ
1248 369 1292 413 τὸ
1325 372 1414 421 ξένα
1440 374 1507 415 καὶ
1535 369 1729 417 αλλόκοτα

257 439 312 480 73
341 437 455 481 εἶναι.

341 503 555 561 ὑπερφυὴς
583 508 625 550 τὸ
645 509 818 562 κάλλος,
850 508 948 564 ὑπὲρ
981 509 1050 560 τὰς
1073 508 1252 565 Χάριτας
1276 507 1417 558 αὐτὰς,
1448 509 1477 565 ἢ
1495 511 1568 565 τήν
1595 509 1728 568 Οὖρα-

342 576 436 619 νίαν
470 575 572 618 εἶναι
589 579 671 628 Ῑῃ),
703 576 757 632 μὴ
789 578 986 635 πρότερον
1019 578 1201 630 ἐξετάσας
1233 580 1268 621 εἰ
1299 575 1436 630 ἀληθῆ
1457 581 1579 634 λέγει,
1610 583 1734 623 καὶεί

344 643 426 685 ἔστι
446 663 527 687 που
546 650 618 698 τῆς
637 650 712 702 γῆς
732 642 758 698 ἡ
790 646 1010 703 ἅνθρωπος
1029 648 1151 703 αὕτη,
1181 646 1285 702 ἤρας
1305 642 1450 697 εὖθῦς,
1482 646 1608 702 ὥςπέρ
1630 663 1732 701 φασι

343 710 416 766 τὴν
449 711 642 766 Μηδειαν
669 715 707 763 ἐξ
737 712 943 771 ὀνείρατος
967 720 1193 772 εὀασθηναι
1222 720 1294 758 τοῦ
1317 713 1526 764 Ἰάσονος
1558 714 1581 758 ὂ
1611 718 1652 759 δὲ
1684 715 1733 771 δὴ

344 777 515 833 μαλιστά
542 796 584 825 σε
612 781 714 836 πρὸς
741 782 811 827 τὸν
841 787 964 841 ε’ρωτα
999 785 1241 841 ἐπηγάγετο,
1273 785 1342 825 καὶ
1372 782 1466 832 τοὺς
1494 781 1640 833 ἀλλους
1667 785 1731 836 δὲ,

505 441 586 482 Καὶ
608 439 656 483 σύ
681 439 728 494 δὴ
752 448 990 495 μυθοποιοῦ
1005 460 1115 491 τινος
1136 438 1337 491 οἰκούσας,
1373 438 1425 490 ὥς
1448 443 1528 484 ἔστι
1549 461 1606 492 τις
1626 442 1731 499 γυνὴ

344 845 490 890 ὁπόσοι
509 855 581 892 τοῦ
599 847 725 893 αὐτοῦ
744 866 809 895 σοι
835 853 1004 896 εἰδώλου
1033 856 1175 906 ἐρῶσι,
1208 857 1322 895 τοῦτο
1343 846 1419 905 ἦν,
1454 851 1506 901 ὥς
1524 853 1567 908 γε’
1588 869 1658 906 μοι
1677 855 1736 895 εἶ-

342 914 505 965 καζοντι
538 920 821 972 φαίνεται,τό
847 923 917 964 τὸν
945 925 1108 978 λέγοντα
1136 924 1290 965 ἐκεῖνον
1323 923 1412 976 περὶ
1442 926 1512 973 τῆς
1494 919 1737 981 ςγυναικὸς,

342 984 503 1041 ἐπείπερ
528 986 742 1042 ἐπιστεύθη
768 988 811 1032 τὸ
832 996 1012 1046 πρῶτον,
1048 991 1108 1034 ὅτι
1136 987 1273 1044 αληθη
1298 991 1423 1045 λέγει,
1454 986 1664 1032 ἀκόλουθα
1681 992 1737 1043 ¹²)

343 1052 517 1108 ἐπάγειν.
560 1059 616 1105 εἰς
645 1074 765 1099 τουτο
790 1076 866 1115 γαρ
902 1061 1048 1113 ἓωρᾶτε
1073 1057 1225 1113 μόνον,
1268 1061 1335 1101 καὶ
1363 1059 1428 1101 διὰ
1451 1063 1570 1100 τοῦτο
1608 1057 1737 1101 εἷλκεν

344 1117 449 1174 υμᾶς
475 1141 546 1176 της
579 1123 712 1177 ῥινὸς,
745 1128 904 1182 ἐπείπερ
934 1125 1038 1177 cina}
1065 1126 1137 1180 τὴν
1166 1144 1328 1183 πρωτην
1359 1125 1487 1181 λαβὴν
1518 1125 1739 1169 ε’νεδωκατε

348 1185 481 1246 αὐτῶ,
515 1193 582 1233 καὶ
606 1210 702 1247 ηγεν
735 1196 797 1237 ἐπὶ
826 1214 899 1249 την
927 1191 1220 1250 αγαπωμένην,
1260 1189 1316 1236 δι’
1347 1195 1396 1247 ἧς
1421 1196 1548 1249 ἔλεγεν
1577 1192 1739 1244 εὐθείας

349 1254 461 1299 οδοῦ
492 1257 614 1316 ῤ’άδια
639 1280 736 1316 γαρ,
768 1263 901 1318 οἶμαι,
933 1263 980 1306 τά
1011 1282 1105 1319 μετα
1128 1269 1278 1313 ταῦτα,
1309 1264 1379 1304 καὶ
1400 1260 1534 1311 οὐδεὶς
1554 1260 1668 1315 ὑμῶν
1684 1264 1740 1306 ε’τι

349 1326 691 1383 ἐπιστρεφόμενος
723 1334 779 1381 εἰς
807 1331 881 1387 τὴν
907 1336 1085 1384 εἶ’ςοδον,
1119 1331 1300 1386 ἐξήταζεν
1322 1334 1366 1382 ⁰)
1396 1334 1430 1373 εἰ
1456 1327 1615 1385 ἀληθής
1645 1333 1737 1384 ἐστι,

393 1441 459 1483 m)
487 1447 555 1476 ειν
568 1443 637 1487 αι]
676 1443 766 1486 „Sic
788 1446 880 1479 Edd.
905 1453 943 1480 et
962 1448 1017 1480 M.
1049 1444 1154 1489 οἶμαι
1173 1446 1214 1478 L.
1251 1443 1394 1489 ἐκείνην
1427 1444 1508 1477 Pell.
1530 1450 1565 1477 et
1587 1444 1737 1478 MarciL

440 1488 504 1522 καὶ
523 1489 684 1520 S'olanns.
689 1491 712 1508 ‘⁶
739 1491 968 1526 Vid.Ad110t.
1016 1496 1064 1535 n)
1094 1488 1369 1534 ἀκόλουθα]
1397 1486 1615 1525 ἀκόλουθον
1635 1500 1738 1535 2954.

443 1539 509 1616 2³«
513 1532 765 1579 ἐξήταζεν]
792 1540 879 1582 „Ita
896 1540 990 1572 bene
1009 1540 1039 1572 J.
1063 1539 1119 1571 Fl.
1140 1539 1187 1575 H.
1210 1540 1293 1573 Par.
1317 1544 1353 1570 et
1375 1537 1432 1570 W.
1453 1534 1623 1581 ἐξήταζεν
1643 1538 1740 1571 male

352 1674 419 1725 jor
454 1687 549 1725 pars
571 1675 725 1726 populi
759 1675 936 1714 credunt
959 1678 1017 1715 il-

351 1729 426 1779 lis,
459 1739 500 1768 et
520 1730 714 1769 videndis
737 1732 1016 1774 audiendisve

353 1786 510 1824 talibus
553 1790 818 1839 mulcentur,
872 1790 923 1828 ob
972 1790 1015 1828 id

353 1841 491 1894 ipsum
527 1857 698 1895 nempe,
743 1845 855 1896 quod
891 1861 1018 1898 pere-

352 1899 473 1951 grina
498 1910 597 1938 sunt
628 1910 669 1939 et
704 1901 897 1940 absuida.
960 1904 1018 1941 Et

352 1963 399 1992 tu
431 1969 529 1994 sane
565 1970 656 1994 cum
692 1972 743 1996 ex
779 1958 1016 1998 fabulatore

354 2010 538 2062 quodam
558 2013 766 2064 audisses,
799 2016 1015 2055 mulierem

351 2080 469 2114 esse,
533 2081 639 2120 quae
691 2071 1017 2122 pulchritudine

350 2134 544 2161 naturam
595 2139 886 2180 superr¹ressa‚
950 2131 1017 2166 vel

353 2179 522 2218 Gratias
556 2180 666 2232 ipsas
688 2194 762 2220 aut
791 2187 1015 2223 coclestem

352 2235 467 2273 illam
501 2236 685 2276 Venerem
716 2240 883 2289 vincat,
927 2255 1015 2278 non

354 2294 577 2341 explorato
597 2295 730 2345 priuS‚
757 2305 897 2334 utrum
918 2311 1014 2336 vera

354 2346 490 2395 dicat,
524 2358 566 2386 et
585 2350 696 2389 sitne
716 2360 916 2390 terrarum
942 2354 1015 2390 ali-

355 2403 450 2440 cubi
479 2405 560 2442 ista
592 2407 767 2456 mulier,
802 2410 943 2447 statim
975 2423 1014 2446 a-

352 2472 464 2497 mare
490 2473 578 2498 earn
605 2463 811 2528 coepisti,
845 2474 893 2503 ut
912 2466 1017 2503 Me-

355 2512 473 2552 deam
494 2518 615 2568 ajunt
644 2534 696 2558 ex
726 2521 944 2560 insomnio
977 2536 1017 2558 a·

353 2583 469 2609 more
536 2572 703 2613 Jasonis
765 2588 1015 2641 corxeptam.

356 2625 484 2678 Quod
515 2638 653 2668 autem
686 2634 868 2672 maxime
900 2644 941 2671 te
972 2635 1016 2671 in

355 2695 537 2720 amorem
573 2685 691 2724 illum
726 2688 921 2738 induxit,
967 2705 1018 2727 a-

355 2737 547 2790 liosque,
598 2753 811 2796 quotquot
843 2745 1017 2783 eandem

1078 1692 1201 1731 quam
1252 1687 1300 1715 tu
1343 1675 1531 1714 umbram
1572 1685 1738 1726 amant,

1079 1744 1284 1788 quantum
1331 1735 1575 1783 conjectura
1623 1747 1740 1772 asse-

1077 1805 1206 1845 quor,
1246 1790 1328 1828 hoc
1362 1800 1469 1840 erat,
1523 1788 1637 1842 quod
1679 1789 1740 1837 is,

1079 1847 1153 1900 qui
1175 1846 1225 1886 de
1249 1846 1423 1884 muliere
1450 1845 1740 1898 praedicabat,

1078 1913 1306 1956 postquam
1357 1905 1485 1940 semel
1531 1901 1633 1940 fides
1674 1903 1739 1940 illi

1075 1959 1218 1997 habita
1242 1968 1328 2007 est,
1363 1957 1485 2010 quasi
1507 1972 1603 1995 vera
1626 1957 1742 1996 dice-

1075 2025 1150 2065 ret,
1183 2031 1228 2053 ea
1245 2014 1484 2067 subjunxit,
1518 2030 1617 2068 quae
1636 2028 1741 2052 con-

1075 2070 1296 2124 sequentia
1326 2081 1361 2108 et
1396 2070 1641 2109 cohaerentia
1670 2087 1739 2109 es-

1074 2139 1155 2167 sent
1177 2126 1450 2180 superioribus.
1510 2128 1576 2165 Ad
1598 2127 1678 2166 hoc
1699 2141 1741 2166 e-

1075 2186 1164 2221 nim
1197 2183 1453 2236 spectabatis
1493 2187 1656 2234 solum,
1698 2192 1742 2223 et

1075 2249 1251 2292 propter
1309 2239 1392 2277 hoc
1444 2239 1584 2292 ipsum
1634 2253 1738 2278 naso

1075 2296 1192 2350 quasi
1219 2296 1414 2347 allioatos
1450 2296 1610 2343 traxit,
1645 2309 1739 2333 cum

1074 2352 1251 2405 p1imam
1283 2354 1410 2391 semel
1442 2354 1559 2389 velut
1591 2364 1737 2388 ansam

1075 2410 1114 2448 ei
1146 2407 1393 2456 dedissetis,
1443 2405 1652 2459 duxitque
1686 2404 1739 2444 ad

1077 2474 1253 2502 amatam
1285 2474 1421 2511 recta,
1462 2476 1584 2514 quam
1613 2462 1740 2501 dice-.-

1076 2521 1171 2567 bat,
1233 2520 1315 2558 via.
1396 2519 1557 2557 Facilia
1598 2519 1736 2567 enim,

1078 2591 1191 2624 reor,
1226 2584 1410 2623 caetera,
1453 2589 1587 2628 neque
1619 2574 1739 2628 quis-

1079 2646 1202 2685 quam
1247 2632 1430 2668 vestrfim
1477 2632 1528 2668 ad
1569 2633 1738 2685 ingres-

1076 2702 1165 2726 sum
1186 2686 1336 2727 reflexa
1356 2686 1634 2740 cogitatione,
1667 2700 1737 2725 ve.

1078 2757 1176 2782 rane
1210 2753 1319 2782 esset
1344 2745 1433 2791 via,
1467 2743 1734 2798 exploravit,
