1834 3188
297 202 350 232 ιΝ
388 199 628 238 QUOMODO
664 197 902 229 ms‘ronm
940 198 1016 227 sm·
1051 198 1250 229 consen.
1404 181 1503 232 557

158 298 258 338 Earl.
278 300 306 336 l
330 303 396 341 12
422 295 734 354 Ἀρχιτέκτονος)
776 294 1028 335 Dinocratis
1056 294 1246 345 scilicet,
1287 297 1408 348 cujus
1439 297 1506 335 hi-

48 357 179 397 storia
201 356 311 394 scitu
336 355 478 409 digna.
538 355 581 394 Is
610 369 704 393 cum
733 352 978 393 Alexandro
1009 352 1277 391 innotescere
1310 363 1506 406 cuperet,

47 429 126 453 nec
151 412 319 451 facilem
343 411 395 449 ad
419 426 511 450 eum
532 410 691 449 aditum
715 410 940 464 reperiret,
984 407 1036 446 ad
1056 407 1166 447 hanc
1185 408 1354 448 tandem
1377 419 1507 450 artem

49 468 261 522 confugit.
322 468 486 506 Unctus
513 477 555 506 et
579 481 733 505 corona
759 468 942 519 populea
970 463 1211 515 redimitus,
1255 468 1406 518 pellem
1441 476 1510 506 et·-

51 527 132 565 iam
157 525 401 572 leoninam,
436 534 597 564 caetera
620 522 784 571 nudus,
817 521 985 560 induit:
1019 534 1152 575 eoque
1182 531 1333 560 ornatu
1366 526 1509 562 locum

50 582 182 636 petit,
216 595 295 635 qua
323 580 565 619 Alexandro
599 579 680 618 iter
698 580 890 617 futurum
916 577 1086 619 sciebat.
1146 579 1212 617 Eo
1244 579 1336 617 viso
1368 579 1511 619 rident

51 638 252 687 comites,
286 636 562 676 Alexander
550 650 641 689 ipse
673 649 789 675 novo
822 637 1063 687 spectaculo
1090 634 1258 674 illectus
1291 635 1509 675 hominem

51 695 303 747 alloquitur,
335 702 376 732 et
398 708 497 732 mox
519 692 710 744 suscipit.
770 692 887 730 Hinc
909 701 1025 729 tanta
1048 691 1132 729 viri
1153 692 1349 738 fortuna,
1385 706 1510 745 quam

51 762 99 789 ut
132 750 294 790 aulicae
325 758 434 788 artes
468 748 818 796 aedificaverant,
870 747 930 785 ita
961 746 1150 786 adulatio
1189 748 1320 786 nimia
1355 747 1512 788 deinde

50 807 271 846 subvertit.
332 805 430 844 Vid.
456 806 679 844 Vitruvium
703 805 746 843 in
768 804 899 858 praef.
959 804 1015 842 At
1038 803 1253 843 Plutarcho
1276 804 1513 844 Stasicrates

50 862 195 912 audit,
228 877 314 901 non
337 863 590 910 Dinocrates,
623 865 728 910 597,
751 867 790 904 2.
850 859 934 900 Sed
955 859 1208 899 Dinocratis
1227 861 1353 900 etiam
1376 862 1512 899 nomi·

50 935 104 958 ne
131 919 315 957 occurrit
336 933 400 970 ap.
422 917 527 956 Plin.
551 927 592 956 et
621 917 750 958 Strab.
782 916 879 956 VII.
910 916 984 970 qui
1016 916 1320 955 Alexandriam
1357 917 1406 955 ab
1437 931 1511 968 eo,

50 975 102 1014 ad
125 973 372 1025 Chlamydis
396 974 571 1012 formam
594 973 844 1026 descriptam
867 983 908 1012 et
932 971 1148 1011 conditam
1171 973 1396 1012 memoriae
1416 988 1513 1026 pro-

51 1030 176 1069 didit.
240 1032 444 1070 Vitruvius
464 1029 715 1084 quibusdam
736 1045 756 1068 a
775 1030 959 1068 Luciam)
979 1029 1049 1067 hic
1065 1029 1242 1082 prolatis
1263 1030 1511 1084 refragatur.

49 1087 240 1127 Eandem
260 1086 484 1125 historiam
513 1086 671 1124 habes·
661 1097 810 1125 iterum
832 1087 913 1124 Pro
937 1087 1096 1139 Imagg.
1122 1100 1154 1128 c.
1176 1091 1215 1129 9.
1251 1086 1338 1124 SOL
1344 1101 1418 1126 AN.

163 1144 490 1196 Pag.181.1.8
518 1141 788 1195 Ἐπανθήσῃ)
822 1142 948 1210 Angl
967 1141 1170 1184 §advenas
1201 1143 1378 1181 Bonan.
1445 1143 1515 1183 Οἴ-

55 1217 165 1243 ονται
184 1199 258 1253 γὰρ
282 1199 447 1252 ἄμεινον
464 1200 563 1249 ἕξειν
586 1217 659 1252 την
686 1197 812 1253 ὄψιν,
843 1216 895 1250 ην
916 1196 936 1240 ὃ
959 1198 1136 1253 γραφεὺς
1163 1196 1300 1248 αὐταῖς
1331 1195 1515 1253 ἐρύθημά

51 1274 93 1299 τε
114 1262 248 1298 πλεῖον
273 1255 485 1312 ἐπανθησῃ
500 1288 509 1305 ,
537 1257 606 1297 καὶ
622 1254 665 1297 τὸ
685 1254 828 1298 λευκὸν
852 1256 1086 1313 ἐγκαταμίξῃ
1106 1254 1206 1297 πολυ
1224 1260 1279 1311 τῷ
1299 1255 1515 1311 φαρμάκῳ.

52 1315 187 1353 Recte
207 1313 434 1366 interpres·
466 1312 706 1351 arbitr-anim
723 1315 844 1361 enim,
874 1312 1012 1352 mellus
1031 1329 1069 1351 se
1098 1299 1320 1351 habituram
1332 1313 1514 1369 faciem,

54 1374 87 1408 si
103 1372 232 1423 pictor
252 1369 332 1408 illzs
346 1368 559 1422 plurimum
582 1369 758 1408 rMuboJem
779 1368 937 1418 illinat,
970 1379 1005 1407 et
1021 1371 1218 1422 pigmento
1239 1369 1403 1408 multum
1424 1385 1519 1408 can-

57 1426 164 1465 doris
185 1425 414 1465 admisceat.
475 1425 557 1465 Sed
579 1440 656 1479 pro
675 1423 883 1481 ἐπανθησῃ
904 1425 1173 1464 scribendum
1194 1427 1404 1481 ἐπανθίσῃ.
1434 1426 1517 1463 Ac-

56 1482 171 1522 cedit
190 1483 384 1535 proxime
403 1481 509 1521 liber
531 1482 808 1535 Anglicanus‚
841 1496 963 1535 quem
986 1480 1098 1521 vidit
1119 1481 1353 1521 Bourcleloti
1341 1470 1410 1532 u¹s‚
1443 1480 1519 1534 qui

57 1538 165 1593 legit
191 1538 401 1580 ἐπᾶνθισε.
455 1535 657 1587 ’Λνθίζειν
691 1547 733 1578 et
760 1539 988 1587 ἐπανθίζειν
1024 1546 1089 1577 est
1123 1539 1323 1592 pingere,
1355 1537 1519 1577 floridis

60 1594 277 1634 coloribus
316 1593 500 1634 inficere.
564 1594 758 1636 Her-,odoi
799 1595 920 1634 Cleio
929 1626 947 1661 .’
989 1590 1234 1647 ’ἠνθισμένοι
1270 1593 1521 1647 φαρμάκοισι

59 1656 356 1716 προμαχεῶνες,
386 1651 687 1706 propugnacula
701 1654 813 1705 picta
833 1653 955 1690 variis
977 1650 1188 1691 coloribus.
1248 1651 1391 1691 Noster
1413 1651 1522 1689 infe-

60 1709 149 1747 rius
173 1709 217 1746 in
239 1708 352 1747 hoc'
342 1722 436 1760 ipso
457 1707 592 1748 libro.
639 1710 693 1749 Οἵ
719 1709 761 1750 δὲ
785 1710 971 1750 ἔπλαττον
997 1706 1147 1760 μόνον,
1189 1709 1258 1750 καὶ
1285 1709 1430 1775 ε’πριον
1452 1705 1523 1748 τὸν

62 1766 276 1816 ἐλέφαντα,
309 1766 378 1805 καὶ
395 1765 525 1812 ἔξεον,
556 1764 625 1805 καὶ
654 1762 848 1813 ἐκόλλων,
880 1781 949 1804 και
971 1763 1235 1817 ἕῤῥύθμιζον,
1268 1766 1334 1805 καὶ
1358 1761 1525 1806 ἐπανθι-

63 1826 132 1870 ζον
150 1825 206 1874 τῷ
225 1834 383 1876 χρυσω,
417 1819 481 1859 illi
498 1835 586 1858 vero
616 1831 766 1859 tantum
783 1820 1025 1874 formabant
1059 1831 1094 1858 et
1119 1820 1305 1860 secabant
1332 1821 1446 1869 ebur,
1489 1830 1524 1858 et

58 1877 283 1932 poliebant,
318 1888 352 1916 et
375 1876 722 1929 conglutinabant,
755 1888 790 1915 et
811 1875 1124 1942 concinnabant,
1166 1888 1200 1915 et
1235 1892 1331 1916 auro
1356 1875 1526 1915 induce-

65 1930 495 1987 bant.Soplzocl.013
522 1950 597 1987 γαρ
624 1947 668 1974 σε
694 1930 746 1986 μὴ
773 1937 921 1987 γνῶσιν
947 1925 1019 1988 956'
1049 1930 1221 2000 ἧνθισμέ
1205 1950 1320 1984 vov,
1360 1943 1395 1971 te
1426 1935 1525 1971 enim

66 2007 144 2030 non
164 2001 393 2044 cognoscent
419 1991 475 2029 sic
497 1989 726 2030 color-,atum
789 1990 843 2044 S')
847 1990 997 2028 nesius:
1027 1990 1095 2030 καὶ
1118 1985 1241 2037 ευθὺς
1263 1991 1431 2031 ἐπανθεῖ
1458 2005 1527 2040 μοι

67 2064 169 2088 κατα
191 2051 263 2099 τῆς
282 2050 450 2099 παρειᾶς
471 2047 678 2100 ἒούθημα,
710 2057 744 2085 et
765 2048 899 2085 sta7im
918 2061 1004 2084 mea
1024 2061 1125 2098 gena
1148 2046 1286 2085 rubore
1309 2045 1529 2109 perfunde—-

71 2103 196 2143 hatur.
243 2100 396 2151 ’Ἀνθος
420 2116 542 2155 saepe
565 2112 628 2142 est
651 2105 782 2142 color.
832 2101 965 2155 ’Ἀνθη
994 2119 1074 2142 των
1096 2104 1218 2144 οἴκων
1247 2112 1346 2141 sunt
1378 2102 1528 2170 pictu-

69 2174 139 2199 rae
162 2158 418 2198 Philostrato.
449 2158 617 2209 Hes->Melz
641 2156 770 2210 ἄνθη·
799 2156 996 2211 χοώματα.
1036 2158 1324 2212 IUoschopuZns
1341 2163 1419 2199 τῶν
1438 2174 1528 2198 ονο-

75 2213 211 2270 μάτων
237 2211 419 2257 Ἀττικων
448 2220 638 2283 συλλογῆ·
679 2212 757 2257 από
785 2220 856 2256 τοῦ
879 2232 957 2256 των
986 2218 1170 2268 βοτανῶν
1197 2214 1356 2263 α’νθους
1382 2214 1530 2268 λέγεται

76 2271 205 2320 ανθος
222 2289 321 2313 κατα
330 2288 571 2343 ‘aswtpopav
595 2269 638 2312 τὸ
655 2275 802 2324 χρῶμα.
835 2289 888 2320 ως
907 2289 1016 2325 παρα
1038 2276 1093 2327 τῷ
1117 2269 1370 2326 Φιλοστοατῳ
1390 2275 1444 2311 ταῑ
1461 2276 1530 2321 τῆς

74 2331 164 2383 ἰδης
183 2327 303 2370 α’νθεϊ
319 2329 426 2379 ῥαῖνε
412 2344 513 2376 ται,
540 2326 666 2393 ἤγουν
690 2332 743 2377 τῷ
771 2326 958 2396 χρώματι.
989 2330 1068 2369 ἔστι
1095 2329 1136 2369 δὲ
1168 2331 1234 2381 ἰ’δη
1264 2309 1425 2380 βοτάνη
1445 2340 1527 2374 ug·

75 2385 183 2428 καθὸ
205 2386 351 2439 λέγεται
372 2381 662 2435 ανθοκρὸκοισι
685 2401 832 2435 πηναις
861 2379 958 2438 παρ’
982 2380 1197 2448 Εὐριπίδῃ.
1257 2385 1325 2422 Sic
1353 2383 1529 2437 legenda

75 2453 176 2482 sunt
195 2440 298 2482 haec
319 2440 454 2482 verba.
515 2440 658 2478 Locus
678 2440 879 2494 Euripidis
897 2450 958 2480 est
979 2439 1025 2479 in
1048 2441 1225 2481 Hecuba
1248 2455 1288 2481 v.
1309 2443 1406 2483 465.

292 2522 349 2529 —-
374 2494 443 2537 Ἐν
461 2497 612 2551 κροκέω
630 2498 761 2550 πέπλῳ

297 2552 525 2606 Ζεύξομαι
507 2570 651 2605 αρματι
670 2541 855 2605 πώλους,

289 2608 360 2651 Ἐν
383 2611 622 2652 ὁαιόαλέαισι
655 2614 763 2650 Ποι-

294 2662 472 2709 κίλλουσ’
495 2663 783 2717 ἅνθοκρόκοισι
803 2664 961 2719 πήναις.

79 2721 164 2763 Ubi
185 2722 434 2776 interpretes
458 2723 659 2777 pessime:
690 2725 731 2762 in
756 2739 892 2763 crocea
911 2734 1008 2763 veste
1032 2724 1198 2777 jungam
1227 2723 1359 2763 currui
1389 2738 1523 2778 equo-⁹,
