1834 3188
323 194 644 225 HERMOTIMUS
682 192 789 225 SIVE
825 192 891 223 DE
927 192 1102 226 SECTIS.

137 297 274 335 EPM.
314 294 432 340 Τίνος
451 289 623 343 τούτου,·

1421 303 1457 337 p-
1469 296 1551 334 805·

138 365 269 403 ΛΤΚ.
312 364 508 414 Κριτικῆς
542 377 672 410 τινος,
725 353 760 400 οἷ
796 356 1022 412 θαυμάσιε,
1063 361 1130 401 καὶ
1166 359 1413 412 ἐξεταστικῆς

25 434 307 483 παρασκευῆς,
335 430 400 470 καὶ
423 434 501 470 νοῦ
524 424 657 478 ὀξέος,
691 427 758 467 καὶ
780 429 961 476 διανοίας
989 423 1208 482 ἀκριβοῦς,
1242 430 1309 469 καὶ
1327 426 1412 469 οἶδε-

28 495 205 544 κοῖστου,
241 500 330 539 οἱάν
347 498 418 551 χρὴ
445 495 547 538 εἶναι
575 494 649 548 τήν
671 496 760 549 περὶ
782 500 859 536 τῶν
887 494 1126 549 τηλικούτων
1151 494 1414 537 δικάσουσαν·

30 563 61 619 ἢ
76 563 204 619 μάτην
227 562 277 607 ἂν
298 563 452 607 ἅπαντα
481 565 684 618 ἑωραμένα
706 566 778 617 εἴη.
819 560 1040 606 οἷποδοτέον
1061 558 1158 614 οὖν,
1191 580 1316 617 φησι,
1347 565 1416 606 καὶ

29 639 85 691 τῷ
101 632 268 689 τοιούτῳ
290 632 438 687 χρόνον
460 629 533 674 οιῗκ
553 628 706 687 ὀλίγον,
739 633 806 674 καὶ
825 635 1077 686 προθέμενον
1099 631 1255 675 ἅπαντα
1275 635 1330 681 εἰς
1352 634 1417 686 μέ-

32 716 128 752 σον,
177 705 379 756 αἱρεῖσθαι
427 701 702 753 διαμέλλοντα,
745 702 811 742 καὶ
849 705 1122 756 βραδύνοντα,
1168 699 1356 749 πολλάκις
1376 699 1415 755 1)

32 774 343 814 ἐπισκοποῦντα·
373 765 467 822 μήτε
487 765 642 821 ἡλικίαν
667 774 740 811 τοῦ
760 771 942 825 λέγοντος
972 767 1163 819 ἑκάστου,
1195 768 1291 822 μήτε
1316 774 1420 823 σχῆ-

777 826 803 849 2

33 857 108 894 μα,
139 838 167 893 ἢ
189 838 309 890 δόξαν
332 839 395 880 ἐπὶ
413 840 537 893 σοφίᾳ
558 835 822 890 αἰδούμενον,
848 834 945 879 ἄλλα
962 836 1061 879 κατὰ
1080 835 1173 885 τους
1191 836 1419 892 Ἀρεοπαγί-

33 926 104 957 τας
123 905 218 950 αὐτὸ
238 912 433 950 ποιοῦντα
454 907 527 958 1),
561 909 600 948 οἳ
630 907 670 948 ἐν
695 908 809 947 νυκτὶ
835 908 903 948 καὶ
924 905 1053 962 σκότῳ
1082 904 1310 954 δικάζουσιν

36 994 90 1030 μη
124 976 164 1024 ἐς
189 974 283 1024 τούς
309 976 512 1030 λέγοντας,
545 970 630 1015 ἀλλ’
659 975 699 1023 ἐς
727 973 774 1015 τὰ
806 980 868 1029 λε)
863 973 996 1028 όμενα
1028 973 1312 1028 ἆποβλέποιεν·

69 1041 167 1057 Ι,,Ι

1355 976 1424 1017 καὶ

35 1062 103 1087 τοτ
139 1045 268 1096 ηδη”
240 1060 275 1093 ες
266 1045 387 1085 ε’σται
412 1059 475 1085 σοι
493 1046 666 1124 βεβαίως
696 1044 865 1096 ἑλοαένῳ
888 1046 932 1094 11)
967 1049 1225 1096 φιλοσοφεῖν.

151 1116 289 1153 ΕΡΜ.
325 1111 442 1153 Meta
461 1109 530 1153 τὸν
552 1115 643 1165 βίον
664 1110 722 1168 φῄ

751 1144 759 1152 .
792 1114 834 1154 ἐκ
854 1110 928 1166 γὰρ
949 1109 1123 1162 τούτων,
1159 1107 1327 1160 ουδενός
1356 1110 1424 1153 ἐν·

37 1178 220 1235 θρώπων
240 1182 383 1234 βίοςέζ
347 1207 398 1231 ψ,
400 1198 479 1233 ρκε
465 1181 588 1222 ’σειεν
612 1177 661 1221 ἂν
683 1198 736 1228 ως
755 1181 818 1222 ἐπὶ
838 1177 968 1221 πάντα
989 1182 1033 1230 11)
1066 1182 1217 1232 ἐλθεῖν,
1248 1181 1313 1221 καὶ
1334 1180 1426 1222 ἕκα-

42 1263 137 1292 στον
168 1245 341 1304 ἀκριβῶς
367 1249 548 1289 ἐπιδεῖν)
547 1251 597 1299 ),
629 1249 698 1289 καὶ
733 1246 922 1290 ἐπιδόντα
953 1252 1108 1300 κρῖναι,
1141 1251 1207 1291 καὶ
1234 1251 1428 1304 κρίναντα

134 1368 327 1413 vulgatam
345 1372 493 1401 servant
514 1373 676 1410 ceterae,
701 1367 790 1400 item
811 1365 917 1399 codd.
936 1367 991 1399 M.
1015 1372 1050 1399 et
1071 1368 1141 1401 P.“

137 1417 234 1455 κις]
261 1414 323 1448 καὶ
341 1416 442 1449 πολλ.
465 1420 569 1456 5011,
589 1393 704 1446 Beli'm
723 1413 837 1445 Schm.

1197 1367 1236 1409 t)
1263 1365 1429 1402 πολλά-

887 1415 933 1444 At
951 1413 1044 1445 hene
1066 1414 1166 1446 abest
1186 1415 1333 1457 copula.
1359 1415 1431 1447 Ex-

136 1461 299 1505 plicatur
316 1461 414 1492 enim
442 1460 564 1492 verbis
589 1457 762 1498 πολλάκις
787 1457 1078 1500 ἐπισκοποῦντα,
1106 1459 1164 1491 cui
1184 1461 1335 1505 negotio
1355 1461 1433 1493 ini-

137 1506 332 1551 pendenda
350 1507 397 1538 sit
426 1519 544 1547 mora,
570 1506 664 1538 illud
685 1505 726 1539 τὸ
747 1503 959 1551 βραδύνειν.

1009 1484 1094 1538 No'n
1112 1514 1285 1540 accurate
1305 1506 1431 1551 itaque

137 1552 352 1586 reddiderat
385 1553 575 1584 (ἔσεαι-ηις.
601 1572 646 1576 -—
672 1560 768 1596 teque
797 1561 995 1592 ,ςιιςίιηεα-ς,
1022 1564 1066 1583 ac
1093 1564 1193 1595 saepe
1225 1556 1430 1586 consuleres,

138 1600 184 1642 *)
211 1599 475 1637 ποιουντα]
504 1598 591 1639 „Sic
618 1598 730 1631 etiam
757 1599 786 1631 J
810 1598 861 1636 F]
886 1604 921 1630 et
954 1598 998 1630 H.
1029 1597 1165 1630 habere
1192 1605 1302 1631 notat
1331 1600 1433 1631 Sola-

138 1646 248 1677 nus.“
296 1648 342 1687 u)
370 1643 605 1690 ἑλομένῳ]
630 1646 713 1688 „Ita
730 1650 829 1676 recte
849 1643 902 1676 Fl.
923 1645 1005 1678 Par.
1026 1645 1069 1677 H
1096 1645 1138 1677 B.
1161 1656 1190 1678 2.
1214 1651 1249 1676 et
1271 1646 1326 1679 M.
1346 1644 1433 1680 ἑλω-

139 1690 237 1743 μένῳ
265 1693 293 1723 J.
299 1691 323 1709 “
370 1692 429 1723 Sic
455 1697 490 1722 et
515 1692 554 1723 A.
579 1702 610 1723 2.

144 1735 303 1772 Πάντων
320 1736 577 1772 Edd.ma1e.⁴‘

110 1830 249 1871 Herm.
284 1830 480 1884 Quonam
504 1829 615 1868 illo?

111 1888 211 1940 Lyc.
263 1886 494 1928 Judicandi
533 1885 716 1940 quodam

59 1954 102 1985 et
119 1944 370 1998 explorandi
394 1952 620 1997 apparatu,
652 1943 716 1980 in-

64 2001 189 2056 genio
228 2010 381 2050 acuto,
428 2000 717 2053 intelligentia

63 2067 258 2097 accurata
277 2068 318 2096 et
339 2058 599 2108 incorrupta,
617 2069 718 2108 qua-

63 2116 144 2153 lem
177 2114 376 2151 nimirum
407 2122 579 2165 oportet
609 2126 722 2162 esse,

67 2184 174 2222 quae
196 2169 326 2207 tantis
346 2169 396 2207 de
418 2169 540 2208 rebus
563 2168 725 2221 judica-

68 2236 162 2265 tura
202 2226 282 2263 sit:
335 2225 522 2278 alioquin
568 2225 726 2264 frustra

70 2282 210 2321 omnia
232 2281 419 2334 inspecta
440 2281 614 2319 fuerint.
633 2281 726 2318 Tri-

66 2337 281 2378 buendum
319 2351 442 2391 ergo,
491 2337 574 2382 ait,
626 2336 728 2375 huic

69 2395 195 2435 etiam
230 2404 394 2446 tempus
418 2406 502 2431 non
527 2406 725 2444 parvum,

70 2461 136 2502 et,
185 2451 229 2489 in
272 2449 455 2489 medium
494 2449 728 2501 propositis

75 2507 287 2555 omnibus,
320 2505 571 2545 electionem
593 2505 651 2541 ita
670 2504 731 2542 fa-

75 2563 295 2611 ciendam,
338 2571 388 2600 ut
417 2564 593 2600 multum
625 2575 733 2598 cun-

79 2620 217 2670 cteris,
249 2629 375 2672 teque
397 2618 622 2667 sustineas,
650 2631 735 2658 sae-

81 2688 134 2727 pe
164 2674 461 2723 considerans3
521 2689 599 2714 nec
628 2684 739 2714 aeta-

83 2739 167 2770 tem
187 2733 549 2786 uniuscujusque,
583 2731 658 2785 qui
678 2731 739 2770 di-

682 1691 724 1731 x)
761 1687 940 1733 πάντα]
967 1701 1036 1733 „ex
1057 1691 1110 1722 Μ.
1132 1691 1228 1723 etL
1250 1691 1432 1724 dedimus.

623 1738 674 1781 y)
701 1734 917 1780 ἐπιδεῖν]
941 1760 985 1780 ,,
973 1735 1030 1771 ἐπὶ
1050 1737 1126 1770 δεῖν
1144 1736 1336 1770 discretim
1357 1739 1438 1771 sola

776 1839 908 1880 cunt,
949 1844 1086 1882 neque
1114 1828 1332 1877 habitum,
1365 1840 1439 1868 aut

777 1887 952 1941 gloriam
983 1886 1219 1938 sapientiae
1253 1900 1440 1926 leverea-

775 1944 856 1993 ris,
906 1942 977 1982 sed
1004 1953 1052 1980 ut
1086 1943 1440 1994 Areopaoitarum

776 2003 891 2039 m‘ore
924 2000 1004 2037 hoc
1034 2013 1155 2053 agas,
1203 1999 1277 2050 qui
1308 2012 1442 2038 noctu

777 2066 819 2096 et
857 2058 898 2094 in
929 2055 1112 2095 tenebris
1138 2054 1357 2107 judicant,
1389 2071 1442 2095 ne

783 2112 834 2151 ad
858 2113 962 2162 hos,
997 2112 1069 2166 qui
1094 2111 1264 2163 dicunt,
1297 2112 1369 2150 sed
1390 2112 1443 2150 ad

783 2184 854 2215 ea,
903 2184 1008 2224 quae
1039 2168 1260 2218 dicuntur,
1310 2170 1444 2221 respi-

784 2227 922 2265 ciant:
975 2236 1063 2264 tum
1098 2225 1262 2263 demum
1292 2225 1444 2276 licere,

785 2292 883 2335 post
902 2282 1058 2320 firmam
1073 2282 1336 2332 electionem,
1352 2281 1449 2334 phi-

785 2338 1018 2390 lowphari.

845 2396 982 2435 Herm.
1031 2395 1135 2433 Post
1169 2393 1282 2431 hanc
1320 2393 1449 2432 vitam

786 2465 948 2503 nempe.
1009 2450 1224 2502 Quantum
1245 2449 1355 2488 enim
1380 2466 1452 2489 au-

791 2507 881 2554 dio,
929 2508 1089 2545 nullius
1116 2506 1335 2544 hominum
1362 2508 1452 2545 vita

792 2563 1035 2613 suffecerit,
1066 2573 1114 2601 ut
1137 2562 1187 2600 ad
1211 2578 1353 2602 omues
1376 2578 1454 2602 ve-

794 2619 982 2669 niamus,
1031 2629 1072 2657 et
1110 2634 1453 2673 unumquemque

797 2686 992 2715 accurate
1033 2676 1334 2728 inspiciamus,
1384 2677 1456 2713 in-

799 2742 986 2785 spectum
1015 2731 1277 2785 judicemus,
1317 2733 1457 2787 eliga-

1322 940 1331 956 ,
1367 903 1421 954 ὦς
1433 924 1470 956 p.
1484 909 1564 950 306.
