1834 3188
426 182 1230 216 Ixnssnmo'rrmum.
1468 169 1568 215 469

107 283 176 323 An
203 282 336 337 igitur
371 282 609 331 dubitavit,
659 297 758 321 num
789 284 922 336 ἕνχέας
945 281 1135 334 (ἐγχέας)
1168 278 1433 334 praestaret?
1467 279 1567 332 quia

107 342 279 396 infusam
300 343 340 378 in
368 343 597 379 mortarium
624 357 768 394 aquam
792 350 902 379 recte
930 339 1124 378 vertitur.
1185 336 1269 378 Sed
1298 335 1407 373 nihil
1431 350 1564 388 opus:

105 410 203 434 nam
225 410 333 448 aqua
353 397 471 449 prius
496 397 666 435 aliunde
691 397 948 440 effunditur,
981 405 1079 435 ante
1099 409 1221 448 quam
1245 391 1499 430 infundatur
1521 393 1567 429 in

105 453 366 491 mortarium.
427 453 518 492 Nec
551 452 780 507 quidquam
814 453 916 490 novi
941 461 1029 500 est,
1063 449 1424 504 praepositionem
1447 448 1567 502 sequi

106 509 361 547 contrariam
385 509 472 558 illi,
508 524 600 547 cum
621 523 699 563 qua
722 508 892 547 verbum
918 519 981 547 est
1003 509 1303 561 compositum.
1363 505 1435 545 Sic
1454 505 1567 544 enim

106 579 233 617 supra
253 566 370 604 Dial.
395 565 584 604 omnium
615 565 751 618 primo
775 564 812 618 ᾖ.
836 568 901 608 15.
926 564 1028 618 πρὸς
1047 565 1091 618 μὲ
1112 563 1338 612 ἀπιδοῦσα,
1370 561 1445 599 ubi
1466 558 1570 614 πρὸς

105 631 147 660 et
170 617 250 663 ἇπὸ
274 621 329 659 acl
353 633 393 660 et
413 622 462 660 ab
486 632 622 661 tamen
647 625 912 675 junguntur,
943 624 1010 660 vel
1034 622 1177 673 potius
1209 633 1296 658 sese
1328 617 1567 671 excipiunt.

103 677 176 715 Sic
198 678 373 717 Latinis
405 681 551 716 oculos
574 677 762 717 omnium
783 677 826 715 in
849 692 892 716 se
916 680 1053 716 avertit
1074 687 1116 716 et
1137 677 1303 715 advertit
1322 673 1416 713 eod.
1442 688 1568 712 sensu

106 733 288 784 dicitur,
323 734 466 787 (quod
487 737 567 787 jam
602 733 786 773 diximus
815 734 859 771 in
885 735 1032 772 libello
1057 744 1204 772 nostro
1227 733 1277 770 de
1299 729 1567 785 Ambiguis,)

103 790 173 828 Ita
194 790 280 830 fere
300 790 351 829 de
370 792 515 829 Domo
537 806 569 831 c,
590 797 627 834 3.
652 792 682 830 f.
714 795 912 832 λαλοῦσαν
931 792 972 831 ἐκ
986 795 1068 831 τῶν
1087 794 1241 843 πετρῶν
1263 790 1442 829 ἔνδοθεν.
1473 787 1568 826 Aw-

103 849 204 887 rian.
226 845 276 885 de
301 846 466 899 Exped.
487 848 608 888 Alex.
630 853 679 894 2,
705 855 740 891 1.
775 849 815 895 ἐς
834 849 1100 888 Μακεδονίαν
1124 844 1390 897 ἀποστρέψων
1407 843 1477 885 τὸν
1496 841 1570 885 πό-

101 908 234 956 λεμον.
278 903 364 941 Ubi
384 905 440 951 εἰς
458 913 499 942 et
518 901 596 945 ἀπὸ
618 918 791 957 quoque
810 913 911 942 sunt
934 903 1156 956 opposita;
1191 902 1262 940 sed
1283 916 1359 954 pro
1380 898 1570 952 ἀποστρέ-

102 971 199 1011 ψων
222 958 348 997 etiam
370 961 621 1013 ἐπιστρέψων
645 960 730 999 dici
761 970 930 1014 posset,
965 960 1122 1013 exiguo
1147 957 1318 1013 quidem
1349 955 1569 995 discrimi-

100 1030 169 1054 ne·
229 1016 296 1054 Ita
317 1017 500 1068 ἐκφέρειν
521 1020 577 1065 εἰς
597 1020 747 1070 δῆμον,
787 1018 922 1073 ςθὲννε
944 1019 985 1056 in
1003 1016 1163 1068 vulgus,
1199 1025 1359 1055 notum.
1402 1013 1566 1053 ΡιΕιΊ-Ζ.

102 1072 150 1113 Si
173 1072 391 1126 relegisset
414 1073 592 1113 Reiizius
613 1088 684 1124 ea,
717 1088 823 1127 quae
853 1073 1026 1112 solanus
1052 1072 1103 1110 ad
1122 1073 1231 1113 Pisc.
1257 1085 1292 1111 c.
1320 1074 1387 1114 24.
1424 1068 1571 1108 brevi-

99 1139 164 1168 ter
184 1128 354 1183 quidem
370 1159 380 1177 ,
414 1130 486 1168 sed
508 1131 609 1168 satis
637 1134 768 1179 clare,
803 1129 1056 1178 declaravit,
1100 1129 1280 1168 vidisset
1299 1128 1418 1165 illum
1439 1127 1570 1178 ἐκχέας

99 1185 141 1226 h.
164 1189 191 1225 l.
214 1186 414 1225 mendose
434 1187 637 1239 scriptum
660 1185 891 1239 judicasse,
922 1186 1004 1224 hoc
1030 1187 1124 1238 ipso
1146 1198 1243 1224 vero
1264 1186 1360 1222 loco
1382 1183 1483 1220 satis
1506 1196 1565 1220 re-

101 1243 257 1296 ligiose
275 1243 491 1281 monuisse
513 1243 626 1281 nihil
648 1243 693 1280 in
717 1242 826 1280 Edd.
850 1243 991 1281 variae
1011 1241 1211 1281 lectionis
1236 1239 1426 1291 reperiri.
1459 1239 1568 1276 Rec-

102 1308 144 1337 te
176 1308 312 1337 tamen
337 1298 514 1338 Reitzius
549 1299 793 1352 cuicunque
817 1298 1108 1338 emendationi
1139 1311 1230 1336 sese
1253 1296 1456 1349 opponit,
1487 1307 1567 1333 nec

99 1358 209 1393 male
234 1353 428 1394 defendit
454 1359 668 1410 vulgatam
689 1356 932 1395 lectionem.
965 1356 1124 1394 mer.

213 1411 318 1449 Ibicl.
354 1414 516 1453 Πτίττοι
543 1436 600 1443 -
628 1413 826 1463 πτίττων)
859 1411 1057 1460 Scholia,
1088 1413 1263 1452 πτίσσων
1291 1411 1356 1448 vel
1384 1409 1567 1449 πτίττων.

99 1468 165 1507 Μ.
189 1477 329 1505 autem
355 1467 426 1505 hic
453 1467 649 1520 πτήττων,
684 1479 726 1507 et
750 1483 876 1521 supra
897 1466 1073 1520 πτήττοι.
1135 1466 1264 1520 Quod
1290 1465 1565 1504 emendatio-

102 1540 197 1564 nem
216 1523 378 1562 Kasteri
403 1524 515 1576 apud
536 1525 701 1564 suidam
721 1525 764 1562 in
786 1524 836 1565 ἄν
854 1522 1004 1579 &wolffg
1026 1534 1104 1563 etc.
1139 1523 1307 1577 egregie
1329 1520 1564 1560 confirmat.

100 1581 201 1621 Vid.
238 1580 346 1619 Plut.
367 1585 464 1630 799,
491 1586 528 1623 2.
556 1582 756 1634 Impressi
782 1596 925 1620 omnes
948 1578 1071 1632 πλήττ
1099 1602 1166 1620 -·.
1201 1579 1372 1619 SOLAN.
1434 1578 1502 1615 Sic
1524 1585 1566 1615 et

101 1637 208 1676 Cod.
227 1642 350 1681 2954.
385 1637 468 1678 Sed
489 1637 663 1676 Codicis
684 1643 808 1681 3011.
834 1639 964 1676 lectio
998 1652 1019 1675 a
1040 1637 1182 1675 Belino
1201 1650 1288 1674 non
1321 1643 1563 1678 enarratur;

99 1694 236 1742 unde,
270 1695 306 1731 si
343 1693 393 1732 de
421 1694 554 1732 Beleni
581 1695 796 1733 constanti
828 1694 1101 1732 accuratione
1135 1701 1372 1737 constaret,
1414 1688 1563 1741 colligi

98 1759 265 1803 posset,
298 1749 526 1788 lectionem
550 1750 824 1798 Reitzicznam‚
860 1764 982 1801 quarn
1004 1747 1168 1788 Belinus
1194 1749 1317 1798 sequi
1336 1750 1468 1795 solet,
1501 1744 1564 1782 ibi

100 1806 354 1846 confirmari.
418 1805 643 1859 Quidquid
665 1807 744 1854 sit,
779 1806 1012 1845 certissima
1039 1814 1102 1843 est
1128 1804 1391 1842 scholiastae
1409 1801 1562 1850 lectio,

101 1878 225 1916 quam
249 1873 337 1901 tum
372 1862 546 1901 Codicis
575 1864 639 1901 M.
669 1860 851 1913 πτήττων
883 1871 924 1900 et
949 1859 1135 1914 πτήττοι,
1176 1870 1265 1898 tum
1301 1858 1447 1897 Suidae
1477 1871 1564 1895 VOX

98 1923 253 1961 πίσσων
272 1933 292 1957 3
316 1919 486 1958 Knstero
505 1919 691 1958 feliciter
711 1918 932 1957 emendata
947 1951 957 1967 ‚
989 1917 1252 1956 confirmant.
1312 1916 1395 1953 Pro
1413 1914 1562 1952 Lucia-

102 1993 194 2025 neo,
231 1973 282 2016 ἂν
301 1974 530 2032 ἆποβάλῃς,
564 1975 713 2014 Suiclas
732 1975 860 2014 refert
881 1972 930 2015 ὂῖν
947 1972 1124 2030 ἇπολῇς,
1154 1973 1332 2010 minimo
1353 1969 1563 2008 discrimi-

100 2048 166 2071 ne.
227 2033 322 2070 Hoc
356 2042 493 2071 autem
531 2032 714 2084 turpiter
747 2041 993 2083 corruptum
1023 2029 1164 2070 reddit
1191 2029 1379 2068 Erasmus
1401 2025 1560 2079 Adagg.

104 2088 218 2128 Chil.
248 2089 305 2126 ῙῙ.
331 2089 454 2129 Cent.
482 2093 517 2131 1.
541 2103 581 2126 n.
609 2092 677 2131 59.
702 2086 926 2136 ἆναπολεῖς,
959 2089 1120 2126 LEHM.

216 2144 316 2185 End.
340 2148 366 2184 l.
389 2151 452 2186 11.
499 2142 614 2185 Οὕτω
639 2145 709 2197 μὲν
735 2141 924 2199 ὄργῖλος)
963 2143 1144 2197 Quaerit
1174 2141 1420 2191 Lucianus,
1459 2154 1560 2177 num

103 2202 396 2241 Hermotimus
415 2211 592 2252 excepta
618 2200 890 2251 eruditione,
924 2201 1028 2240 velit
1047 2198 1309 2252 praeceptori
1335 2211 1412 2235 suo
1444 2194 1561 2233 simi-

102 2261 155 2297 lis
177 2272 288 2306 esse,
323 2255 425 2299 οὕτω
445 2258 514 2309 μὲν
538 2255 713 2310 ὀργῖλος,
747 2256 852 2298 οὕτω
871 2258 911 2300 δὲ
938 2255 1200 2310 μικρολόγος,
1241 2251 1343 2296 οὕτω
1373 2254 1413 2294 δὲ
1444 2250 1562 2303 φιλό-

98 2331 232 2362 νεικος
254 2312 330 2364 ὢν,
368 2314 436 2354 καὶ
457 2311 697 2370 φιλήδονος,
732 2311 781 2365 νὴ
802 2310 892 2364 Δί’,
926 2315 1047 2355 εἶκαὶ
1068 2312 1119 2365 μὴ
1139 2318 1222 2359 τοῖς
1250 2315 1412 2358 πολλοῖς
1435 2312 1559 2350 δοκεῖ.

105 2376 243 2413 ΕΡ-Μ.
268 2374 342 2412 τίσι
368 2387 435 2423 ’,ἐς
494 2374 626 2411 ΛΤΚ.
647 2367 922 2423 ώἙρμότιμε,
955 2371 1085 2417 θέλεις
1103 2366 1354 2421 διηγήσομαι.
1414 2366 1558 2403 Primo

100 2431 208 2468 male
227 2424 462 2480 μικρολόγος
479 2425 655 2465 vertitur
672 2427 726 2463 ila
745 2428 930 2476 minutus,
964 2441 1057 2464 cum
1078 2425 1132 2463 sit
1150 2423 1351 2472 sordidus,
1386 2435 1556 2466 avarus;

103 2485 201 2524 dein
225 2485 326 2537 quid
353 2483 633 2535 interrogatio
661 2485 737 2522 τίσι
758 2500 800 2534 γε
834 2483 914 2520 sibi
950 2482 1078 2528 velit,
1122 2495 1207 2520 non
1248 2479 1388 2519 video.
1447 2478 1558 2516 Nam

104 2556 197 2579 cum
220 2540 398 2579 dixisset
423 2539 663 2587 Lucianus,
698 2539 860 2577 velisne
891 2538 1154 2590 praeceptori
1179 2547 1253 2575 tuo
1276 2544 1437 2588 praeter
1457 2533 1557 2572 doc-

104 2597 256 2635 trinam
278 2596 428 2635 similis
454 2610 562 2644 esse,
607 2609 698 2632 cum
735 2595 790 2632 sit
817 2604 899 2632 tam
937 2592 1187 2643 iracundus,
1220 2602 1303 2631 tam
1333 2589 1553 2639 sordidus,

104 2662 189 2690 tam
223 2654 412 2701 rixosus,
457 2664 498 2690 et
528 2651 764 2703 voluptatis
795 2665 870 2702 per
897 2651 1043 2691 Jovem
1076 2664 1237 2698 amans,
1277 2649 1379 2687 licet
1409 2647 1553 2685 multis

104 2723 192 2747 non
223 2708 418 2750 videatur
447 2708 543 2750 talis
572 2707 693 2750 esse?
740 2706 885 2747 subdit
915 2706 1231 2748 Hermotimus}
1280 2705 1556 2761 Quibusnam?
