1834 3188
443 258 495 288 m
531 254 701 288 verme
738 256 1009 289 insi-onim
1045 256 1140 289 Lm.
1179 260 1210 289 1.
1459 247 1559 297 659

89 355 224 395 tionis
247 353 487 394 versionem
510 355 549 394 ei
573 354 802 408 adjicienS‚
834 368 887 396 ne
913 353 1018 396 mihi
1043 354 1173 396 nimis
1203 358 1401 399 sumsisse
1429 356 1560 400 dicar.

88 414 255 452 Rssth.
317 411 379 450 Ut
408 410 545 463 probo
578 409 806 452 lectionem
841 418 985 464 κῦτος,
1031 427 1155 466 quam
1186 425 1410 453 secuturus
1445 431 1556 456 eram

89 469 279 516 scilicet,
313 468 349 507 si
370 466 514 507 videre
541 467 649 506 mihi
672 466 952 522 contigisset,
994 468 1053 508 ita
1086 471 1301 525 vulgatam
1327 475 1447 522 κῆτος
1478 472 1557 511 ab-

87 524 256 564 surdam
280 539 365 563 non
391 533 511 576 puto.
574 524 710 577 Quem
740 527 852 565 enim
887 528 1041 579 piscem
1074 537 1223 576 antea,
1264 529 1401 582 qualis
1435 538 1555 568 extra

88 591 220 630 esset,
254 581 474 627 viderant,
510 580 714 630 eundern,
751 595 838 619 non
874 583 1002 621 alium
1036 581 1079 620 in
1109 583 1185 622 illo
1215 594 1377 634 cetum,
1419 586 1556 639 qualis

87 648 305 687 s1t1ntus
340 636 503 676 vident.
564 637 787 676 Caeterum
812 650 957 689 Juvat
997 638 1094 677 dum
1126 640 1206 678 ista
1237 650 1439 691 retracto,
1473 641 1557 679 ob-

89 709 278 740 servale,
321 708 473 732 nomen
507 710 628 742 κυτος
656 697 868 746 praeclare
891 695 1148 734 illusnatum
1172 711 1192 734 a
1215 695 1266 736 D
1298 697 1357 738 W.
1385 697 1555 738 Tn'Zlero

89 751 192 792 Obs
217 750 323 789 Crit.
350 765 390 803 p.
412 753 505 793 215.
530 749 604 788 ubi
625 749 734 788 idem
766 764 919 791 nomen
950 760 1062 791 recte
1094 751 1309 805 abjudicat
1332 753 1555 794 Heliodoro

87 807 289 860 Aethiop.
311 811 350 849 9.
374 821 415 858 Ρ.
438 810 531 850 445.
553 819 613 858 pr.
634 815 676 845 et
697 805 757 844 ibi
782 821 868 845 non
899 812 1018 855 κῦτος
1038 806 1146 849 ἅπαν
1165 806 1208 850 τὸ
1230 807 1450 861 ποτάμιον,
1482 809 1556 850 sed

81 864 230 903 Nilum
248 866 373 910 κῦδος
394 861 582 903 ἁπάντων
603 878 820 914 ποταμων,
853 861 1077 917 legendum
1103 879 1214 915 esse,
1248 863 1394 905 divine
1414 868 1557 919 conje-

85 922 165 969 cit,
198 922 326 967 κῦδος
348 921 439 970 ipse
463 921 559 972 μέγα
580 919 720 972 gentis
741 931 934 970 nostrae,
975 930 1016 959 et
1045 921 1367 973 Apollinearum
1400 921 1554 961 artium

83 977 273 1015 omnium
296 977 511 1028 singulare
535 986 843 1014 ornamentum.
877 977 1015 1016 Gnsx.
1080 982 1216 1029 Κῆτος
1246 977 1285 1017 h.
1308 978 1336 1016 l.
1370 979 1444 1016 vix
1474 977 1557 1018 de·—

79 1032 200 1072 feudi
223 1042 376 1084 potest.
435 1031 527 1072 Jam
555 1046 640 1069 non
663 1036 802 1081 κῦτος,
834 1033 907 1072 sed
927 1031 1073 1085 κύτος,
1106 1032 1392 1075 scribendum.
1451 1035 1554 1073 Non

81 1089 194 1127 enim
226 1088 407 1140 produci
442 1090 626 1140 priorem
655 1089 888 1139 syllabam,
932 1100 1006 1128 aut
1033 1090 1264 1142 ancipitem
1290 1103 1404 1140 esse,
1438 1089 1557 1143 quod

78 1144 258 1184 Reitzius
278 1154 432 1183 temere
452 1145 624 1192 sumsit,
658 1147 726 1182 vel
749 1144 849 1183 inde
878 1154 1018 1199 patet,
1053 1145 1167 1200 quod
1196 1160 1217 1183 a
1244 1145 1329 1186 κύω
1361 1146 1557 1198 proxime

82 1200 323 1251 descendit,
364 1201 548 1253 priorem
583 1201 868 1253 corripiente,
913 1216 1051 1254 neque
1086 1202 1191 1241 adeo
1228 1201 1279 1239 ad
1314 1203 1556 1256 analogiam

84 1258 390 1297 vocabulorum
415 1261 569 1309 μῦθος,
603 1264 732 1306 νῖκος,
767 1267 807 1296 et
830 1258 1061 1308 similium,
1093 1257 1266 1308 referri,
1298 1258 1383 1296 nisi
1404 1259 1454 1297 ab
1481 1259 1558 1297 im-

83 1315 250 1366 perito,
299 1323 451 1366 potest.
515 1314 773 1352 Constanter
809 1325 948 1353 aurem
989 1312 1197 1367 Euripides
1227 1324 1340 1353 certe
1371 1316 1556 1368 priorem

83 1370 307 1422 corripuit.
345 1370 440 1410 vid.
463 1370 612 1422 Suppl.
632 1374 806 1413 v.1209.
833 1370 955 1423 Cycl.
978 1376 1128 1415 v.397.
1147 1371 1243 1410 Ion.
1271 1383 1308 1413 v.
1332 1374 1401 1416 37.
1424 1381 1467 1412 et
1487 1374 1556 1417 39.

80 1427 235 1467 LEIIM.

193 1484 292 1536 Pag.
321 1488 416 1527 260-
438 1484 466 1521 l·
484 1488 522 1527 3.
556 1483 690 1539 Γοῦν)
728 1482 796 1522 Ita
829 1498 880 1523 ex
913 1483 1020 1522 Mss.
1049 1481 1185 1538 Regg.
1216 1485 1342 1527 2954.
1367 1492 1409 1523 et
1431 1488 1558 1529 3011.

80 1541 367 1593 expressimus
387 1554 464 1591 pro
491 1542 604 1593 vulg.
632 1540 731 1588 οὐν,
764 1550 813 1578 ut
836 1541 999 1579 vitetur
1021 1540 1178 1580 hiatus.
1209 1541 1306 1581 Bm,

193 1596 291 1650 Pag.
316 1601 410 1639 261.
433 1598 460 1636 l.
486 1602 525 1640 3.
553 1593 728 1648 Ὀξέως)
760 1595 1011 1636 Florcniinae
1031 1599 1129 1640 lect.
1151 1594 1262 1646 ὀξέος
1282 1596 1430 1635 malam
1452 1609 1556 1648 esse,

81 1652 168 1693 vid.
188 1668 286 1691 mox
309 1667 345 1691 e.
367 1658 434 1695 40.
458 1652 488 1691 f.
521 1653 691 1692 SOLAN.

190 1710 288 1761 Pag.
315 1715 408 1752 262,
430 1712 457 1749 1.
477 1714 515 1752 9.
557 1711 652 1761 Tor)
687 1707 803 1762 Quid
826 1706 930 1748 haec
952 1706 1159 1760 particula
1181 1721 1306 1762 saepe
1329 1705 1373 1746 in
1399 1707 1558 1748 oratio.

78 1780 154 1816 ne,
190 1765 311 1819 quasi
339 1780 674 1817 supervacanea,
709 1768 871 1812 valeat,
908 1775 1046 1802 tamen
1072 1779 1160 1803 non
1183 1765 1352 1818 ignoro.
1393 1765 1450 1802 At
1474 1764 1558 1805 hoc

81 1821 278 1877 quidem
268 1836 311 1859 m
332 1825 430 1860 loco
450 1821 673 1875 legendum
698 1835 848 1858 censeo
871 1836 944 1862 σοι.
978 1822 1147 1860 Soron.
1209 1821 1309 1859 Non
1334 1822 1556 1865 assentior.

81 1878 281 1932 Quotie8‚
314 1879 349 1916 si
373 1879 452 1916 ista
479 1876 714 1931 castioandi
740 1877 849 1914 ratio
871 1879 1044 1923 valeret,
1077 1877 1120 1914 in
1147 1874 1418 1930 Xenophonte,
1441 1878 1558 1916 aliis·

83 1951 163 1989 que
191 1935 348 1988 primae
378 1935 523 1972 classis
557 1933 861 1986 scriptoribus,
904 1932 1155 1986 corrigenda
1190 1934 1335 1972 forent
1369 1932 1442 1986 ἐγώ
1471 1951 1555 1985 τοι,

82 1990 171 2035 ἀλλ’
201 1989 275 2045 ἐγώ
302 2009 386 2041 τοι,
416 1989 489 2045 ἐγώ
515 2008 589 2045 γαρ
622 2007 705 2039 τοι,
740 1998 781 2028 et
806 2003 912 2058 quae
937 1988 1003 2026 his
1039 1999 1139 2027 sunt
1163 1987 1330 2038 affinia,
1361 1987 1472 2042 ημεῐς
1495 2006 1558 2032 τοι

81 2061 159 2091 ete.
194 2049 237 2086 in
258 2048 411 2102 quibus
442 2057 482 2087 et
515 2057 707 2086 nostrum
731 2047 797 2088 καὶ
815 2043 930 2099 ημεῑς
948 2062 1031 2092 τοι,
1066 2057 1100 2084 et
1123 2061 1194 2085 nos
1215 2045 1395 2100 quidem,
1426 2057 1461 2085 et
1487 2062 1558 2087 nos

80 2108 226 2161 utique.
257 2106 414 2146 met.

194 2160 297 2200 Eacl.
320 2164 346 2203 l
374 2166 436 2203 10.
467 2152 591 2201 Αυττὸ
613 2173 768 2210 σκαφει
796 2182 853 2190 -—-
882 2155 1208 2211 καταποθέντες)
1239 2157 1323 2197 Pro
1354 2172 1427 2200 συν
1450 2153 1558 2216 αὐτῷ

84 2217 241 2272 σκάφει
301 2218 367 2256 Ita
397 2231 605 2287 quoque
589 2216 774 2269 Alciplzr.
797 2217 1063 2284 1.Ep.2.p
1091 2220 1153 2257 12.
1179 2212 1298 2266 ἆφεις
1318 2213 1361 2256 τὸ
1386 2220 1558 2268 φορτίον

84 2275 220 2323 αὐτοῖς
245 2273 431 2324 ιχθύσιν,
465 2270 583 2324 αφεὶς
610 2273 669 2314 δὲ·
682 2276 747 2314 καὶ
774 2271 881 2325 ημᾶς
911 2290 1019 2322 avi-sp
1045 2276 1100 2327 τῷ
1130 2269 1288 2322 σκάφει.
1347 2270 1414 2309 Ad
1447 2285 1554 2325 quae

82 2334 208 2374 verba
235 2329 406 2384 Bergler
428 2331 547 2382 plura
580 2329 737 2368 similia
767 2329 930 2377 adfert,
973 2342 1080 2381 quae
1115 2341 1192 2365 nec
1223 2337 1436 2380 repetam,
1477 2341 1555 2367 nec

85 2390 266 2444 augebo,
300 2387 398 2442 quia
422 2387 732 2427 nota.Pn1;mz.
792 2384 851 2424 Et
870 2384 1017 2423 nihil
1006 2383 1249 2422 mLuciano
1273 2384 1554 2441 frequentius.

81 2450 241 2488 Lssnm.

197 2502 294 2555 Peg.
317 2505 412 2543 263
438 2500 464 2540 l
488 2504 526 2544 3.
568 2502 639 2547 Τε)
674 2495 929 2538 Deficiens
919 2511 963 2535 m
984 2494 1094 2536 Edd.
1114 2510 1155 2538 τε
1181 2492 1475 2549 supplevimus
1503 2509 1557 2536 ex

85 2562 192 2601 Mss.
212 2560 346 2610 Regg.
373 2559 496 2599 2954.
523 2566 563 2594 et
586 2560 709 2599 3011.
734 2564 909 2627 propter
930 2566 1111 2605 sequens
1134 2555 1214 2593 καί.
1247 2552 1344 2591 Bw.

198 2615 301 2654 Ibicl
332 2611 384 2653 Ο
411 2613 449 2653 ὁὲ
464 2643 474 2661 ,
509 2610 558 2654 οὕ
579 2612 796 2663 πρότερον,
829 2611 933 2662 ἔφη,
967 2611 1026 2663 ἐρ
1015 2615 1069 2650 ῖν
1088 2618 1164 2648 etc.
1178 2611 1195 2658 )
1227 2608 1264 2646 A
1286 2620 1417 2660 scopo
1441 2605 1559 2647 aber-

85 2672 220 2723 ravit,
251 2671 325 2724 qui
346 2668 447 2708 haec
469 2670 525 2706 ita
557 2667 795 2707 transtulit.
830 2664 897 2705 ille
916 2682 1024 2713 ver,o
1056 2681 1132 2704 non
1158 2667 1269 2718 prius
1301 2663 1455 2713 dicam,
1492 2665 1556 2702 in⁴

86 2729 202 2782 quit,
240 2744 309 2767 nec
329 2726 551 2780 intelligetis
570 2742 622 2764 cx
644 2741 725 2773 me,
758 2739 876 2778 qnam
908 2722 1076 2776 hospitio
1106 2722 1262 2774 excepti
1291 2721 1558 2774 praesentibus

86 2784 419 2842 bonisfi·uamini.
452 2759 636 2823 OSensus
659 2791 743 2822 est:
776 2779 845 2822 ille
866 2794 954 2819 vero
984 2779 1138 2832 negavit
1165 2794 1205 2816 se
1234 2777 1558 2828 dictu1um,aut

1149 2835 1279 2877 Tt2
