<?xml version="1.0" encoding="UTF-8"?>
<!DOCTYPE html PUBLIC "-//W3C//DTD XHTML 1.0 Transitional//EN"
    "http://www.w3.org/TR/xhtml1/DTD/xhtml1-transitional.dtd">
<html xmlns="http://www.w3.org/1999/xhtml" xml:lang="en" lang="en">
 <head>
  <title>
</title>
<meta http-equiv="Content-Type" content="text/html;charset=utf-8" />
  <meta name='ocr-system' content='tesseract 3.04.00' />
  <meta name='ocr-capabilities' content='ocr_page ocr_carea ocr_par ocr_line ocrx_word'/>
</head>
<body>
  <div class='ocr_page' id='page_1' title='image "./operagraecaetlat04luciuoft_0709.png"; bbox 0 0 1834 3188; ppageno 0'>
   <div class='ocr_carea' id='block_1_1' title="bbox 462 201 1574 246">
    <p class='ocr_par' dir='ltr' id='par_1_1' title="bbox 462 201 1574 246">
     <span class='ocr_line' id='line_1_1' title="bbox 462 201 1574 246; baseline 0.005 -6"><span class='ocrx_word' id='word_1_1' title='bbox 462 210 513 240; x_wconf 87' lang='lat' dir='ltr'>lN</span> <span class='ocrx_word' id='word_1_2' title='bbox 551 207 714 240; x_wconf 75' lang='lat' dir='ltr'>vssnAE</span> <span class='ocrx_word' id='word_1_3' title='bbox 751 208 1022 240; x_wconf 66' lang='lat' dir='ltr'>ins-Tolum:</span> <span class='ocrx_word' id='word_1_4' title='bbox 1059 212 1152 242; x_wconf 76' lang='lat' dir='ltr'>Lm.</span> <span class='ocrx_word' id='word_1_5' title='bbox 1192 214 1222 242; x_wconf 69' lang='grc' dir='ltr'>ι.</span> <span class='ocrx_word' id='word_1_6' title='bbox 1478 201 1574 246; x_wconf 87' lang='grc'>661</span> 
     </span>
    </p>
   </div>
   <div class='ocr_carea' id='block_1_2' title="bbox 80 307 1578 1939">
    <p class='ocr_par' dir='ltr' id='par_1_2' title="bbox 105 307 1578 1041">
     <span class='ocr_line' id='line_1_2' title="bbox 112 307 1578 363; baseline -0.003 -14"><span class='ocrx_word' id='word_1_7' title='bbox 112 310 225 350; x_wconf 87' lang='lat' dir='ltr'>ratio</span> <span class='ocrx_word' id='word_1_8' title='bbox 264 307 591 361; x_wconf 86' lang='lat' dir='ltr'>compositionis</span> <span class='ocrx_word' id='word_1_9' title='bbox 614 307 742 360; x_wconf 87' lang='lat' dir='ltr'>hujus</span> <span class='ocrx_word' id='word_1_10' title='bbox 767 308 886 346; x_wconf 86' lang='lat' dir='ltr'>vocis</span> <span class='ocrx_word' id='word_1_11' title='bbox 911 307 1051 362; x_wconf 79' lang='lat' dir='ltr'>quae?</span> <span class='ocrx_word' id='word_1_12' title='bbox 1090 307 1245 346; x_wconf 87' lang='lat' dir='ltr'>Triton</span> <span class='ocrx_word' id='word_1_13' title='bbox 1276 307 1455 362; x_wconf 84' lang='lat' dir='ltr'>fingitur</span> <span class='ocrx_word' id='word_1_14' title='bbox 1485 310 1578 363; x_wconf 83' lang='lat' dir='ltr'>qui-</span> 
     </span>
     <span class='ocr_line' id='line_1_3' title="bbox 110 364 1573 418; baseline 0 -13"><span class='ocrx_word' id='word_1_15' title='bbox 110 366 203 406; x_wconf 88' lang='lat' dir='ltr'>dem</span> <span class='ocrx_word' id='word_1_16' title='bbox 225 373 458 404; x_wconf 87' lang='lat' dir='ltr'>monstrum</span> <span class='ocrx_word' id='word_1_17' title='bbox 479 365 684 401; x_wconf 87' lang='lat' dir='ltr'>marinum</span> <span class='ocrx_word' id='word_1_18' title='bbox 699 396 709 412; x_wconf 87' lang='lat'>‚</span> <span class='ocrx_word' id='word_1_19' title='bbox 743 364 961 417; x_wconf 79' lang='lat' dir='ltr'>superiore</span> <span class='ocrx_word' id='word_1_20' title='bbox 982 374 1100 418; x_wconf 83' lang='lat' dir='ltr'>parte</span> <span class='ocrx_word' id='word_1_21' title='bbox 1124 364 1338 403; x_wconf 83' lang='lat' dir='ltr'>hominem</span> <span class='ocrx_word' id='word_1_22' title='bbox 1365 366 1573 417; x_wconf 86' lang='lat' dir='ltr'>referens,</span> 
     </span>
     <span class='ocr_line' id='line_1_4' title="bbox 108 419 1574 475; baseline 0.001 -14"><span class='ocrx_word' id='word_1_23' title='bbox 108 423 181 462; x_wconf 85' lang='lat' dir='ltr'>sed</span> <span class='ocrx_word' id='word_1_24' title='bbox 208 423 356 475; x_wconf 79' lang='grc' dir='ltr'><em>μένδης</em></span> <span class='ocrx_word' id='word_1_25' title='bbox 385 430 447 459; x_wconf 89' lang='lat' dir='ltr'>est</span> <span class='ocrx_word' id='word_1_26' title='bbox 469 419 636 470; x_wconf 83' lang='lat' dir='ltr'>hircus,</span> <span class='ocrx_word' id='word_1_27' title='bbox 669 421 761 459; x_wconf 87' lang='lat' dir='ltr'>sive</span> <span class='ocrx_word' id='word_1_28' title='bbox 792 422 882 473; x_wconf 86' lang='lat' dir='ltr'>ipse</span> <span class='ocrx_word' id='word_1_29' title='bbox 901 422 1004 461; x_wconf 88' lang='lat' dir='ltr'>Pan.</span> <span class='ocrx_word' id='word_1_30' title='bbox 1065 420 1176 460; x_wconf 90' lang='lat' dir='ltr'><strong>Vide</strong></span> <span class='ocrx_word' id='word_1_31' title='bbox 1199 421 1394 462; x_wconf 69' lang='lat' dir='ltr'>Her-odoi.</span> <span class='ocrx_word' id='word_1_32' title='bbox 1416 421 1490 462; x_wconf 86' lang='lat' dir='ltr'>lib.</span> <span class='ocrx_word' id='word_1_33' title='bbox 1514 422 1574 462; x_wconf 90' lang='lat' dir='ltr'>II.</span> 
     </span>
     <span class='ocr_line' id='line_1_5' title="bbox 110 477 1576 532; baseline 0 -14"><span class='ocrx_word' id='word_1_34' title='bbox 110 494 146 518; x_wconf 90' lang='lat' dir='ltr'>c.</span> <span class='ocrx_word' id='word_1_35' title='bbox 167 484 234 523; x_wconf 87' lang='lat'>46.</span> <span class='ocrx_word' id='word_1_36' title='bbox 257 488 298 518; x_wconf 90' lang='lat' dir='ltr'>et</span> <span class='ocrx_word' id='word_1_37' title='bbox 319 477 496 517; x_wconf 75' lang='lat' dir='ltr'>Suiclam.</span> <span class='ocrx_word' id='word_1_38' title='bbox 557 477 678 515; x_wconf 87' lang='lat' dir='ltr'>Mihi</span> <span class='ocrx_word' id='word_1_39' title='bbox 707 490 794 515; x_wconf 90' lang='lat' dir='ltr'>non</span> <span class='ocrx_word' id='word_1_40' title='bbox 824 478 982 530; x_wconf 84' lang='lat' dir='ltr'>liquet:</span> <span class='ocrx_word' id='word_1_41' title='bbox 1015 487 1221 530; x_wconf 88' lang='lat' dir='ltr'>quaerant</span> <span class='ocrx_word' id='word_1_42' title='bbox 1252 478 1396 517; x_wconf 87' lang='lat' dir='ltr'>otiosi.</span> <span class='ocrx_word' id='word_1_43' title='bbox 1457 478 1576 532; x_wconf 80' lang='lat' dir='ltr'>Quid</span> 
     </span>
     <span class='ocr_line' id='line_1_6' title="bbox 108 533 1576 589; baseline 0.001 -17"><span class='ocrx_word' id='word_1_44' title='bbox 108 536 219 574; x_wconf 92' lang='lat' dir='ltr'>enim</span> <span class='ocrx_word' id='word_1_45' title='bbox 243 536 386 589; x_wconf 77' lang='grc' dir='ltr'><em>μένόης</em></span> <span class='ocrx_word' id='word_1_46' title='bbox 411 548 503 571; x_wconf 90' lang='lat' dir='ltr'>cum</span> <span class='ocrx_word' id='word_1_47' title='bbox 533 533 718 587; x_wconf 66' lang='lat' dir='ltr'>xiphian,</span> <span class='ocrx_word' id='word_1_48' title='bbox 753 543 826 571; x_wconf 90' lang='lat' dir='ltr'>aut</span> <span class='ocrx_word' id='word_1_49' title='bbox 856 534 980 572; x_wconf 89' lang='lat' dir='ltr'>etiam</span> <span class='ocrx_word' id='word_1_50' title='bbox 1007 535 1114 584; x_wconf 83' lang='lat' dir='ltr'>fele,</span> <span class='ocrx_word' id='word_1_51' title='bbox 1145 534 1181 573; x_wconf 87' lang='lat' dir='ltr'>si</span> <span class='ocrx_word' id='word_1_52' title='bbox 1204 533 1247 573; x_wconf 87' lang='lat' dir='ltr'>id</span> <span class='ocrx_word' id='word_1_53' title='bbox 1268 535 1414 585; x_wconf 81' lang='lat' dir='ltr'>malis,</span> <span class='ocrx_word' id='word_1_54' title='bbox 1446 534 1576 574; x_wconf 82' lang='lat' dir='ltr'>habet</span> 
     </span>
     <span class='ocr_line' id='line_1_7' title="bbox 108 590 1575 643; baseline 0 -13"><span class='ocrx_word' id='word_1_55' title='bbox 108 591 367 630; x_wconf 81' lang='lat' dir='ltr'>commune?</span> <span class='ocrx_word' id='word_1_56' title='bbox 401 591 578 630; x_wconf 56' lang='lat' dir='ltr'>GnAx-:xn</span> <span class='ocrx_word' id='word_1_57' title='bbox 646 592 1013 642; x_wconf 75' lang='grc' dir='ltr'><em>Τριτωνομένδητες</em></span> <span class='ocrx_word' id='word_1_58' title='bbox 1049 590 1280 643; x_wconf 82' lang='lat' dir='ltr'>appellatio</span> <span class='ocrx_word' id='word_1_59' title='bbox 1313 591 1491 629; x_wconf 87' lang='lat' dir='ltr'>monstri</span> <span class='ocrx_word' id='word_1_60' title='bbox 1522 606 1575 631; x_wconf 84' lang='lat' dir='ltr'>ex</span> 
     </span>
     <span class='ocr_line' id='line_1_8' title="bbox 108 646 1576 700; baseline 0.002 -14"><span class='ocrx_word' id='word_1_61' title='bbox 108 650 312 695; x_wconf 81' lang='lat' dir='ltr'>Tritone,</span> <span class='ocrx_word' id='word_1_62' title='bbox 346 646 509 684; x_wconf 89' lang='lat' dir='ltr'>marino</span> <span class='ocrx_word' id='word_1_63' title='bbox 528 646 715 694; x_wconf 87' lang='lat' dir='ltr'>homine,</span> <span class='ocrx_word' id='word_1_64' title='bbox 748 656 790 684; x_wconf 87' lang='lat' dir='ltr'>et</span> <span class='ocrx_word' id='word_1_65' title='bbox 809 647 928 685; x_wconf 84' lang='lat' dir='ltr'>hirco</span> <span class='ocrx_word' id='word_1_66' title='bbox 953 648 1196 699; x_wconf 79' lang='lat' dir='ltr'>compositi,</span> <span class='ocrx_word' id='word_1_67' title='bbox 1232 660 1354 700; x_wconf 89' lang='lat' dir='ltr'>quem</span> <span class='ocrx_word' id='word_1_68' title='bbox 1381 649 1576 700; x_wconf 81' lang='grc' dir='ltr'><em>Μένδητα</em></span> 
     </span>
     <span class='ocr_line' id='line_1_9' title="bbox 108 702 1574 758; baseline 0.002 -15"><span class='ocrx_word' id='word_1_69' title='bbox 108 719 198 744; x_wconf 84' lang='lat' dir='ltr'>esse</span> <span class='ocrx_word' id='word_1_70' title='bbox 217 706 312 758; x_wconf 83' lang='lat' dir='ltr'>Agy</span> <span class='ocrx_word' id='word_1_71' title='bbox 318 703 443 757; x_wconf 85' lang='lat' dir='ltr'>ptiis‚</span> <span class='ocrx_word' id='word_1_72' title='bbox 475 713 622 741; x_wconf 83' lang='lat' dir='ltr'>notum</span> <span class='ocrx_word' id='word_1_73' title='bbox 643 718 694 742; x_wconf 82' lang='lat' dir='ltr'>ex</span> <span class='ocrx_word' id='word_1_74' title='bbox 715 702 936 743; x_wconf 76' lang='lat' dir='ltr'>Herodom.</span> <span class='ocrx_word' id='word_1_75' title='bbox 997 703 1078 743; x_wconf 89' lang='lat' dir='ltr'>Sed</span> <span class='ocrx_word' id='word_1_76' title='bbox 1098 703 1200 757; x_wconf 86' lang='lat' dir='ltr'>quid</span> <span class='ocrx_word' id='word_1_77' title='bbox 1223 703 1274 741; x_wconf 82' lang='lat' dir='ltr'>ad</span> <span class='ocrx_word' id='word_1_78' title='bbox 1300 702 1574 758; x_wconf 71' lang='grc' dir='ltr'>Ῑιυησγαλεώ-</span> 
     </span>
     <span class='ocr_line' id='line_1_10' title="bbox 108 758 1571 814; baseline -0.001 -13"><span class='ocrx_word' id='word_1_79' title='bbox 108 779 204 813; x_wconf 85' lang='grc' dir='ltr'><em>της,</em></span> <span class='ocrx_word' id='word_1_80' title='bbox 237 762 326 799; x_wconf 86' lang='lat' dir='ltr'>sive</span> <span class='ocrx_word' id='word_1_81' title='bbox 346 758 559 798; x_wconf 73' lang='lat' dir='ltr'>stellionem</span> <span class='ocrx_word' id='word_1_82' title='bbox 583 759 712 808; x_wconf 86' lang='lat' dir='ltr'>dicas,</span> <span class='ocrx_word' id='word_1_83' title='bbox 741 759 978 814; x_wconf 83' lang='lat' dir='ltr'>sivefelem‚</span> <span class='ocrx_word' id='word_1_84' title='bbox 1011 761 1102 799; x_wconf 86' lang='lat' dir='ltr'>sive</span> <span class='ocrx_word' id='word_1_85' title='bbox 1123 759 1325 798; x_wconf 75' lang='lat' dir='ltr'>mustelam</span> <span class='ocrx_word' id='word_1_86' title='bbox 1348 759 1571 814; x_wconf 81' lang='lat' dir='ltr'>denique?</span> 
     </span>
     <span class='ocr_line' id='line_1_11' title="bbox 106 815 1573 872; baseline 0.002 -16"><span class='ocrx_word' id='word_1_87' title='bbox 106 818 257 872; x_wconf 82' lang='lat' dir='ltr'>Itaque</span> <span class='ocrx_word' id='word_1_88' title='bbox 277 826 442 865; x_wconf 79' lang='lat' dir='ltr'>metuo,</span> <span class='ocrx_word' id='word_1_89' title='bbox 475 830 526 853; x_wconf 88' lang='lat' dir='ltr'>ne</span> <span class='ocrx_word' id='word_1_90' title='bbox 550 815 621 854; x_wconf 85' lang='lat' dir='ltr'>hic</span> <span class='ocrx_word' id='word_1_91' title='bbox 645 817 770 854; x_wconf 88' lang='lat' dir='ltr'>etiam</span> <span class='ocrx_word' id='word_1_92' title='bbox 793 818 942 855; x_wconf 87' lang='lat' dir='ltr'>lacuna</span> <span class='ocrx_word' id='word_1_93' title='bbox 965 818 1045 867; x_wconf 87' lang='lat' dir='ltr'>sit,</span> <span class='ocrx_word' id='word_1_94' title='bbox 1077 826 1126 855; x_wconf 87' lang='lat' dir='ltr'>ut</span> <span class='ocrx_word' id='word_1_95' title='bbox 1146 815 1273 855; x_wconf 85' lang='lat' dir='ltr'>modo</span> <span class='ocrx_word' id='word_1_96' title='bbox 1303 816 1414 855; x_wconf 85' lang='lat' dir='ltr'>circa</span> <span class='ocrx_word' id='word_1_97' title='bbox 1440 815 1573 871; x_wconf 76' lang='grc' dir='ltr'><em>Ἀερο-</em></span> 
     </span>
     <span class='ocr_line' id='line_1_12' title="bbox 106 848 1574 928; baseline 0.002 -18"><span class='ocrx_word' id='word_1_98' title='bbox 106 873 283 928; x_wconf 72' lang='grc' dir='ltr'><strong><em>κόρακας</em></strong></span> <span class='ocrx_word' id='word_1_99' title='bbox 317 848 585 910; x_wconf 59' lang='lat' dir='ltr'>obser’vatum</span> <span class='ocrx_word' id='word_1_100' title='bbox 617 881 693 911; x_wconf 84' lang='lat' dir='ltr'>est.</span> <span class='ocrx_word' id='word_1_101' title='bbox 733 871 871 912; x_wconf 73' lang='lat' dir='ltr'>GESN.</span> <span class='ocrx_word' id='word_1_102' title='bbox 932 873 1035 912; x_wconf 90' lang='lat' dir='ltr'>Non</span> <span class='ocrx_word' id='word_1_103' title='bbox 1070 887 1176 924; x_wconf 91' lang='lat' dir='ltr'>opus</span> <span class='ocrx_word' id='word_1_104' title='bbox 1210 881 1273 910; x_wconf 85' lang='lat' dir='ltr'>est</span> <span class='ocrx_word' id='word_1_105' title='bbox 1300 871 1384 911; x_wconf 88' lang='lat' dir='ltr'>hoc</span> <span class='ocrx_word' id='word_1_106' title='bbox 1415 872 1574 913; x_wconf 76' lang='lat' dir='ltr'>Gesner-i</span> 
     </span>
     <span class='ocr_line' id='line_1_13' title="bbox 106 927 1570 982; baseline -0.001 -12"><span class='ocrx_word' id='word_1_107' title='bbox 106 941 222 970; x_wconf 86' lang='lat' dir='ltr'>metu</span> <span class='ocrx_word' id='word_1_108' title='bbox 243 941 382 981; x_wconf 87' lang='lat' dir='ltr'>neque</span> <span class='ocrx_word' id='word_1_109' title='bbox 402 927 512 966; x_wconf 83' lang='lat' dir='ltr'>enim</span> <span class='ocrx_word' id='word_1_110' title='bbox 534 927 633 966; x_wconf 88' lang='lat' dir='ltr'>talia</span> <span class='ocrx_word' id='word_1_111' title='bbox 663 927 714 966; x_wconf 86' lang='lat' dir='ltr'>ad</span> <span class='ocrx_word' id='word_1_112' title='bbox 736 929 934 967; x_wconf 87' lang='lat' dir='ltr'>amussim</span> <span class='ocrx_word' id='word_1_113' title='bbox 959 939 1062 967; x_wconf 89' lang='lat' dir='ltr'>sunt</span> <span class='ocrx_word' id='word_1_114' title='bbox 1084 927 1311 967; x_wconf 85' lang='lat' dir='ltr'>fastidiose</span> <span class='ocrx_word' id='word_1_115' title='bbox 1334 929 1569 982; x_wconf 84' lang='lat' dir='ltr'>exigenda·</span> <span class='ocrx_word' id='word_1_116' title='bbox 1557 961 1570 978; x_wconf 94' lang='lat'>,</span> 
     </span>
     <span class='ocr_line' id='line_1_14' title="bbox 105 983 1569 1041; baseline -0.001 -16"><span class='ocrx_word' id='word_1_117' title='bbox 105 983 458 1041; x_wconf 81' lang='lat' dir='ltr'>quemadmodum</span> <span class='ocrx_word' id='word_1_118' title='bbox 483 983 607 1022; x_wconf 86' lang='lat' dir='ltr'>etiam</span> <span class='ocrx_word' id='word_1_119' title='bbox 626 985 866 1024; x_wconf 50' lang='lat' dir='ltr'>Massieni&amp;</span> <span class='ocrx_word' id='word_1_120' title='bbox 884 996 926 1024; x_wconf 91' lang='lat' dir='ltr'>et</span> <span class='ocrx_word' id='word_1_121' title='bbox 949 985 1193 1026; x_wconf 77' lang='lat' dir='ltr'>Wielandius</span> <span class='ocrx_word' id='word_1_122' title='bbox 1214 994 1398 1025; x_wconf 85' lang='lat' dir='ltr'>censent.</span> <span class='ocrx_word' id='word_1_123' title='bbox 1411 987 1569 1024; x_wconf 70' lang='lat' dir='ltr'>meI.</span> 
     </span>
    </p>

    <p class='ocr_par' dir='ltr' id='par_1_3' title="bbox 99 1041 1576 1646">
     <span class='ocr_line' id='line_1_15' title="bbox 217 1041 1576 1093; baseline -0.002 -10"><span class='ocrx_word' id='word_1_124' title='bbox 217 1041 457 1083; x_wconf 75' lang='lat' dir='ltr'>Eacl·l-14·</span> <span class='ocrx_word' id='word_1_125' title='bbox 505 1042 837 1093; x_wconf 76' lang='grc' dir='ltr'>Θυννοκέφαλοι)</span> <span class='ocrx_word' id='word_1_126' title='bbox 868 1042 920 1079; x_wconf 91' lang='lat' dir='ltr'>In</span> <span class='ocrx_word' id='word_1_127' title='bbox 955 1043 997 1084; x_wconf 97' lang='lat' dir='ltr'><strong><em>S</em></strong></span> <span class='ocrx_word' id='word_1_128' title='bbox 1029 1043 1329 1092; x_wconf 80' lang='grc' dir='ltr'><em>Κυνοκέφαλοι.</em></span> <span class='ocrx_word' id='word_1_129' title='bbox 1387 1041 1441 1081; x_wconf 89' lang='lat' dir='ltr'>In</span> <span class='ocrx_word' id='word_1_130' title='bbox 1468 1043 1576 1081; x_wconf 88' lang='lat' dir='ltr'>reli-</span> 
     </span>
     <span class='ocr_line' id='line_1_16' title="bbox 107 1096 1575 1154; baseline 0 -16"><span class='ocrx_word' id='word_1_131' title='bbox 107 1099 203 1154; x_wconf 89' lang='lat' dir='ltr'>quis</span> <span class='ocrx_word' id='word_1_132' title='bbox 227 1096 430 1147; x_wconf 80' lang='grc' dir='ltr'><em>Θυνοκέφ.</em></span> <span class='ocrx_word' id='word_1_133' title='bbox 452 1096 566 1151; x_wconf 86' lang='lat' dir='ltr'>quod</span> <span class='ocrx_word' id='word_1_134' title='bbox 596 1111 675 1151; x_wconf 85' lang='lat' dir='ltr'>ego</span> <span class='ocrx_word' id='word_1_135' title='bbox 706 1112 780 1136; x_wconf 89' lang='lat' dir='ltr'>cur</span> <span class='ocrx_word' id='word_1_136' title='bbox 803 1099 1021 1148; x_wconf 84' lang='lat' dir='ltr'>mutarim,</span> <span class='ocrx_word' id='word_1_137' title='bbox 1054 1099 1327 1136; x_wconf 80' lang='lat' dir='ltr'>manifestum</span> <span class='ocrx_word' id='word_1_138' title='bbox 1352 1107 1442 1150; x_wconf 80' lang='lat' dir='ltr'>est3</span> <span class='ocrx_word' id='word_1_139' title='bbox 1473 1098 1575 1139; x_wconf 90' lang='lat' dir='ltr'>vide</span> 
     </span>
     <span class='ocr_line' id='line_1_17' title="bbox 107 1152 1575 1207; baseline -0.003 -10"><span class='ocrx_word' id='word_1_140' title='bbox 107 1157 234 1195; x_wconf 85' lang='lat' dir='ltr'>etiam</span> <span class='ocrx_word' id='word_1_141' title='bbox 256 1168 344 1206; x_wconf 79' lang='lat' dir='ltr'>cap.</span> <span class='ocrx_word' id='word_1_142' title='bbox 365 1158 431 1197; x_wconf 81' lang='lat'>38.</span> <span class='ocrx_word' id='word_1_143' title='bbox 465 1152 637 1193; x_wconf 76' lang='lat' dir='ltr'>SOLAN·</span> <span class='ocrx_word' id='word_1_144' title='bbox 705 1156 858 1196; x_wconf 80' lang='grc' dir='ltr'><em>Θυνοκέ</em></span> <span class='ocrx_word' id='word_1_145' title='bbox 849 1160 980 1205; x_wconf 77' lang='grc' dir='ltr'><em>-φαλοι</em></span> <span class='ocrx_word' id='word_1_146' title='bbox 1011 1154 1168 1203; x_wconf 75' lang='lat' dir='ltr'>Aldus,</span> <span class='ocrx_word' id='word_1_147' title='bbox 1207 1153 1322 1207; x_wconf 90' lang='lat' dir='ltr'>quod</span> <span class='ocrx_word' id='word_1_148' title='bbox 1348 1163 1488 1192; x_wconf 88' lang='lat' dir='ltr'>ortum</span> <span class='ocrx_word' id='word_1_149' title='bbox 1510 1155 1575 1193; x_wconf 88' lang='lat' dir='ltr'>vi-</span> 
     </span>
     <span class='ocr_line' id='line_1_18' title="bbox 106 1210 1574 1276; baseline -0.001 -26"><span class='ocrx_word' id='word_1_150' title='bbox 106 1212 230 1251; x_wconf 83' lang='lat' dir='ltr'>detur</span> <span class='ocrx_word' id='word_1_151' title='bbox 249 1225 301 1250; x_wconf 82' lang='lat' dir='ltr'>ex</span> <span class='ocrx_word' id='word_1_152' title='bbox 319 1211 645 1260; x_wconf 81' lang='grc' dir='ltr'><em>θυννοκέφαλοι,</em></span> <span class='ocrx_word' id='word_1_153' title='bbox 680 1224 718 1263; x_wconf 90' lang='lat' dir='ltr'>q.</span> <span class='ocrx_word' id='word_1_154' title='bbox 744 1210 782 1249; x_wconf 91' lang='lat' dir='ltr'>d.</span> <span class='ocrx_word' id='word_1_155' title='bbox 805 1211 1089 1276; x_wconf 53' lang='grc' dir='ltr'>ίῆιιηῖιὶσίρίιεε</span> <span class='ocrx_word' id='word_1_156' title='bbox 1124 1211 1311 1250; x_wconf 75' lang='lat' dir='ltr'>lemmus</span> <span class='ocrx_word' id='word_1_157' title='bbox 1332 1211 1464 1262; x_wconf 89' lang='lat' dir='ltr'>piscis</span> <span class='ocrx_word' id='word_1_158' title='bbox 1487 1226 1574 1250; x_wconf 89' lang='lat' dir='ltr'>no-</span> 
     </span>
     <span class='ocr_line' id='line_1_19' title="bbox 104 1267 1570 1321; baseline -0.001 -14"><span class='ocrx_word' id='word_1_159' title='bbox 104 1268 218 1316; x_wconf 86' lang='lat' dir='ltr'>bilis,</span> <span class='ocrx_word' id='word_1_160' title='bbox 253 1281 346 1305; x_wconf 90' lang='lat' dir='ltr'>cum</span> <span class='ocrx_word' id='word_1_161' title='bbox 368 1269 524 1306; x_wconf 69' lang='lat' dir='ltr'>canetis</span> <span class='ocrx_word' id='word_1_162' title='bbox 545 1267 765 1306; x_wconf 91' lang='lat' dir='ltr'>commode</span> <span class='ocrx_word' id='word_1_163' title='bbox 786 1269 995 1320; x_wconf 77' lang='lat' dir='ltr'>jungitur.</span> <span class='ocrx_word' id='word_1_164' title='bbox 1057 1268 1102 1308; x_wconf 88' lang='lat' dir='ltr'>Si</span> <span class='ocrx_word' id='word_1_165' title='bbox 1124 1267 1367 1321; x_wconf 81' lang='lat' dir='ltr'>allegoriam</span> <span class='ocrx_word' id='word_1_166' title='bbox 1391 1278 1570 1320; x_wconf 82' lang='lat' dir='ltr'>spectes,</span> 
     </span>
     <span class='ocr_line' id='line_1_20' title="bbox 103 1322 1572 1376; baseline -0.002 -12"><span class='ocrx_word' id='word_1_167' title='bbox 103 1335 255 1364; x_wconf 88' lang='lat' dir='ltr'>notum</span> <span class='ocrx_word' id='word_1_168' title='bbox 280 1333 366 1371; x_wconf 87' lang='lat' dir='ltr'>est,</span> <span class='ocrx_word' id='word_1_169' title='bbox 400 1322 568 1361; x_wconf 84' lang='lat' dir='ltr'>brutum</span> <span class='ocrx_word' id='word_1_170' title='bbox 601 1323 810 1376; x_wconf 86' lang='lat' dir='ltr'>quendam</span> <span class='ocrx_word' id='word_1_171' title='bbox 839 1323 1043 1376; x_wconf 89' lang='lat' dir='ltr'>impetum</span> <span class='ocrx_word' id='word_1_172' title='bbox 1078 1323 1370 1362; x_wconf 82' lang='lat' dir='ltr'>multitudinis</span> <span class='ocrx_word' id='word_1_173' title='bbox 1395 1338 1443 1362; x_wconf 86' lang='lat' dir='ltr'>ea</span> <span class='ocrx_word' id='word_1_174' title='bbox 1464 1324 1572 1362; x_wconf 83' lang='lat' dir='ltr'>ima-</span> 
     </span>
     <span class='ocr_line' id='line_1_21' title="bbox 105 1378 1573 1437; baseline 0.001 -18"><span class='ocrx_word' id='word_1_175' title='bbox 105 1382 205 1437; x_wconf 84' lang='lat' dir='ltr'>gine</span> <span class='ocrx_word' id='word_1_176' title='bbox 225 1380 382 1419; x_wconf 71' lang='lat' dir='ltr'>notati.</span> <span class='ocrx_word' id='word_1_177' title='bbox 442 1378 525 1417; x_wconf 88' lang='lat' dir='ltr'>Sed</span> <span class='ocrx_word' id='word_1_178' title='bbox 548 1378 738 1419; x_wconf 84' lang='lat' dir='ltr'>deinde</span> <span class='ocrx_word' id='word_1_179' title='bbox 727 1394 817 1433; x_wconf 78' lang='lat' dir='ltr'>ipse</span> <span class='ocrx_word' id='word_1_180' title='bbox 839 1394 1008 1435; x_wconf 86' lang='lat' dir='ltr'>quoque</span> <span class='ocrx_word' id='word_1_181' title='bbox 1033 1380 1170 1419; x_wconf 79' lang='lat' dir='ltr'>Aldus</span> <span class='ocrx_word' id='word_1_182' title='bbox 1193 1379 1313 1418; x_wconf 88' lang='lat' dir='ltr'>dedit</span> <span class='ocrx_word' id='word_1_183' title='bbox 1334 1379 1573 1429; x_wconf 77' lang='grc' dir='ltr'><em>Κυνοκεφά-</em></span> 
     </span>
     <span class='ocr_line' id='line_1_22' title="bbox 104 1433 1572 1490; baseline -0.002 -12"><span class='ocrx_word' id='word_1_184' title='bbox 104 1444 213 1486; x_wconf 86' lang='grc' dir='ltr'><em>λους.</em></span> <span class='ocrx_word' id='word_1_185' title='bbox 245 1438 303 1475; x_wconf 89' lang='lat' dir='ltr'>Et</span> <span class='ocrx_word' id='word_1_186' title='bbox 323 1433 428 1476; x_wconf 79' lang='grc' dir='ltr'><em>κύνα</em></span> <span class='ocrx_word' id='word_1_187' title='bbox 454 1449 624 1490; x_wconf 89' lang='lat' dir='ltr'>quoque</span> <span class='ocrx_word' id='word_1_188' title='bbox 650 1436 808 1488; x_wconf 85' lang='lat' dir='ltr'>piscem</span> <span class='ocrx_word' id='word_1_189' title='bbox 834 1451 946 1488; x_wconf 84' lang='lat' dir='ltr'>esse,</span> <span class='ocrx_word' id='word_1_190' title='bbox 977 1447 1140 1476; x_wconf 86' lang='lat' dir='ltr'>notum.</span> <span class='ocrx_word' id='word_1_191' title='bbox 1176 1437 1314 1475; x_wconf 75' lang='lat' dir='ltr'><strong>GLSN.</strong></span> <span class='ocrx_word' id='word_1_192' title='bbox 1376 1436 1470 1474; x_wconf 82' lang='lat' dir='ltr'>Etsi</span> <span class='ocrx_word' id='word_1_193' title='bbox 1491 1437 1572 1475; x_wconf 78' lang='lat' dir='ltr'>Pa-</span> 
     </span>
     <span class='ocr_line' id='line_1_23' title="bbox 103 1492 1573 1546; baseline -0.001 -12"><span class='ocrx_word' id='word_1_194' title='bbox 103 1497 226 1534; x_wconf 79' lang='lat' dir='ltr'>risina</span> <span class='ocrx_word' id='word_1_195' title='bbox 255 1495 474 1544; x_wconf 71' lang='grc' dir='ltr'><em>Κυνοκεφτ</em></span> <span class='ocrx_word' id='word_1_196' title='bbox 466 1497 542 1532; x_wconf 81' lang='grc' dir='ltr'>λοι</span> <span class='ocrx_word' id='word_1_197' title='bbox 569 1492 857 1544; x_wconf 82' lang='lat' dir='ltr'>praeferebat,</span> <span class='ocrx_word' id='word_1_198' title='bbox 892 1503 1030 1532; x_wconf 87' lang='lat' dir='ltr'>tamen</span> <span class='ocrx_word' id='word_1_199' title='bbox 1062 1494 1106 1531; x_wconf 90' lang='lat' dir='ltr'>in</span> <span class='ocrx_word' id='word_1_200' title='bbox 1136 1493 1331 1532; x_wconf 85' lang='lat' dir='ltr'>versione</span> <span class='ocrx_word' id='word_1_201' title='bbox 1362 1493 1573 1546; x_wconf 74' lang='lat' dir='ltr'>Thynoce—</span> 
     </span>
     <span class='ocr_line' id='line_1_24' title="bbox 99 1547 1569 1605; baseline -0.001 -16"><span class='ocrx_word' id='word_1_202' title='bbox 99 1550 212 1605; x_wconf 75' lang='lat' dir='ltr'>plzali</span> <span class='ocrx_word' id='word_1_203' title='bbox 240 1563 484 1603; x_wconf 85' lang='lat' dir='ltr'>expressum</span> <span class='ocrx_word' id='word_1_204' title='bbox 515 1559 625 1587; x_wconf 88' lang='lat' dir='ltr'>erat:</span> <span class='ocrx_word' id='word_1_205' title='bbox 665 1548 779 1588; x_wconf 88' lang='lat' dir='ltr'>unde</span> <span class='ocrx_word' id='word_1_206' title='bbox 810 1549 940 1588; x_wconf 87' lang='lat' dir='ltr'>facile</span> <span class='ocrx_word' id='word_1_207' title='bbox 965 1558 1107 1603; x_wconf 85' lang='lat' dir='ltr'>patet,</span> <span class='ocrx_word' id='word_1_208' title='bbox 1139 1548 1242 1605; x_wconf 89' lang='lat' dir='ltr'>quid</span> <span class='ocrx_word' id='word_1_209' title='bbox 1272 1547 1340 1589; x_wconf 85' lang='lat' dir='ltr'>edi</span> <span class='ocrx_word' id='word_1_210' title='bbox 1369 1550 1569 1591; x_wconf 85' lang='lat' dir='ltr'>voluerit.</span> 
     </span>
     <span class='ocr_line' id='line_1_25' title="bbox 100 1609 264 1646; baseline -0.006 0"><span class='ocrx_word' id='word_1_211' title='bbox 100 1609 264 1646; x_wconf 78' lang='lat' dir='ltr'>RmTz.</span> 
     </span>
    </p>

    <p class='ocr_par' dir='ltr' id='par_1_4' title="bbox 80 1658 1572 1939">
     <span class='ocr_line' id='line_1_26' title="bbox 218 1658 1570 1716; baseline -0.001 -14"><span class='ocrx_word' id='word_1_212' title='bbox 218 1662 321 1703; x_wconf 73' lang='lat' dir='ltr'>Ibid,</span> <span class='ocrx_word' id='word_1_213' title='bbox 348 1658 570 1710; x_wconf 79' lang='grc' dir='ltr'>Ἑαυτοῦς)</span> <span class='ocrx_word' id='word_1_214' title='bbox 601 1662 660 1699; x_wconf 84' lang='lat' dir='ltr'>Et</span> <span class='ocrx_word' id='word_1_215' title='bbox 692 1661 756 1700; x_wconf 87' lang='lat' dir='ltr'>sic</span> <span class='ocrx_word' id='word_1_216' title='bbox 786 1664 924 1716; x_wconf 82' lang='lat' dir='ltr'>legere</span> <span class='ocrx_word' id='word_1_217' title='bbox 945 1661 1214 1702; x_wconf 70' lang='lat' dir='ltr'>Florentinum</span> <span class='ocrx_word' id='word_1_218' title='bbox 1239 1676 1332 1700; x_wconf 89' lang='lat' dir='ltr'>cum</span> <span class='ocrx_word' id='word_1_219' title='bbox 1355 1662 1462 1700; x_wconf 76' lang='lat' dir='ltr'>Junt.</span> <span class='ocrx_word' id='word_1_220' title='bbox 1485 1677 1570 1701; x_wconf 84' lang='lat' dir='ltr'>no·-</span> 
     </span>
     <span class='ocr_line' id='line_1_27' title="bbox 80 1717 1569 1771; baseline -0.001 -12"><span class='ocrx_word' id='word_1_221' title='bbox 80 1726 83 1729; x_wconf 88' lang='lat'>&#39;</span> <span class='ocrx_word' id='word_1_222' title='bbox 104 1729 268 1759; x_wconf 79' lang='lat' dir='ltr'>taverat</span> <span class='ocrx_word' id='word_1_223' title='bbox 295 1718 479 1758; x_wconf 73' lang='lat' dir='ltr'>Solanus.</span> <span class='ocrx_word' id='word_1_224' title='bbox 542 1717 659 1770; x_wconf 82' lang='lat' dir='ltr'>Quid</span> <span class='ocrx_word' id='word_1_225' title='bbox 679 1717 801 1756; x_wconf 79' lang='lat' dir='ltr'>tum?</span> <span class='ocrx_word' id='word_1_226' title='bbox 847 1733 932 1757; x_wconf 90' lang='lat' dir='ltr'>non</span> <span class='ocrx_word' id='word_1_227' title='bbox 960 1720 1072 1757; x_wconf 89' lang='lat' dir='ltr'>enim</span> <span class='ocrx_word' id='word_1_228' title='bbox 1098 1732 1204 1771; x_wconf 87' lang='lat' dir='ltr'>opus</span> <span class='ocrx_word' id='word_1_229' title='bbox 1228 1729 1315 1756; x_wconf 85' lang='lat' dir='ltr'>erat</span> <span class='ocrx_word' id='word_1_230' title='bbox 1333 1719 1455 1756; x_wconf 86' lang='lat' dir='ltr'>aliam</span> <span class='ocrx_word' id='word_1_231' title='bbox 1476 1721 1569 1758; x_wconf 86' lang='lat' dir='ltr'>lec-</span> 
     </span>
     <span class='ocr_line' id='line_1_28' title="bbox 105 1771 1566 1827; baseline 0 -12"><span class='ocrx_word' id='word_1_232' title='bbox 105 1778 266 1815; x_wconf 87' lang='lat' dir='ltr'>tionem</span> <span class='ocrx_word' id='word_1_233' title='bbox 289 1788 502 1826; x_wconf 80' lang='lat' dir='ltr'>quaerere.</span> <span class='ocrx_word' id='word_1_234' title='bbox 553 1772 746 1821; x_wconf 73' lang='grc' dir='ltr'>Ἑαυτούς</span> <span class='ocrx_word' id='word_1_235' title='bbox 766 1774 876 1812; x_wconf 90' lang='lat' dir='ltr'>enim</span> <span class='ocrx_word' id='word_1_236' title='bbox 899 1775 959 1812; x_wconf 84' lang='lat' dir='ltr'>sic</span> <span class='ocrx_word' id='word_1_237' title='bbox 977 1789 1112 1814; x_wconf 85' lang='lat' dir='ltr'>amare</span> <span class='ocrx_word' id='word_1_238' title='bbox 1135 1775 1240 1826; x_wconf 84' lang='lat' dir='ltr'>poni</span> <span class='ocrx_word' id='word_1_239' title='bbox 1263 1788 1337 1825; x_wconf 88' lang='lat' dir='ltr'>pro</span> <span class='ocrx_word' id='word_1_240' title='bbox 1360 1771 1566 1827; x_wconf 68' lang='grc' dir='ltr'><em>ἀλλήλους,</em></span> 
     </span>
     <span class='ocr_line' id='line_1_29' title="bbox 104 1828 1568 1879; baseline -0.001 -8"><span class='ocrx_word' id='word_1_241' title='bbox 104 1833 350 1879; x_wconf 75' lang='lat' dir='ltr'>seinvicem,</span> <span class='ocrx_word' id='word_1_242' title='bbox 387 1833 453 1869; x_wconf 90' lang='lat' dir='ltr'>vel</span> <span class='ocrx_word' id='word_1_243' title='bbox 484 1843 638 1878; x_wconf 78' lang='lat' dir='ltr'>mutuo,</span> <span class='ocrx_word' id='word_1_244' title='bbox 686 1829 767 1866; x_wconf 83' lang='lat' dir='ltr'>nisi</span> <span class='ocrx_word' id='word_1_245' title='bbox 800 1831 900 1868; x_wconf 80' lang='lat' dir='ltr'>satis</span> <span class='ocrx_word' id='word_1_246' title='bbox 930 1839 1076 1869; x_wconf 89' lang='lat' dir='ltr'>notum</span> <span class='ocrx_word' id='word_1_247' title='bbox 1111 1840 1195 1878; x_wconf 89' lang='lat' dir='ltr'>est,</span> <span class='ocrx_word' id='word_1_248' title='bbox 1227 1828 1316 1869; x_wconf 87' lang='lat' dir='ltr'>vid.</span> <span class='ocrx_word' id='word_1_249' title='bbox 1345 1845 1398 1868; x_wconf 86' lang='lat' dir='ltr'>ex</span> <span class='ocrx_word' id='word_1_250' title='bbox 1433 1833 1568 1870; x_wconf 83' lang='lat' dir='ltr'>veteri</span> 
     </span>
     <span class='ocr_line' id='line_1_30' title="bbox 103 1885 1572 1939; baseline 0.001 -11"><span class='ocrx_word' id='word_1_251' title='bbox 103 1889 297 1936; x_wconf 72' lang='lat' dir='ltr'>Lexim,</span> <span class='ocrx_word' id='word_1_252' title='bbox 328 1888 372 1925; x_wconf 91' lang='lat' dir='ltr'>in</span> <span class='ocrx_word' id='word_1_253' title='bbox 402 1887 594 1926; x_wconf 72' lang='lat' dir='ltr'>Biblioth.</span> <span class='ocrx_word' id='word_1_254' title='bbox 629 1885 773 1926; x_wconf 65' lang='lat' dir='ltr'>Cos-lin.</span> <span class='ocrx_word' id='word_1_255' title='bbox 801 1901 843 1938; x_wconf 85' lang='lat' dir='ltr'>p.</span> <span class='ocrx_word' id='word_1_256' title='bbox 869 1892 964 1930; x_wconf 79' lang='lat'><strong>233.</strong></span> <span class='ocrx_word' id='word_1_257' title='bbox 998 1885 1112 1939; x_wconf 89' lang='lat' dir='ltr'>quod</span> <span class='ocrx_word' id='word_1_258' title='bbox 1143 1886 1230 1925; x_wconf 85' lang='lat' dir='ltr'>ait:</span> <span class='ocrx_word' id='word_1_259' title='bbox 1263 1886 1450 1935; x_wconf 71' lang='grc' dir='ltr'><em>ἑαυτούς,</em></span> <span class='ocrx_word' id='word_1_260' title='bbox 1482 1885 1572 1929; x_wconf 68' lang='grc' dir='ltr'><em>ἀντὶ</em></span> 
     </span>
    </p>
   </div>
   <div class='ocr_carea' id='block_1_3' title="bbox 521 1940 530 1955">
    <p class='ocr_par' dir='ltr' id='par_1_5' title="bbox 521 1940 530 1955">
     <span class='ocr_line' id='line_1_31' title="bbox 521 1940 530 1955; baseline 0 0"><span class='ocrx_word' id='word_1_261' title='bbox 521 1940 530 1955; x_wconf 76' lang='grc'>)</span> 
     </span>
    </p>
   </div>
   <div class='ocr_carea' id='block_1_4' title="bbox 102 1941 1571 2055">
    <p class='ocr_par' dir='ltr' id='par_1_6' title="bbox 102 1941 1571 2051">
     <span class='ocr_line' id='line_1_32' title="bbox 102 1941 1571 1996; baseline -0.005 -8"><span class='ocrx_word' id='word_1_262' title='bbox 102 1951 175 1988; x_wconf 83' lang='grc' dir='ltr'>τοῦ</span> <span class='ocrx_word' id='word_1_263' title='bbox 204 1941 424 1996; x_wconf 78' lang='grc' dir='ltr'><em>ἆλληλους,</em></span> <span class='ocrx_word' id='word_1_264' title='bbox 458 1946 499 1985; x_wconf 78' lang='grc' dir='ltr'>οἵ</span> <span class='ocrx_word' id='word_1_265' title='bbox 523 1945 687 1985; x_wconf 80' lang='grc' dir='ltr'><em>Αττικοὶ</em></span> <span class='ocrx_word' id='word_1_266' title='bbox 712 1944 763 1983; x_wconf 82' lang='grc' dir='ltr'>λέ</span> <span class='ocrx_word' id='word_1_267' title='bbox 754 1957 882 1996; x_wconf 72' lang='grc' dir='ltr'><em>γ.ουσι</em></span> <span class='ocrx_word' id='word_1_268' title='bbox 942 1941 1064 1981; x_wconf 82' lang='lat' dir='ltr'>Adde</span> <span class='ocrx_word' id='word_1_269' title='bbox 1097 1941 1270 1985; x_wconf 68' lang='lat' dir='ltr'>Thucyd.</span> <span class='ocrx_word' id='word_1_270' title='bbox 1294 1943 1370 1992; x_wconf 82' lang='lat' dir='ltr'><strong>IV,</strong></span> <span class='ocrx_word' id='word_1_271' title='bbox 1402 1947 1471 1986; x_wconf 81' lang='lat'>25.</span> <span class='ocrx_word' id='word_1_272' title='bbox 1500 1946 1571 1986; x_wconf 73' lang='grc' dir='ltr'>καὶ</span> 
     </span>
     <span class='ocr_line' id='line_1_33' title="bbox 104 1975 1568 2055; baseline -0.005 -12"><span class='ocrx_word' id='word_1_273' title='bbox 104 2001 397 2055; x_wconf 79' lang='grc' dir='ltr'><em>παοανελευόμε</em></span> <span class='ocrx_word' id='word_1_274' title='bbox 401 2017 465 2041; x_wconf 74' lang='lat' dir='ltr'>vot.</span> <span class='ocrx_word' id='word_1_275' title='bbox 483 2002 523 2041; x_wconf 83' lang='grc' dir='ltr'>ἐν</span> <span class='ocrx_word' id='word_1_276' title='bbox 548 2002 725 2048; x_wconf 72' lang='grc' dir='ltr'><em>ἑαυτοῖς,</em></span> <span class='ocrx_word' id='word_1_277' title='bbox 756 2010 790 2037; x_wconf 77' lang='lat' dir='ltr'>et</span> <span class='ocrx_word' id='word_1_278' title='bbox 812 2011 999 2050; x_wconf 55' lang='lat' dir='ltr'>gcmzztuo</span> <span class='ocrx_word' id='word_1_279' title='bbox 1024 1998 1238 2037; x_wconf 70' lang='lat' dir='ltr'>adhortati</span> <span class='ocrx_word' id='word_1_280' title='bbox 1270 1975 1433 2039; x_wconf 59' lang='lat' dir='ltr'>Rm&#39;Tz.</span> <span class='ocrx_word' id='word_1_281' title='bbox 1491 2003 1568 2040; x_wconf 83' lang='lat' dir='ltr'>Er-</span> 
     </span>
    </p>
   </div>
   <div class='ocr_carea' id='block_1_5' title="bbox 43 2054 1569 2786">
    <p class='ocr_par' dir='ltr' id='par_1_7' title="bbox 43 2054 1569 2492">
     <span class='ocr_line' id='line_1_34' title="bbox 105 2054 1569 2109; baseline -0.004 -12"><span class='ocrx_word' id='word_1_282' title='bbox 105 2073 216 2097; x_wconf 79' lang='lat' dir='ltr'>lasse</span> <span class='ocrx_word' id='word_1_283' title='bbox 233 2057 428 2096; x_wconf 70' lang='lat' dir='ltr'>Reitzium</span> <span class='ocrx_word' id='word_1_284' title='bbox 451 2058 657 2107; x_wconf 80' lang='lat' dir='ltr'>suspicor,</span> <span class='ocrx_word' id='word_1_285' title='bbox 693 2055 766 2108; x_wconf 89' lang='lat' dir='ltr'>qui</span> <span class='ocrx_word' id='word_1_286' title='bbox 791 2056 934 2095; x_wconf 67' lang='lat' dir='ltr'>solani</span> <span class='ocrx_word' id='word_1_287' title='bbox 954 2065 1097 2094; x_wconf 86' lang='lat' dir='ltr'>notam</span> <span class='ocrx_word' id='word_1_288' title='bbox 1123 2055 1173 2092; x_wconf 89' lang='lat' dir='ltr'>ad</span> <span class='ocrx_word' id='word_1_289' title='bbox 1194 2054 1309 2095; x_wconf 52' lang='lat' dir='ltr'>hoc&amp;</span> <span class='ocrx_word' id='word_1_290' title='bbox 1292 2055 1457 2104; x_wconf 75' lang='grc' dir='ltr'><strong><em>εαυτοῦς</em></strong></span> <span class='ocrx_word' id='word_1_291' title='bbox 1474 2071 1569 2109; x_wconf 79' lang='lat' dir='ltr'>per-</span> 
     </span>
     <span class='ocr_line' id='line_1_35' title="bbox 103 2111 1566 2166; baseline -0.001 -14"><span class='ocrx_word' id='word_1_292' title='bbox 103 2115 240 2153; x_wconf 88' lang='lat' dir='ltr'>tinere</span> <span class='ocrx_word' id='word_1_293' title='bbox 272 2123 452 2166; x_wconf 79' lang='lat' dir='ltr'>putaret.</span> <span class='ocrx_word' id='word_1_294' title='bbox 514 2115 598 2152; x_wconf 78' lang='lat' dir='ltr'>Res</span> <span class='ocrx_word' id='word_1_295' title='bbox 622 2113 732 2151; x_wconf 82' lang='lat' dir='ltr'>enim</span> <span class='ocrx_word' id='word_1_296' title='bbox 759 2111 828 2150; x_wconf 85' lang='lat' dir='ltr'>hic</span> <span class='ocrx_word' id='word_1_297' title='bbox 847 2122 907 2151; x_wconf 89' lang='lat' dir='ltr'>est</span> <span class='ocrx_word' id='word_1_298' title='bbox 928 2111 1033 2150; x_wconf 82' lang='lat' dir='ltr'>adeo</span> <span class='ocrx_word' id='word_1_299' title='bbox 1064 2114 1171 2149; x_wconf 90' lang='lat' dir='ltr'>cla1a</span> <span class='ocrx_word' id='word_1_300' title='bbox 1194 2125 1240 2148; x_wconf 92' lang='lat' dir='ltr'>ac</span> <span class='ocrx_word' id='word_1_301' title='bbox 1261 2121 1384 2162; x_wconf 80' lang='lat' dir='ltr'>nota,</span> <span class='ocrx_word' id='word_1_302' title='bbox 1416 2122 1464 2150; x_wconf 88' lang='lat' dir='ltr'>ut</span> <span class='ocrx_word' id='word_1_303' title='bbox 1483 2113 1566 2152; x_wconf 69' lang='lat' dir='ltr'>So-</span> 
     </span>
     <span class='ocr_line' id='line_1_36' title="bbox 105 2168 1560 2221; baseline -0.003 -10"><span class='ocrx_word' id='word_1_304' title='bbox 105 2171 242 2211; x_wconf 80' lang='lat' dir='ltr'>lanum</span> <span class='ocrx_word' id='word_1_305' title='bbox 261 2184 345 2208; x_wconf 87' lang='lat' dir='ltr'>non</span> <span class='ocrx_word' id='word_1_306' title='bbox 373 2168 532 2208; x_wconf 80' lang='lat' dir='ltr'>credam</span> <span class='ocrx_word' id='word_1_307' title='bbox 556 2169 605 2208; x_wconf 88' lang='lat' dir='ltr'>de</span> <span class='ocrx_word' id='word_1_308' title='bbox 627 2183 672 2207; x_wconf 87' lang='lat' dir='ltr'>ea</span> <span class='ocrx_word' id='word_1_309' title='bbox 692 2168 887 2207; x_wconf 85' lang='lat' dir='ltr'>dubitare</span> <span class='ocrx_word' id='word_1_310' title='bbox 905 2168 1110 2221; x_wconf 89' lang='lat' dir='ltr'>potuisse.</span> <span class='ocrx_word' id='word_1_311' title='bbox 1156 2168 1194 2206; x_wconf 97' lang='lat' dir='ltr'><strong>V</strong></span> <span class='ocrx_word' id='word_1_312' title='bbox 1199 2182 1314 2205; x_wconf 87' lang='lat' dir='ltr'>erum</span> <span class='ocrx_word' id='word_1_313' title='bbox 1337 2169 1560 2221; x_wconf 90' lang='lat' dir='ltr'>pertinuit,</span> 
     </span>
     <span class='ocr_line' id='line_1_37' title="bbox 104 2224 1562 2293; baseline -0.002 -28"><span class='ocrx_word' id='word_1_314' title='bbox 104 2227 189 2266; x_wconf 86' lang='lat' dir='ltr'>nisi</span> <span class='ocrx_word' id='word_1_315' title='bbox 211 2227 360 2271; x_wconf 76' lang='lat' dir='ltr'>falloi,</span> <span class='ocrx_word' id='word_1_316' title='bbox 392 2236 492 2263; x_wconf 87' lang='lat' dir='ltr'>nota</span> <span class='ocrx_word' id='word_1_317' title='bbox 522 2225 602 2262; x_wconf 90' lang='lat' dir='ltr'>ista</span> <span class='ocrx_word' id='word_1_318' title='bbox 625 2224 675 2262; x_wconf 87' lang='lat' dir='ltr'>ad</span> <span class='ocrx_word' id='word_1_319' title='bbox 707 2224 838 2274; x_wconf 90' lang='lat' dir='ltr'>illud,</span> <span class='ocrx_word' id='word_1_320' title='bbox 870 2224 982 2279; x_wconf 90' lang='lat' dir='ltr'>quod</span> <span class='ocrx_word' id='word_1_321' title='bbox 1012 2239 1110 2262; x_wconf 86' lang='lat' dir='ltr'>mox</span> <span class='ocrx_word' id='word_1_322' title='bbox 1138 2238 1226 2276; x_wconf 80' lang='lat' dir='ltr'>cap.</span> <span class='ocrx_word' id='word_1_323' title='bbox 1253 2237 1369 2288; x_wconf 56' lang='lat' dir='ltr'>sequ:</span> <span class='ocrx_word' id='word_1_324' title='bbox 1391 2225 1562 2293; x_wconf 73' lang='lat' dir='ltr'>legitur,</span> 
     </span>
     <span class='ocr_line' id='line_1_38' title="bbox 104 2278 1563 2336; baseline 0 -14"><span class='ocrx_word' id='word_1_325' title='bbox 104 2280 251 2330; x_wconf 80' lang='grc' dir='ltr'><em>αυτούς</em></span> <span class='ocrx_word' id='word_1_326' title='bbox 281 2299 322 2336; x_wconf 80' lang='grc' dir='ltr'>γε</span> <span class='ocrx_word' id='word_1_327' title='bbox 351 2278 662 2333; x_wconf 78' lang='grc' dir='ltr'><em>ωπλισμέιους,</em></span> <span class='ocrx_word' id='word_1_328' title='bbox 679 2281 752 2318; x_wconf 84' lang='lat' dir='ltr'>ubi</span> <span class='ocrx_word' id='word_1_329' title='bbox 789 2281 1045 2319; x_wconf 83' lang='lat' dir='ltr'>insolentius</span> <span class='ocrx_word' id='word_1_330' title='bbox 1079 2280 1215 2319; x_wconf 84' lang='lat' dir='ltr'>videri</span> <span class='ocrx_word' id='word_1_331' title='bbox 1242 2280 1387 2332; x_wconf 84' lang='lat' dir='ltr'>potuit</span> <span class='ocrx_word' id='word_1_332' title='bbox 1418 2299 1563 2330; x_wconf 76' lang='grc' dir='ltr'><em>αυτους</em></span> 
     </span>
     <span class='ocr_line' id='line_1_39' title="bbox 43 2333 1560 2392; baseline -0.001 -15"><span class='ocrx_word' id='word_1_333' title='bbox 43 2350 45 2352; x_wconf 80' lang='grc'><strong>’</strong></span> <span class='ocrx_word' id='word_1_334' title='bbox 103 2340 154 2380; x_wconf 85' lang='lat' dir='ltr'>de</span> <span class='ocrx_word' id='word_1_335' title='bbox 174 2339 309 2392; x_wconf 88' lang='lat' dir='ltr'>prima</span> <span class='ocrx_word' id='word_1_336' title='bbox 331 2352 508 2390; x_wconf 79' lang='lat' dir='ltr'>persona</span> <span class='ocrx_word' id='word_1_337' title='bbox 532 2352 608 2389; x_wconf 84' lang='lat' dir='ltr'>pro</span> <span class='ocrx_word' id='word_1_338' title='bbox 626 2335 730 2389; x_wconf 63' lang='grc' dir='ltr'>ἡμᾶς</span> <span class='ocrx_word' id='word_1_339' title='bbox 751 2333 908 2386; x_wconf 71' lang='grc' dir='ltr'><em>αὐτούς·</em></span> <span class='ocrx_word' id='word_1_340' title='bbox 939 2351 1189 2390; x_wconf 80' lang='lat' dir='ltr'>quamquam</span> <span class='ocrx_word' id='word_1_341' title='bbox 1210 2351 1263 2374; x_wconf 87' lang='lat' dir='ltr'>ne</span> <span class='ocrx_word' id='word_1_342' title='bbox 1284 2336 1366 2375; x_wconf 84' lang='lat' dir='ltr'>hoc</span> <span class='ocrx_word' id='word_1_343' title='bbox 1388 2337 1560 2389; x_wconf 87' lang='lat' dir='ltr'>quidem</span> 
     </span>
     <span class='ocr_line' id='line_1_40' title="bbox 102 2391 1560 2449; baseline 0.001 -15"><span class='ocrx_word' id='word_1_344' title='bbox 102 2398 194 2435; x_wconf 85' lang='lat' dir='ltr'>sine</span> <span class='ocrx_word' id='word_1_345' title='bbox 219 2397 426 2442; x_wconf 86' lang='lat' dir='ltr'>exemplo.</span> <span class='ocrx_word' id='word_1_346' title='bbox 484 2394 549 2431; x_wconf 83' lang='lat' dir='ltr'>C.f</span> <span class='ocrx_word' id='word_1_347' title='bbox 572 2408 697 2446; x_wconf 86' lang='lat' dir='ltr'>supra</span> <span class='ocrx_word' id='word_1_348' title='bbox 720 2408 752 2435; x_wconf 86' lang='lat' dir='ltr'>e.</span> <span class='ocrx_word' id='word_1_349' title='bbox 773 2399 812 2437; x_wconf 73' lang='lat' dir='ltr'>{i-</span> <span class='ocrx_word' id='word_1_350' title='bbox 832 2391 1080 2449; x_wconf 75' lang='grc' dir='ltr'><em>παραδόντες</em></span> <span class='ocrx_word' id='word_1_351' title='bbox 1102 2391 1247 2440; x_wconf 70' lang='grc' dir='ltr'><em>αὐτούς</em></span> <span class='ocrx_word' id='word_1_352' title='bbox 1263 2392 1560 2447; x_wconf 76' lang='grc' dir='ltr'><em>ἐκειμαζόμεθα,</em></span> 
     </span>
     <span class='ocr_line' id='line_1_41' title="bbox 101 2451 615 2492; baseline -0.01 0"><span class='ocrx_word' id='word_1_353' title='bbox 101 2451 615 2492; x_wconf 66' lang='lat' dir='ltr'>ubivid.Rcitz.me1.</span> 
     </span>
    </p>

    <p class='ocr_par' dir='ltr' id='par_1_8' title="bbox 102 2502 1559 2786">
     <span class='ocr_line' id='line_1_42' title="bbox 214 2502 1559 2559; baseline -0.001 -13"><span class='ocrx_word' id='word_1_354' title='bbox 214 2507 318 2547; x_wconf 64' lang='lat' dir='ltr'>Ibtcl.</span> <span class='ocrx_word' id='word_1_355' title='bbox 353 2508 652 2558; x_wconf 77' lang='grc' dir='ltr'><em>Πεποιηιιένοι)</em></span> <span class='ocrx_word' id='word_1_356' title='bbox 686 2507 836 2545; x_wconf 86' lang='lat' dir='ltr'>Active</span> <span class='ocrx_word' id='word_1_357' title='bbox 867 2506 937 2544; x_wconf 84' lang='lat' dir='ltr'>bic</span> <span class='ocrx_word' id='word_1_358' title='bbox 970 2505 1166 2559; x_wconf 90' lang='lat' dir='ltr'>ponitur,</span> <span class='ocrx_word' id='word_1_359' title='bbox 1199 2514 1247 2543; x_wconf 89' lang='lat' dir='ltr'>ut</span> <span class='ocrx_word' id='word_1_360' title='bbox 1272 2502 1464 2558; x_wconf 80' lang='grc' dir='ltr'><em>ευοημὲνη</em></span> <span class='ocrx_word' id='word_1_361' title='bbox 1494 2507 1559 2545; x_wconf 83' lang='lat' dir='ltr'>si-</span> 
     </span>
     <span class='ocr_line' id='line_1_43' title="bbox 104 2560 1558 2628; baseline 0.001 -24"><span class='ocrx_word' id='word_1_362' title='bbox 104 2565 261 2604; x_wconf 87' lang='lat' dir='ltr'>militer</span> <span class='ocrx_word' id='word_1_363' title='bbox 285 2564 422 2601; x_wconf 84' lang='lat' dir='ltr'>active</span> <span class='ocrx_word' id='word_1_364' title='bbox 449 2577 512 2614; x_wconf 85' lang='lat' dir='ltr'>ap.</span> <span class='ocrx_word' id='word_1_365' title='bbox 535 2562 648 2615; x_wconf 63' lang='lat' dir='ltr'>Aleif</span> <span class='ocrx_word' id='word_1_366' title='bbox 652 2564 772 2601; x_wconf 59' lang='lat' dir='ltr'>damn.</span> <span class='ocrx_word' id='word_1_367' title='bbox 793 2564 823 2603; x_wconf 86' lang='lat' dir='ltr'>l.</span> <span class='ocrx_word' id='word_1_368' title='bbox 844 2565 879 2600; x_wconf 66' lang='lat'>1⁴2</span> <span class='ocrx_word' id='word_1_369' title='bbox 867 2578 923 2614; x_wconf 89' lang='lat' dir='ltr'>p.</span> <span class='ocrx_word' id='word_1_370' title='bbox 944 2569 980 2606; x_wconf 86' lang='grc'>8.</span> <span class='ocrx_word' id='word_1_371' title='bbox 1002 2581 1066 2603; x_wconf 76' lang='grc' dir='ltr'>και</span> <span class='ocrx_word' id='word_1_372' title='bbox 1091 2563 1132 2604; x_wconf 79' lang='grc' dir='ltr'>ὁέ</span> <span class='ocrx_word' id='word_1_373' title='bbox 1116 2578 1227 2615; x_wconf 66' lang='grc' dir='ltr'><em>εομαι</em></span> <span class='ocrx_word' id='word_1_374' title='bbox 1247 2560 1289 2602; x_wconf 82' lang='grc' dir='ltr'>τὸ</span> <span class='ocrx_word' id='word_1_375' title='bbox 1314 2568 1418 2619; x_wconf 82' lang='grc' dir='ltr'><em>λῷον</em></span> <span class='ocrx_word' id='word_1_376' title='bbox 1439 2580 1558 2628; x_wconf 72' lang='grc' dir='ltr'><em>ευρη-</em></span> 
     </span>
     <span class='ocr_line' id='line_1_44' title="bbox 102 2595 1556 2674; baseline -0.001 -14"><span class='ocrx_word' id='word_1_377' title='bbox 102 2623 224 2674; x_wconf 83' lang='grc' dir='ltr'><em>μένην</em></span> <span class='ocrx_word' id='word_1_378' title='bbox 248 2622 441 2673; x_wconf 77' lang='grc' dir='ltr'><em>συιιβουλε</em></span> <span class='ocrx_word' id='word_1_379' title='bbox 446 2623 551 2659; x_wconf 63' lang='grc' dir='ltr'>ὗσαμ</span> <span class='ocrx_word' id='word_1_380' title='bbox 594 2620 629 2655; x_wconf 70' lang='grc' dir='ltr'>ἶ</span> <span class='ocrx_word' id='word_1_381' title='bbox 635 2595 678 2656; x_wconf 67' lang='lat' dir='ltr'>&#39;bi</span> <span class='ocrx_word' id='word_1_382' title='bbox 703 2618 834 2667; x_wconf 47' lang='lat' dir='ltr'>Bergl.</span> <span class='ocrx_word' id='word_1_383' title='bbox 859 2619 963 2657; x_wconf 85' lang='lat' dir='ltr'>bene</span> <span class='ocrx_word' id='word_1_384' title='bbox 987 2628 1151 2666; x_wconf 87' lang='lat' dir='ltr'>monet,</span> <span class='ocrx_word' id='word_1_385' title='bbox 1186 2628 1346 2670; x_wconf 73' lang='lat' dir='ltr'>piaerer</span> <span class='ocrx_word' id='word_1_386' title='bbox 1366 2621 1471 2658; x_wconf 82' lang='lat' dir='ltr'>alios</span> <span class='ocrx_word' id='word_1_387' title='bbox 1494 2622 1556 2658; x_wconf 86' lang='lat' dir='ltr'>sic</span> 
     </span>
     <span class='ocr_line' id='line_1_45' title="bbox 103 2675 1554 2730; baseline 0.001 -18.002"><span class='ocrx_word' id='word_1_388' title='bbox 103 2692 226 2730; x_wconf 68' lang='lat' dir='ltr'>saepe</span> <span class='ocrx_word' id='word_1_389' title='bbox 245 2678 534 2716; x_wconf 67' lang='grc' dir='ltr'>ΒεηιοςίΙιιηωη</span> <span class='ocrx_word' id='word_1_390' title='bbox 557 2676 703 2727; x_wconf 81' lang='lat' dir='ltr'>loqui,</span> <span class='ocrx_word' id='word_1_391' title='bbox 737 2686 822 2716; x_wconf 57' lang='lat' dir='ltr'>ute</span> <span class='ocrx_word' id='word_1_392' title='bbox 808 2693 949 2728; x_wconf 74' lang='grc' dir='ltr'><em>ευρημε</em></span> <span class='ocrx_word' id='word_1_393' title='bbox 936 2676 1021 2715; x_wconf 71' lang='grc' dir='ltr'><em>ένοι</em></span> <span class='ocrx_word' id='word_1_394' title='bbox 1043 2691 1156 2726; x_wconf 82' lang='grc' dir='ltr'><em>τιμας</em></span> <span class='ocrx_word' id='word_1_395' title='bbox 1177 2685 1255 2713; x_wconf 71' lang='lat' dir='ltr'>etc.</span> <span class='ocrx_word' id='word_1_396' title='bbox 1281 2675 1421 2714; x_wconf 49' lang='lat' dir='ltr'>[Noster</span> <span class='ocrx_word' id='word_1_397' title='bbox 1440 2692 1554 2728; x_wconf 80' lang='lat' dir='ltr'>supr.</span> 
     </span>
     <span class='ocr_line' id='line_1_46' title="bbox 105 2729 1557 2786; baseline 0.002 -14"><span class='ocrx_word' id='word_1_398' title='bbox 105 2735 241 2776; x_wconf 83' lang='lat' dir='ltr'>Deor.</span> <span class='ocrx_word' id='word_1_399' title='bbox 263 2734 381 2773; x_wconf 83' lang='lat' dir='ltr'>Dial.</span> <span class='ocrx_word' id='word_1_400' title='bbox 408 2733 524 2772; x_wconf 76' lang='lat' dir='ltr'><strong>XIV.</strong></span> <span class='ocrx_word' id='word_1_401' title='bbox 554 2730 808 2785; x_wconf 71' lang='lat' dir='ltr'>fin.{}v11tdv</span> <span class='ocrx_word' id='word_1_402' title='bbox 839 2731 1101 2785; x_wconf 57' lang='lat' dir='ltr'>zenonque-&#39;vos</span> <span class='ocrx_word' id='word_1_403' title='bbox 1125 2730 1194 2773; x_wconf 85' lang='grc' dir='ltr'>τὸν</span> <span class='ocrx_word' id='word_1_404' title='bbox 1224 2729 1433 2786; x_wconf 82' lang='grc' dir='ltr'><em>ἑρωμενον</em></span> <span class='ocrx_word' id='word_1_405' title='bbox 1492 2735 1557 2771; x_wconf 80' lang='lat' dir='ltr'>Ao</span> 
     </span>
    </p>
   </div>
  </div>
 </body>
</html>
