1834 3188
345 220 667 252 HERMOTIMUS
703 219 809 251 SIVE
845 218 910 250 DE
948 220 1120 249 SECTIS.

45 321 233 376 στέρνου,
263 319 330 362 καὶ
361 318 557 377 ἀνέῳκταί
579 333 642 361 σοι
667 316 717 360 τὰ
737 314 888 368 πάντα,
923 313 978 365 ὥς
1007 318 1154 360 εἰδέναι
1177 315 1230 370 μὴ
1250 313 1378 370 μόνον
1403 316 1571 367 ‹Sip-759.

1361 207 1425 253 31

43 387 249 444 βούλεται,
279 389 345 431 καὶ
361 386 621 444 δι’,ῑγιγνώσκει
641 388 823 439 ἕκαστος,
853 381 954 427 ἄλλά
975 387 1042 428 καὶ
1061 384 1230 441 πότερος
1250 382 1429 440 ἀμείνων

41 456 70 512 ἢ
86 461 241 512 χείρων.

158 532 300 569 ΕΡΜ.
333 528 520 576 Παίζεις,
554 519 781 566 ὦΛυκῖνε·
821 520 896 578 ἐγώ
917 522 976 573 δὲ,
1006 520 1106 564 κατὰ
1127 521 1227 565 θεὸν
1252 520 1428 577 εἴλὸμην·
1455 534 1509 574 21

43 596 110 636 καὶ
133 590 180 637 οὗ
202 597 403 650 μεταμέλει
423 612 489 649 μοι
511 597 580 648 τῆς
603 593 802 648 αἱρέσεως.
847 590 990 634 ἱκανὸν
1014 592 1054 634 δὲ
1073 596 1190 634 τοῦτο
1209 588 1312 644 πρὸς
1328 596 1431 648 γοῦν

42 665 120 718 ἐμέ.

155 736 287 774 ΛΤΚ.
308 730 453 786 ’Ὅμως
475 727 550 773 οὐκ
570 727 620 772 ὂῖν
644 731 783 778 εἴποις,
817 722 849 770 ὦ
869 729 1008 782 ἑταῖρε,
1041 728 1110 769 καὶ
1128 725 1230 782 πρὸς
1247 729 1328 783 ἐμὲ,
1358 727 1430 772 ἆλ-
1441 751 1478 786 p.
1492 739 1571 788 760·

42 798 92 842 λά
110 798 300 854 περιόψει
322 817 368 853 με
388 795 749 854 παραπολοὺμενον
765 793 804 849 l)
837 797 878 838 ἒν
900 799 1035 852 πολλῷ
1056 800 1108 853 τῷ
1129 803 1344 855 συρφετῷς

156 872 297 910 EPM.
333 866 463 909 Οὐδὲν
482 866 557 923 γὰρ
580 865 630 909 ἅν
651 868 707 919 ¹¹¹)
741 881 805 913 σοι
832 861 1007 920 ἀρέσκει,
1041 857 1097 905 ὧν
1118 861 1167 905 ἂν
1188 868 1298 907 εἴπω.

233 963 235 966 ⁴
367 947 385 960 n
458 942 497 961 3⁸²
594 947 603 962 p
659 944 670 959 9
721 942 732 958 5
795 943 805 960 2
838 946 848 960 ι
905 945 915 960 9
959 946 967 959 l
1162 947 1172 959 s
1223 950 1239 957 .-
1291 941 1304 955 θ
1364 951 1382 959 ,υ

152 950 285 988 ΛΥΚ.
323 952 422 999 Ουκ,
441 966 471 989 ω
501 955 614 1003 γαθε.
647 951 715 988 αλλ
757 948 877 988 ουδεν
899 945 1106 996 εθελειςΠ)
1138 961 1261 986 ειπειν
1282 962 1429 989 οποιον

40 1013 93 1058 ἄν
113 1032 159 1069 με
180 1017 228 1064 ⁰)
260 1012 444 1070 ἆρὲσειεν.
487 1018 570 1058 ἐπεὶ
591 1013 630 1058 δ’
655 1008 730 1058 οὖν
750 1011 797 1056 σύ
819 1010 921 1054 ἑκτὸν
938 1009 1198 1068 ἀποκρύπτῃ,
1229 1014 1295 1054 καὶ
1319 1021 1429 1067 φθο-

41 1090 124 1132 νεῖς
140 1080 256 1137 ἡμῖν,
288 1080 342 1133 ὦς
360 1084 414 1138 μή
439 1086 477 1135 ἐξ
509 1086 601 1126 ἴσου
618 1080 837 1140 γενοίμεθά
859 1095 924 1122 σοι
949 1079 1318 1134 φιλοσοφήσαντες,
1351 1082 1427 1138 ε’γῶ

38 1152 300 1207 πειράσομαι,
335 1151 444 1202 ὅπως
470 1151 521 1194 ἂν
554 1151 640 1202 οἷός
669 1169 710 1195 τε
741 1146 794 1202 ὦ,
833 1146 923 1191 κατ’
954 1147 1127 1202 ἐμαυτὸν
1155 1151 1325 1205 ἐξευρεῖν
1352 1150 1429 1204 τὴν

38 1218 191 1276 οἷκριβῆ
216 1222 306 1275 περὶ
334 1221 489 1264 τούτων
529 1224 683 1275 κρίσιν,
722 1221 790 1263 καὶ
820 1217 896 1272 τὴν
925 1215 1230 1274 ἀσφαλεστάτην
1259 1222 1426 1277 αἵρεσιν.

38 1288 166 1333 ἄκουε
187 1290 228 1332 δὲ
248 1291 316 1331 καὶ
339 1288 408 1339 σύ,
442 1292 476 1332 εἰ
498 1287 646 1344 βούλει.

83 1416 123 1460 1)
150 1410 632 1459 παραπολοῦμενον]
658 1409 1015 1458 ,,παραπολλόμενον
1041 1412 1094 1446 ΓΙ.
1145 1411 1215 1446 Sed
1242 1424 1311 1458 pro
1341 1414 1426 1447 vul-

127 1468 214 1507 gata
242 1467 344 1494 stant
372 1461 416 1493 H.
441 1462 520 1494 Par.
546 1461 580 1500 S,
602 1467 668 1493 etc.
703 1468 737 1493 et
762 1462 799 1495 P.
822 1457 1134 1502 παραπολόμενον
1156 1460 1245 1490 W.“
1295 1460 1352 1493 Cf.
1377 1461 1425 1494 ad

130 1520 211 1553 cap.
236 1520 262 1541 1.
284 1514 373 1544 extr,
420 1509 482 1549 m)
512 1500 589 1550 ἂν]
617 1507 795 1549 „Rectius
817 1507 921 1538 abest
940 1502 985 1540 ἂν
1007 1507 1042 1537 in
1067 1506 1152 1537 W.“
1185 1505 1263 1538 Iino
1282 1507 1426 1539 rectius

128 1555 233 1588 adest
250 1553 288 1586 in
311 1553 440 1586 ceteris
463 1554 648 1586 omnibus.

128 1600 236 1633 uncis
255 1599 419 1632 inclusit.
469 1600 550 1638 Vid,
567 1600 702 1638 Adnot‚

699 1554 827 1598 Neque
844 1559 944 1585 recte
964 1553 1078 1586 Schm.
1101 1551 1137 1583 id
1160 1562 1226 1594 pro
1248 1559 1423 1596 suspecto

772 1604 814 1637 n)
841 1597 1048 1641 ἐθέλεις]
1076 1596 1233 1642 ,,ε’θε’λης
1253 1599 1283 1631 J.
1307 1600 1422 1632 male.

129 1644 268 1686 ἐθέλεις
285 1647 446 1691 quinque
465 1646 557 1678 Edd.
577 1646 741 1691 priscae,
769 1651 806 1678 et
823 1647 908 1678 M.“
955 1644 1106 1677 Jnutina
1125 1644 1235 1676 lectio
1266 1656 1308 1677 ex
1324 1646 1365 1678 A.
1390 1657 1424 1679 2.

128 1693 267 1727 mendo
305 1692 551 1737 promanavit.

127 1739 263 1773 Adnot.

35 1871 143 1913 quae
165 1856 280 1895 intus
315 1864 415 1893 sunt
443 1864 558 1894 trans
579 1855 693 1909 ipsa,

36 1915 217 1968 opinor,
256 1911 500 1966 praecordia
533 1913 693 1963 cernis,

35 1981 78 2011 et
115 1979 264 2023 patent
307 1968 386 2007 tibi
427 1969 594 2021 omnia,
647 1979 697 2008 ut

34 2041 124 2067 non
167 2041 275 2080 quae
315 2026 419 2064 velit
450 2026 604 2077 modo,
655 2035 698 2065 et

37 2098 143 2138 quae
190 2083 411 2137 cognoscit
458 2083 698 2136 unusquis-

38 2154 143 2193 que,
195 2154 324 2188 scias,

36 2206 130 2236 uter
153 2196 302 2234 melior
324 2196 380 2233 sit
401 2205 471 2233 aut
499 2195 695 2238 deterior.

91 2308 229 2348 Herm.
288 2307 448 2355 Ludis,
512 2309 696 2359 Lycine.

34 2367 130 2421 Ego
166 2379 265 2404 vero
297 2363 484 2403 secundo
523 2365 697 2403 numine

0 2450 1 2454 =
35 2423 171 2477 elegi,
205 2436 344 2474 neque
368 2420 557 2471 optionis
579 2421 695 2458 illius

34 2493 151 2517 meae
173 2493 236 2517 me
254 2488 470 2530 poenitet:
504 2487 603 2514 satls
622 2491 695 2514 au-

37 2545 120 2574 tem
144 2535 239 2584 hoc,
270 2534 377 2572 mihi
398 2532 583 2587 quidem,
616 2542 693 2571 est.

89 2646 187 2700 Lyc.
201 2647 320 2685 Mihi
341 2656 479 2685 tamen
502 2646 583 2686 hoc
606 2661 692 2685 non

36 2701 196 2740 dixeris
215 2702 426 2749 sufficeoeq
462 2703 530 2742 sed
560 2704 694 2755 negli-

33 2772 104 2813 ges
131 2771 197 2796 me
221 2759 266 2798 in
293 2762 426 2798 multa
453 2759 529 2798 illa
561 2762 694 2798 cossu-

374 2153 515 2178 verum
570 2140 704 2177 etiam·

622 1695 668 1738 ο)
703 1695 783 1738 με]
816 1703 884 1737 μοι
921 1691 1041 1725 Solam.
1072 1699 1280 1736 perperam.
1339 1691 1423 1724 Vid.

754 1855 885 1896 vione
912 1864 1163 1909 pereuntem
1193 1868 1287 1893 curn
1319 1852 1424 1892 reli-

755 1913 882 1968 quis?

799 1969 950 2013 ·Herm.
991 1966 1116 2006 Nihil
1158 1966 1271 2006 enim
1303 1966 1422 2022 forie

756 2025 836 2065 tibi
860 2029 1010 2078 placet,
1030 2019 1236 2077 quidquid
1257 2022 1419 2062 dixero.

812 2083 908 2138 Lyc‚
953 2081 1054 2119 Non
1091 2080 1150 2117 ita
1187 2089 1272 2128 est,
1307 2078 1422 2117 bone

759 2139 836 2179 vir.
898 2137 978 2178 Sed
1003 2135 1113 2174 nihil
1143 2146 1189 2174 tu
1213 2136 1277 2173 vis
1308 2135 1422 2173 dice·

755 2211 823 2243 re,
859 2194 972 2249 quod
996 2197 1160 2247 placere
1184 2192 1422 2247 (satisface-

757 2256 822 2303 re)
853 2251 959 2289 mihi
993 2250 1142 2303 possit.
1204 2247 1422 2301 Quando—-

758 2308 929 2361 quidem
962 2321 1062 2346 vero
1092 2316 1138 2343 tu
1171 2308 1320 2343 volens
1346 2316 1422 2341 oc·-

757 2368 897 2402 cultus
921 2378 982 2411 es,
1014 2373 1054 2401 et
1073 2361 1198 2399 nobis
1224 2358 1416 2408 invides,

754 2435 807 2460 ne
829 2434 960 2474 aeque
992 2434 1038 2457 ac
1063 2427 1110 2455 tu
1140 2414 1420 2468 philosophe-

754 2491 868 2514 mur:
917 2489 995 2528 ego
1038 2472 1238 2517 tentabo,
1279 2486 1419 2526 quan-

754 2541 841 2569 tum
862 2534 950 2583 ejus
973 2531 1110 2568 facere
1131 2539 1304 2581 potero,
1339 2542 1415 2580 pro

755 2590 881 2640 (per)
922 2601 985 2624 me
1019 2586 1212 2623 invenire
1244 2598 1418 2622 accura-

754 2654 842 2681 tum
889 2642 939 2682 de
986 2642 1051 2679 his
1092 2640 1326 2693 judicium,
1374 2649 1417 2679 et

754 2711 907 2738 sectam
946 2699 1234 2738 certissimam.
1297 2696 1416 2735 Audi

754 2770 854 2797 vero
876 2765 919 2796 et
939 2765 985 2794 tu
1000 2785 1011 2805 ,
1045 2755 1081 2792 si
1103 2753 1306 2794 volueris.
