1834 3188
352 256 672 289 HERMOTIMUS
707 253 816 285 SIVE
851 250 917 280 DE
952 251 1125 284 sEc'rIS.
1367 242 1430 287 19

47 360 179 411 φῆσαι
199 355 244 398 ἔν
262 360 320 414 τῷ
340 358 548 412 συμποσίῳ
562 386 573 402 .
602 355 670 396 καὶ
688 349 792 435 πρὸς
813 346 1066 401 Εὐθύδημον
1085 347 1156 391 τὸν
1176 350 1219 392 ἔκ
1243 355 1321 393 τοῦ
1350 356 1477 403 Ile-p.
1492 366 1573 403 750.

48 421 218 479 ριπάτου
249 426 561 478 παροξυνθηναί
578 440 636 473 τι,
667 421 735 462 καὶ
769 413 1074 472 αμφισβητῆσαι
1102 414 1233 476 αυτῷ,
1263 420 1356 474 περὶ
1375 414 1433 461 ὠν

44 493 191 535 ἐκεῖνοι
208 491 400 534 εἰώθασιν
419 491 636 547 ἀντιλέγειν
663 495 746 537 τοῖς
769 483 849 528 and
873 490 944 539 τῆς
961 490 1106 536 Στοᾶς.
1138 483 1221 529 ’ὖπό
1240 504 1281 529 τε
1298 482 1431 543 oimh)

44 565 115 613 τῆς
134 565 312 615 κραυγῆς
336 577 529 615 πονηρως
550 558 591 608 ¹)
620 576 692 611 την
715 555 895 609 κεφαλὴν
914 557 1182 608 διατεθῆναι,
1213 556 1281 597 καὶ
1313 554 1433 611 ἱδρῶ-

47 642 116 671 σαι
134 626 237 682 μάλα
261 628 387 671 πολλοὶ
418 630 457 678 ἐς
475 629 594 682 μέσας
615 622 787 676 νύκτας,
821 622 1111 676 ἀποταθείσης,
1138 619 1191 671 ὥς
1210 638 1331 676 φασι,
1361 627 1434 677 τῆς

45 699 290 745 συνουσίας·
330 695 412 750 ἅμα
442 695 482 737 δὲ
511 696 578 737 καὶ
609 687 891 746 ἐπεπώκεικ),
923 689 1057 744 οἶμαι,
1089 691 1213 733 πλέον
1240 695 1314 734 τοῦ
1340 694 1434 734 ἰκα-

44 769 146 816 νοῦ,
196 770 276 806 τῶν
306 761 540 818 παρόντων,
591 760 646 812 ὦς
677 759 809 810 εἰκὸς,
857 762 1093 814 φιλοτησίας
1124 756 1432 813 προπινόντων,

43 835 113 876 καὶ
147 830 413 884 ἐδεδειπνήκει
444 832 592 878 πλέον,
624 827 653 884 ἢ
681 848 782 872 κατα
815 830 1007 885 γέροντα’
1052 826 1147 877 ὥςτε
1178 824 1436 884 ἀναστρέψας

43 902 167 956 ἤμεσέ
187 919 252 952 τε,
297 897 350 949 ὦς
380 901 582 952 ἔφασκον,
611 896 761 950 πολλα,
799 899 868 940 καὶ
895 894 1021 951 μόνον
1053 894 1217 953 αριθμω
1236 892 1276 952 l)
1306 914 1437 951 παρα·-

42 967 175 1024 λαβών
209 987 258 1010 τα
290 970 407 1023 κρέα,
442 965 573 1010 οπόσα
599 985 652 1009 τω
682 967 795 1009 παιδὶ
823 963 992 1008 κατόπιν
1021 967 1156 1008 ἓστωτι
1191 964 1437 1019 παραδεδωκ

44 1055 106 1081 κει
124 1040 208 1087 ¹¹¹),
240 1037 308 1078 καὶ
332 1034 610 1091 σημηνάμενος
638 1036 846 1089 ἐπιμελῶς,
879 1031 923 1077 τὸ
950 1031 1020 1076 ἀπ’
1050 1036 1203 1076 ἐκείνου
1231 1030 1434 1084 καθεύδει,

43 1106 195 1162 μηδένα
223 1106 465 1158 εἰςδέχεσθαι
491 1106 770 1160 παραγγείλας.
801 1106 924 1146 ταῦτα
956 1105 998 1146 δὲ
1022 1106 1165 1146 Μίδου
1184 1101 1344 1155 ἤκουσα
1363 1106 1484 1153 τοῦρ.
1499 1113 1578 1153 751.

46 1175 204 1218 οἰκέτου
235 1170 360 1215 αὐτοῦ
384 1174 653 1227 διηγουμένου
690 1173 768 1215 τισὶ
793 1176 872 1214 τῶν
897 1178 1112 1228 μαθητῶν,
1155 1176 1196 1216 οἳ
1227 1173 1294 1215 καὶ
1319 1170 1438 1216 αὐτοὶ

41 1238 294 1298 ἀνέστρεφον
314 1238 418 1296 μάλα
437 1243 592 1284 πολλοί.

90 1390 142 1435 h)
172 1384 282 1431 ουν]
313 1389 402 1433 „Sic
420 1391 461 1424 P.
484 1395 519 1423 et
539 1389 582 1423 L.
601 1401 648 1422 αυ
673 1386 767 1421 Edd.
773 1388 797 1408 “
868 1387 903 1432 i)
927 1384 1170 1432 πονήρως]
1194 1400 1370 1442 πονηρως
1391 1389 1435 1421 B.

136 1449 170 1481 3.
199 1437 239 1470 in
271 1436 404 1469 ceteris
429 1442 517 1469 vett.
551 1435 689 1469 rectius
720 1432 906 1478 πονήρως.
978 1434 1025 1474 k)
1053 1431 1319 1478 επεπώκει]
1345 1435 1438 1477 „Sic

136 1483 230 1516 Edd.
264 1478 427 1516 πεπώκει
448 1483 507 1514 W·
539 1487 575 1514 et
601 1482 666 1514 Ex.
698 1480 752 1513 ΡΙ.
780 1480 924 1515 πέπωκε
946 1481 984 1512 Ρ.
1005 1481 1047 1514 L.
1055 1482 1079 1499 “
1127 1482 1320 1514 Postiema
1344 1480 1439 1514 haec

135 1529 250 1563 lectio
274 1529 498 1562 confirmare
529 1527 678 1560 videtur
706 1537 860 1560 mancae
889 1527 1035 1560 formae
1052 1524 1213 1562 πεπώκει
1236 1527 1441 1571 integrita-

135 1582 226 1609 tem.
280 1575 337 1608 Cf.
362 1575 488 1619 paullo
516 1574 672 1607 inferius
704 1570 983 1629 παραδεδώκει,
1022 1579 1058 1606 et
1078 1574 1213 1607 Adnot.
1245 1573 1292 1606 ad
1320 1573 1438 1607 Dian.

133 1622 250 1656 Deor.
275 1622 357 1661 XX,
384 1621 416 1653 6.
450 1620 560 1655 Tom.
581 1621 630 1653 ΙΙ.
650 1631 686 1664 p.
706 1629 785 1664 559.
856 1619 890 1662 l)
917 1617 1136 1664 ἀριθμῷ]
1163 1616 1360 1664 ,,αριθμὸν
1382 1619 1439 1651 Fl.

135 1667 245 1702 male.
303 1663 462 1722 ἀριθμῷ
469 1666 655 1712 reliquae,
682 1666 771 1698 item
791 1666 846 1699 M.
870 1671 906 1698 et
923 1667 963 1699 P.
971 1668 994 1685 ‘⁴
1043 1667 1161 1699 Modo
1180 1667 1327 1698 Beltnus
1345 1665 1441 1698 mal-

137 1713 190 1747 let
210 1710 330 1757 μόνον
349 1711 419 1749 οὐκ
439 1727 498 1757 αρ.
547 1716 593 1747 At
616 1711 718 1745 nulla
735 1723 830 1766 opus
852 1717 907 1744 est
927 1713 1147 1746 mutatione.
1195 1713 1312 1745 Recte
1328 1712 1442 1745 vertit

140 1761 323 1794 Gemens-,s
395 1763 458 1805 m)
485 1755 848 1803 παραδεδώκει]
879 1756 1115 1804 ,,παρεδω’κει
1136 1760 1178 1793 Β.
1201 1771 1232 1792 2.
1268 1758 1440 1792 Alterum

138 1811 294 1839 tuentur
323 1805 417 1840 Edd.
447 1806 579 1851 reliqq.
601 1811 636 1838 et
664 1806 719 1839 M.
725 1806 750 1825 “
797 1806 844 1839 In
864 1804 908 1839 Β
927 1816 960 1850 3.
993 1805 1146 1839 invenio
1175 1801 1438 1850 παρεδεδώκει.

139 1852 199 1886 Cf.
218 1852 347 1898 paullo
374 1852 543 1898 superius
562 1857 642 1886 not.
658 1850 721 1897 k).

49 2021 93 2052 ta
110 2011 157 2051 in
175 2011 398 2061 convivio,
431 2021 521 2051 tum
542 2012 714 2066 Euthy-

52 2069 175 2109 demo
229 2070 516 2122 Peripatetico
562 2070 715 2108 iratior

53 2136 317 2165 concertasse
351 2140 444 2163 cum
470 2125 545 2164 illo
570 2125 619 2164 de
643 2126 713 2178 iis,

54 2182 100 2220 in
138 2182 288 2233 quibus
326 2181 411 2234 ipsi
442 2184 580 2221 solent
610 2197 716 2221 con-

52 2237 258 2277 tradicere
280 2238 458 2285 Stoicis;
494 2252 513 2275 a
534 2242 715 2279 clamore

774 2009 862 2053 eibi
906 2021 1122 2052 sumserat.
1181 2011 1323 2066 Igitur
1352 2008 1441 2050 do·-

774 2085 887 2108 mum
908 2084 1099 2109 reversus
1118 2078 1160 2109 et
1179 2077 1360 2118 vomult,
1390 2075 1442 2105 ut

775 2129 909 2180 ajunt,
944 2126 1135 2180 copiose,
1168 2135 1210 2165 et
1234 2139 1328 2163 cum
1353 2123 1443 2177 pri-

775 2198 887 2221 mum
921 2182 1190 2221 adnumerari
1231 2181 1313 2219 sibi
1349 2183 1444 2233 jus-

774 2239 896 2279 sisset
937 2239 1072 2278 carnis
1122 2239 1283 2287 frusta,
1336 2249 1443 2290 quae

51 2308 153 2334 vero
197 2303 325 2347 caput
360 2294 424 2331 illi
460 2293 626 2342 dolere,
675 2306 717 2334 et

52 2349 224 2390 sudasse
258 2352 462 2395 multum,
503 2361 718 2401 protracta

53 2407 99 2445 in
131 2406 309 2446 mediam
347 2416 540 2455 noctem,
592 2416 639 2443 ut
670 2422 720 2445 a-

53 2465 177 2517 junt,
212 2462 520 2514 disputatione.
583 2463 719 2502 Simul

53 2533 155 2559 vero
199 2519 383 2567 biberat,
440 2528 569 2571 puto,
624 2522 719 2571 plus

57 2589 179 2628 quam
212 2576 313 2614 satis
347 2574 457 2624 fuit,
512 2590 629 2623 cum,
671 2585 721 2614 ut

57 2630 149 2669 fieri
177 2635 305 2680 solet,
362 2631 570 2670 convivae
600 2633 718 2670 illum

56 2686 314 2741 largioribus
370 2687 720 2727 invitatiunculis

58 2742 113 2782 ad
150 2742 376 2782 bibendum
410 2755 716 2796 provocarent3

57 2812 188 2854 porro
206 2802 326 2853 plus,
360 2814 483 2854 quam
502 2814 580 2852 pro
604 2815 718 2852 sene,

776 2311 909 2349 puero
943 2311 964 2335 a
990 2306 1109 2350 tergo
1138 2294 1270 2333 stanti
1302 2291 1445 2329 tradi-

779 2353 916 2401 derat,
963 2362 1005 2392 et
1039 2361 1183 2390 curate
1211 2364 1258 2388 ea
1288 2348 1444 2401 obsig—

777 2419 942 2458 nasset‚
975 2408 1025 2446 ab
1049 2422 1099 2446 eo
1123 2405 1221 2445 inde
1249 2415 1442 2457 tempore

780 2463 957 2513 dormit,
991 2464 1223 2514 imperato,
1259 2476 1310 2500 ne
1343 2461 1441 2514 quis

780 2519 893 2558 intro
917 2519 1178 2557 admittatur.
1226 2519 1345 2557 Haec
1369 2532 1444 2556 au·

779 2585 859 2614 tem
884 2590 905 2614 e
927 2575 1049 2613 Mida
1075 2575 1222 2614 audivi
1245 2577 1336 2626 ejus
1357 2589 1443 2613 ser-

779 2647 849 2680 vo,
885 2632 958 2684 qui
981 2642 1167 2671 narraret
1187 2630 1442 2686 quibusdam

778 2688 915 2740 ipsius
941 2687 1265 2740 discipulorum,
1301 2687 1375 2740 qui
1398 2695 1442 2725 et

779 2744 885 2796 ipsi,
932 2745 1056 2784 multi
1088 2758 1211 2796 sane,
1250 2752 1445 2784 reverte-

776 2799 943 2842 bantur.

1076 2859 1169 2901 Bz
