1834 3188
336 229 436 275 244
814 237 1226 270 Luc1AN1

217 359 256 394 p.
269 349 324 384 81.
341 337 566 383 Κυκλάδων
585 335 724 392 νήσων
742 337 906 385 ἕκαστος
923 338 1076 391 μείζων.
1118 333 1278 386 τούτοις
1297 338 1508 390 προςέταξε
1525 340 1720 390 διυφῆναι

218 429 258 463 p.
272 408 410 455 82.τόν
432 406 571 463 μεταξὺ
594 411 663 460 τῆς
684 404 866 459 Σελήνης
884 407 950 446 καὶ
968 411 1041 447 τοῦ
1055 402 1294 458 Ἑωςφόρου
1317 404 1429 460 οἷέρα.
1471 403 1524 454 ὥς
1545 407 1585 448 δὲ
1606 404 1722 459 τάχι-

344 493 415 521 στα
435 474 733 532 ἐξειργάσαντο,
764 475 831 515 καὶ
850 476 986 516 πεδίον
1007 471 1046 515 δ’
1064 475 1108 525 g)
1140 475 1346 526 ἐποίησαν,
1381 476 1443 518 ἐπὶ
1465 472 1606 515 τούτου
1625 491 1723 528 παρ-

347 548 453 596 έταξε
473 544 516 587 τὸ
537 541 668 593 πεζόν.
712 539 844 596 ἡγεῖτο
866 543 908 584 δὲ
941 538 1074 583 αὐτῶν
1111 545 1343 595 Νυκτερίων
1375 540 1395 585 ὅ
1426 540 1726 593 Εὐδιάνακτος,

269 625 321 665 16
346 616 476 669 τρίτος
494 609 627 660 αὐτός.

345 679 629 736 πομύρμηκες,
662 681 726 721 καὶ
749 680 791 721 ἐν
808 674 944 727 αυτοῖς
969 676 990 720 ἆ
1017 680 1131 719 Φαευ
1136 693 1212 720 ων
1248 682 1376 733 θηρία
1399 681 1440 721 δέ
1459 679 1538 720 ἐστι
1555 680 1727 733 μέγιστα,

695 616 779 652 Τῶν
801 611 842 652 δὲ
864 612 1063 663 πολεμίων
1079 609 1121 651 τὸ
1143 611 1212 663 μὲν
1236 606 1444 664 εὐώνυμον
1469 609 1572 664 εἶχον
1590 607 1729 652 οῖἽπ-

346 747 572 802 ὑπόπτερα,
604 754 687 796 τοῖς
706 742 808 801 παρ’
831 744 927 800 ἠμῖν
955 744 1126 800 μύρμηξι
1147 746 1413 800 προςεοικότα
1432 742 1452 767 ¹¹
1467 749 1505 797 ),
1539 745 1640 799 πλὴν
1661 749 1735 787 τοῦ

348 818 567 873 μεγέθους·
602 832 621 857 ο
641 813 715 870 γὰρ
738 815 917 869 μέγιστος
947 813 1077 856 αὐτῶν
1108 817 1174 856 καὶ
1201 818 1416 868 διπλεθρος
1436 833 1499 868 ην.
1542 812 1733 867 ἐμάχοντο

352 889 418 933 δὲ,
449 882 498 927 οὗ
517 882 642 937 μόνον
665 885 705 925 οἷ
725 880 789 924 ἐπ’
815 881 946 924 αὐτῶν
959 913 970 932 ,
1006 877 1103 923 ἄλλα
1121 885 1187 923 καὶ
1206 878 1317 924 αυτοὶ
1335 881 1500 935 μάλιστα
1518 890 1603 932 τοῖς
1621 884 1733 936 κέρα-

354 965 440 995 o‘w‘

351 1025 425 1064 τοῦ
449 1022 586 1069 δεξιοῦ
605 1015 734 1060 αὐτῶν
759 1017 985 1072 ἒταχθησαν
1009 1021 1050 1060 οἱ
1061 1015 1385 1072 Ἀεροκώνωπες,
1429 1019 1539 1068 ὀντες
1571 1021 1639 1061 καὶ
1670 1019 1737 1061 οὑ-

482 953 662 1006 ἐλέγοντο
698 952 738 993 δὲ
766 952 879 993 οὑτοι
900 949 958 991 εἶν
951 967 1002 991 ἀι
1026 948 1131 1002 αμφὶ
1152 950 1222 999 τοὶς
1241 953 1355 992 πέντε
1374 952 1583 1032 μυριάδας.
1617 952 1680 992 ἐπὶ
1696 951 1737 992 δὲ

353 1106 415 1133 τοι
432 1085 475 1137 ¹)
506 1083 611 1141 ἀμφὶ
628 1105 700 1137 τας
720 1088 834 1129 πέντε
855 1086 1074 1140 μυριαδας,
1107 1085 1230 1128 πάντε
1215 1105 1252 1136 ες
1268 1085 1423 1136 τοξόται
1441 1118 1451 1137 ,
1485 1086 1658 1140 κωνωψι
1662 1103 1737 1172 Ιὶεμε

351 1155 491 1213 γαλοις
524 1154 810 1208 ἐποχούμενοι,
853 1171 951 1207 μετα
981 1155 1022 1196 δὲ
1044 1153 1234 1206 τούτους,
1266 1158 1307 1197 οἱ
1332 1151 1638 1209 Ἀεροκόρδακες
1662 1148 1738 1202 ¹³),

351 1227 470 1278 ψιλοί
487 1242 526 1266 τε
549 1222 658 1272 ὄντες
677 1225 744 1264 καὶ
764 1223 898 1271 πεζοὶ,
940 1221 1043 1274 πλην
1064 1219 1227 1275 μαχιμοί
1248 1240 1289 1277 γε
1310 1226 1378 1264 καὶ
1401 1224 1532 1265 οὑτοι·

350 1301 430 1338 θεν
460 1310 537 1349 γαρ
565 1288 824 1346 ἐσφενδόνων
854 1292 1081 1345 ραφανίδας
1100 1287 1404 1346 ὑπερμεγέθεις·
1437 1291 1503 1332 καὶ
1522 1285 1611 1339 1)
1590 1307 1610 1331 ο
1634 1292 1740 1342 [ἕλη--

1573 1219 1738 1273 πόρρω-

447 1416 567 1451 marg
586 1405 626 1439 A.
644 1417 673 1438 ι.
693 1403 752 1438 W.
759 1405 783 1424 ‘⁶
808 1402 870 1438 Sic
890 1410 926 1438 et
947 1416 1049 1449 3011.
1075 1404 1144 1439 Sed
1163 1403 1258 1438 illud
1277 1402 1382 1437 estin
1402 1413 1504 1448 2954..
1526 1402 1636 1447 idque
1654 1412 1740 1447 pro-

443 1454 556 1487 hante
574 1452 710 1484 Belino.
761 1453 807 1483 At
826 1450 899 1484 vid.
923 1454 1057 1485 Adnot.
1107 1455 1151 1495 g)
1181 1447 1220 1485 δ’
1232 1455 1247 1492 ]
1277 1450 1390 1483 deleri
1413 1449 1665 1483 ιυ1ῑ5“οἰ.5εά
1684 1449 1740 1480 in—

444 1497 553 1541 juria,
602 1495 682 1530 vid.
712 1497 846 1530 Adnot.
919 1496 967 1537 h)
1003 1494 1348 1542 προςεοικότα]
1385 1491 1604 1547 προςεικότα
1634 1505 1738 1527 error

443 1546 528 1586 Bi.p
550 1554 660 1587 quem
683 1554 757 1575 non
787 1542 943 1575 debebat
963 1545 1001 1575 S
1001 1544 1076 1575 ·.71m
1098 1543 1287 1596 adoptare.
1334 1543 1542 1588 Reliquae
1532 1541 1629 1574 enim
1653 1551 1737 1572 om-

444 1600 532 1628 nes,
557 1596 593 1622 et
621 1589 698 1631 ipsa
725 1590 842 1621 Rezfftz
877 1594 979 1621 recte
1007 1585 1261 1632 προςεοικότα.
1324 1587 1357 1628 1')
1385 1587 1466 1622 καὶ
1491 1582 1649 1629 οὗτοι]
1675 1585 1738 1620 καὶ

445 1630 554 1669 αυτοὶ
576 1643 675 1678 2954..
696 1633 817 1666 minus
836 1633 944 1674 bene,
972 1640 1012 1666 ut
1029 1641 1129 1668 reete
1150 1636 1290 1677 judicat
1308 1635 1354 1690 Β
1356 1633 1385 1667 ·.I
1437 1635 1483 1672 k)
1507 1630 1737 1676 Ἀεροκόρ·

444 1681 610 1722 sauss]
646 1676 947 1724 ,,Ἀεροκόρακες]
981 1680 1043 1713 Sic
1072 1682 1109 1714 P.
1137 1682 1177 1717 A.
1209 1688 1243 1713 et
1270 1682 1300 1713 J.
1330 1675 1615 1724 Ἀεροκόρδακες
1642 1678 1734 1710 Edd.

448 1732 535 1761 cett.
542 1728 566 1745 “
598 1726 659 1758 Sic
680 1732 716 1758 et
737 1735 836 1768 2594.
861 1732 895 1758 et
913 1735 1018 1769 3011.
1055 1722 1155 1759 Sed'
1158 1724 1407 1768 Αεροκόρακες
1429 1728 1468 1759 A
1490 1738 1519 1759 2.
1554 1725 1636 1759 Vid.
1657 1736 1736 1757 om—

445 1773 536 1806 nino
569 1772 705 1805 Adnot.
775 1771 810 1814 l)
837 1771 935 1816 nai]
964 1773 1087 1815 „male
1116 1773 1216 1806 deest
1240 1773 1279 1805 in
1306 1774 1342 1806 ὃ.
1365 1779 1403 1806 et.
1427 1775 1543 1804 Amst.
1572 1771 1675 1805 adest
1697 1771 1738 1804 iu

353 1882 617 1924 magnaeque
639 1878 894 1920 nascuntur,
928 1868 1018 1922 Cy·-
1077 1869 1259 1921 similia,

356 1926 520 1964 cladum
563 1926 793 1964 insularum
831 1926 1015 1980 singulis

355 1982 550 2035 singulae
571 1985 704 2020 multo
728 1986 918 2033 majores,
933 1982 1015 2020 His

355 2036 557 2077 obtexere
590 2038 815 2091 imperavit
837 2038 1015 2090 interje-

354 2102 468 2131 ctum
490 2094 656 2132 Lunam
680 2094 791 2132 inter
812 2103 852 2133 et
874 2093 1015 2132 Phos-

352 2147 533 2200 phorum
566 2155 672 2189 aera.
732 2151 829 2188 Hoc
867 2150 1015 2189 celeri-

352 2213 418 2244 ter
440 2205 654 2258 perfecto,
689 2216 922 2258 paratoque
953 2206 1014 2244 sic

354 2274 500 2312 campo
517 2292 532 2310 ‚
564 2262 607 2299 in
631 2276 681 2301 eo
705 2262 911 2300 instruxit
945 2276 1013 2314 pe·

353 2315 529 2355 destrem
552 2317 707 2367 aciem,
744 2332 867 2369 quam
889 2317 1012 2357 duce-

351 2370 424 2410 bat
459 2372 696 2424 Nycterion
730 2373 1010 2413 Eudianactis

351 2428 607 2479 [Nocturnus
637 2429 769 2469 Sereni
797 2430 923 2482 regis]
958 2430 1011 2468 fi-

347 2483 431 2521 lius
447 2513 458 2530 ,
522 2500 615 2524 cum
665 2487 790 2525 tertio
831 2489 1005 2540 collega.

346 2538 405 2576 At
428 2539 612 2579 hostium
636 2542 850 2581 sinistrum
873 2557 1006 2581 colnu

347 2595 549 2635 tenebant
598 2598 1001 2650 Hippomyrmeces,

342 2659 468 2703 atque
489 2652 531 2690 in
554 2653 637 2691 illis
662 2654 896 2694 Phaethon.
944 2655 1001 2693 A·

340 2704 511 2746 nimalia
531 2719 668 2748 autem
685 2721 785 2749 sunt
802 2710 994 2756 maxima,

337 2762 549 2811 volucria,
599 2765 787 2808 formicis
834 2767 993 2806 nostris

1303 1884 1325 1908 a
1365 1869 1661 1935 magnitudine
1702 1868 1740 1907 si

1077 1925 1337 1966 discesseris:
1371 1928 1601 1964 maximum
1621 1925 1736 1965 enim

1074 1982 1245 2021 illorum
1284 1985 1350 2021 vel
1392 1983 1571 2021 duorum
1608 1985 1734 2035 juge-

1073 2052 1164 2076 rum
1199 2047 1298 2077 erat.
1367 2039 1623 2092 Pugnabant
1658 2053 1737 2076 au—

1072 2102 1155 2133 tem
1178 2108 1263 2132 non
1286 2109 1465 2133 sessores
1489 2093 1642 2143 modo‚.
1661 2093 1731 2133 sed

1074 2160 1116 2188 et
1140 2150 1230 2202 ipsa
1264 2151 1471 2199 maxime,
1509 2151 1732 2189 cornibus:

1075 2205 1412 2259 dicebanturque
1462 2221 1550 2245 esse
1600 2207 1733 2259 quin—-

1073 2263 1280 2315 quaginta
1306 2263 1472 2302 circiter
1493 2264 1638 2301 millia.
1678 2263 1728 2301 In

1073 2317 1221 2357 dextro
1263 2334 1394 2357 cornu
1442 2319 1642 2358 collocati
1678 2332 1730 2356 e-

1069 2385 1164 2413 rant
1216 2375 1542 2426 Aeroconopes,
1603 2373 1729 2426 quin—

1070 2431 1189 2483 quies
1206 2429 1497 2485 (quinquagies)
1513 2430 1626 2468 mille
1650 2430 1727 2467 ci1-

1068 2487 1172 2525 citer
1192 2499 1233 2527 et
1260 2489 1366 2539 ipsi,
1408 2486 1618 2539 sagittarii
1640 2501 1724 2524 om-

1065 2557 1137 2582 nes
1158 2544 1317 2597 magnis
1333 2542 1566 2580 culicibus
1555 2543 1723 2594 inequi-

1063 2608 1215 2638 tantes.
1274 2599 1374 2637 Post
1408 2596 1485 2635 hos
1511 2611 1610 2636 vero
1631 2601 1720 2637 Ae-

1061 2667 1301 2704 rocoraces,
1341 2653 1446 2692 levis
1485 2665 1716 2694 εισιιιωιεε

1054 2708 1243 2762 pediteS,
1285 2709 1356 2748 sed
1382 2723 1597 2763 pugnaces
1632 2712 1714 2763 ipsi

1054 2779 1223 2818 quoque
1254 2796 1263 2805 .
1298 2796 1307 2804 .
1342 2796 1351 2806 .
1400 2766 1437 2803 E
1468 2767 1710 2821 longinquo
