1834 3188
244 226 345 273 628
605 227 1361 262 ADNOTATloNEs

272 343 277 369 .’
325 366 332 372 .
360 331 462 372 End.
485 334 513 371 1.
535 333 601 374 11.
642 327 741 377 Τὰς
770 328 978 379 αἰτίας]
1014 323 1097 367 Sed
1120 340 1360 365 caussarum
1383 325 1601 378 expositio
1622 339 1719 379 per-

247 393 359 434 tinet
380 389 431 429 ad
455 389 586 441 ipsam
610 386 858 432 historiam,
880 398 968 424 non
991 381 1042 422 ad
1066 383 1346 436 prooemium.
1407 381 1596 435 Adiuvat
1616 383 1721 422 haec

250 445 492 491 observatio
512 444 580 493 id,
614 441 730 496 quod
750 442 892 480 statim
917 439 1022 480 dixi.
1080 441 1143 481 At
1165 437 1269 491 quid
1286 438 1307 478 2
1341 438 1377 477 si
1398 436 1560 490 εὐμαθῆ
1581 448 1720 479 tamen

247 503 416 546 docilem
445 501 689 549 denotaret,
731 508 773 538 et
807 497 915 537 illud
951 502 1064 548 σαφῆ
1087 495 1134 537 τὰ
1168 495 1313 550 ὕστερα
1343 494 1610 534 solummodo
1644 495 1722 534 ad-

248 567 405 618 jectum
429 568 561 606 esset,
596 566 645 595 ut
675 554 944 594 commodum
973 555 1253 603 indicaretur,
1288 567 1340 591 ex
1363 551 1444 590 hac
1475 551 1630 606 agendi
1650 567 1724 590 ra-

249 621 371 659 tione
394 616 520 655 etiam
543 612 775 667 agendum,
809 612 859 650 ab
882 609 1074 665 εὐμαθείᾳ
1097 619 1233 649 tamen
1260 608 1486 648 diversum.
1543 608 1722 647 Caussa-

249 690 341 716 rum
365 683 475 711 certe
498 669 741 723 expositio,
774 677 815 707 et
839 667 1324 719 brevis-praecipuarum
1345 679 1482 705 rerum
1502 663 1723 704 adumbra-

251 733 340 779 tio,
382 729 563 767 maxime
593 726 723 767 etiam,
751 727 863 765 valet
894 724 947 763 ad
981 723 1246 763 docilitatem
1276 720 1567 773 efficiendam;
1608 721 1723 762 unde

251 788 336 827 hoc
373 784 556 823 artificio
590 782 656 820 usi
689 782 816 821 etiam
854 790 955 820 sunt
990 785 1142 834 poetae
1181 778 1309 832 epici.
1348 779 1476 817 Run:
1511 795 1525 831 j
1545 777 1721 818 Nodum

252 841 464 897 quaesivit
492 840 538 878 in
567 839 725 892 scirpo.
808 836 891 876 Sed
924 850 1117 891 magnam
1156 839 1307 889 culpae
1340 843 1503 888 partem
1538 834 1725 877 sustinet

256 899 469 949 Gesnerus,·
500 895 573 951 qui
605 910 733 948 quum
770 892 1041 941 offendisset,
1075 893 1256 945 opinor,
1288 891 1334 930 in
1369 891 1528 944 insulsa
1562 891 1726 946 Miqylli

253 955 475 996 versione:
519 952 668 991 docilia
700 962 826 990 aulem
857 962 892 989 et
919 949 1047 1004 plana
1076 950 1294 1002 posteriora
1308 947 1463 1004 faciet,
1505 950 1542 998 si
1566 964 1725 987 caussas

249 1013 471 1067 praemittet
491 1018 570 1050 etc.
599 1008 814 1047 falsiorem
836 1010 919 1060 jam
942 1007 1070 1045 etiam
1094 1005 1296 1056 syntaxin
1317 1013 1504 1054 secutus,
1538 1005 1597 1043 ita
1623 1003 1724 1043 red—

255 1068 392 1107 didit:
425 1064 591 1106 docilem
613 1076 739 1103 autem
771 1065 1026 1117 (quemnam
1052 1061 1244 1114 quaeso?
1291 1074 1344 1098 an
1365 1057 1461 1108 τούς
1483 1059 1722 1110 ἀκούοντας,

255 1125 331 1179 qui
370 1122 567 1175 proxime
605 1119 932 1173 praecedunt?)
975 1130 1009 1158 et
1041 1135 1103 1167 ea,
1146 1134 1244 1171 quae
1271 1127 1502 1170 sequuntur,
1544 1116 1725 1156 dilucida

253 1179 387 1221 reddet
409 1189 488 1219 etc.
548 1179 703 1215 Verum
725 1177 838 1215 euim
862 1189 964 1214 vero
987 1174 1090 1214 haec
1112 1185 1173 1214 est
1198 1173 1454 1220 certissima,
1488 1187 1620 1228 eaque
1638 1176 1727 1226 pla-

253 1237 429 1277 nissime
459 1250 482 1274 a
503 1229 687 1274 Luciam
719 1233 958 1286 proposita,
990 1241 1032 1270 et
1059 1233 1139 1284 jam
1172 1228 1393 1269 Wielanclio
1424 1229 1525 1268 satis
1547 1232 1658 1269 clare
1677 1244 1726 1268 ac

254 1293 438 1333 fideliter
469 1291 705 1343 explicata,
735 1289 822 1328 loci
853 1288 1086 1327 sententia:
1128 1285 1337 1325 Rhetores
1358 1284 1528 1339 quidem
1552 1286 1597 1324 in
1618 1300 1726 1339 pro-

255 1349 405 1389 oemiis
436 1347 595 1400 triplex
632 1355 869 1399 sequuntur
898 1343 1151 1391 consilium,
1198 1340 1386 1390 εὔνοιαν,
1425 1342 1631 1396 προςοχὴν
1660 1344 1728 1385 καὶ

251 1406 340 1461 (ita
364 1404 500 1453 enim,
533 1417 621 1441 non
642 1399 668 1454 ἢ
688 1401 938 1457 legendum)
961 1397 1194 1452 εὐμάθειαν.
1229 1399 1463 1453 historicus
1483 1410 1624 1438 autem
1650 1399 1724 1438 du-

250 1466 351 1517 plex
385 1457 574 1511 tantum,
608 1456 811 1512 προςοχήν
840 1459 908 1499 καὶ
943 1455 1185 1510 εὐμάθειαν·
1229 1470 1324 1494 nam
1358 1455 1519 1498 εὔνοιαν
1553 1456 1727 1496 omittet

253 1519 306 1559 ob
341 1531 532 1565 caussas,
567 1515 725 1554 dudum
760 1515 991 1568 expositas.
1051 1515 1144 1568 Jam
1178 1510 1382 1565 προςοχὴν
1413 1514 1726 1565 (attentionem

252 1574 524 1622 auditorum)
557 1570 715 1610 efficiet
740 1585 816 1621 eo,
851 1569 968 1624 quod
1006 1569 1240 1609 ostenderit
1270 1583 1315 1607 se
1346 1567 1398 1608 de
1429 1569 1620 1623 magnis,
1652 1577 1727 1607 aut

250 1629 524 1678 necessariis,
557 1638 629 1666 aut
648 1626 915 1675 domesticis,
942 1636 1016 1665 aut
1040 1625 1221 1663 utilibus
1252 1624 1375 1664 rebus
1411 1639 1500 1665 esse
1531 1635 1724 1663 narratu-

249 1702 355 1727 rum.
417 1680 661 1735 Εὗμᾶθειαν
681 1697 809 1728 vero,
842 1684 873 1723 i.
899 1697 934 1722 e.
957 1681 1204 1739 facultatem
1241 1697 1299 1720 res
1329 1684 1437 1735 ipsas
1462 1692 1600 1735 postea
1623 1697 1726 1720 ηαν-

249 1742 418 1791 randas,
451 1740 498 1782 τὰ
519 1738 709 1793 ὕστερον,
743 1739 835 1791 (sic
860 1739 973 1779 enim
998 1739 1164 1778 correxi
1187 1740 1405 1791 vulgatum
1429 1736 1601 1790 ὕστερα)
1625 1749 1725 1777 recte

249 1797 433 1853 capiendi
455 1808 490 1836 et
521 1796 798 1851 cognoscendi,
834 1809 959 1849 quam
982 1795 1018 1833 si
1048 1809 1135 1833 uuo
1160 1793 1289 1843 verbo
1313 1792 1534 1845 docilitatis
1554 1793 1719 1845 reddas,

248 1870 336 1894 non
366 1868 620 1908 repugnem,
652 1876 706 1883 --
736 1851 847 1890 hanc
872 1851 1006 1905 igitur
1036 1851 1285 1890 facultatem
1318 1850 1616 1902 suppeditabit
1645 1864 1721 1888 au-

249 1911 485 1959 ditoribus,
519 1910 633 1957 sive,
667 1907 783 1963 quod
813 1921 986 1961 prorsus
1020 1906 1131 1946 idem
1157 1916 1244 1956 est,
1278 1921 1342 1946 res
1367 1906 1631 1947 illasreddet
1653 1902 1719 1949 εὕ-

247 1966 361 2022 μαθῆ
394 1966 571 2024 (faciles
606 1977 725 2020 captu.
751 1977 787 2004 et
816 1964 1045 2018 intellectu)
1069 1965 1143 2005 ’καὶ
1172 1967 1288 2016 σαφῆ
1308 1977 1381 2011 eo,
1413 1962 1529 2016 quod
1551 1977 1718 2002 caussas

246 2039 389 2065 earum
422 2023 490 2078 (h.
516 2038 549 2063 e.
586 2037 672 2062 non
703 2023 969 2077 singulorum
1000 2030 1252 2070 eventuum,
1284 2019 1546 2073 singularum
1578 2033 1719 2059 rerum

247 2090 482 2136 gestarum,
514 2093 713 2135 quas-par
732 2078 859 2126 estin
883 2078 974 2130 ipsa
996 2076 1243 2116 narratione
1265 2076 1497 2127 explicari,
1530 2075 1602 2116 sed
1623 2075 1721 2114 uni-

246 2151 391 2176 versae
419 2137 480 2174 rei
506 2151 606 2175 mox
634 2150 707 2189 per
733 2136 903 2188 singula
938 2131 1284 2187 persequendae)
1314 2134 1397 2185 jam
1422 2133 1467 2170 in
1486 2132 1719 2187 principio

247 2195 388 2246 operis
420 2193 605 2245 profert,
637 2202 679 2231 et
709 2204 910 2230 summam
947 2189 1156 2244 quandam
1187 2203 1323 2229 rerum
1348 2198 1559 2242 gestarum
1590 2197 1718 2243 pra’e-

245 2251 397 2289 mittit.
459 2249 695 2302 Aptissim'e
714 2257 853 2286 autem
875 2247 1035 2299 repetit
1057 2256 1207 2284 auctor
1229 2259 1375 2285 vocem
1393 2241 1596 2298 εὐμαθὴς,
1616 2245 1719 2285 licet

245 2305 297 2345 de
320 2305 443 2345 rebus
464 2305 630 2357 passive
649 2302 919 2351 sumendam,
953 2317 1080 2356 quum
1104 2312 1224 2342 antea
1252 2302 1431 2341 usus.⁴sit
1447 2316 1563 2343 ,voce
1591 2299 1718 2353 εὐμά-

242 2368 366 2411 θεια,
399 2375 652 2416 quamquam
687 2360 825 2400 active
854 2359 927 2398 illa
962 2358 1013 2399 de
1048 2357 1319 2397 auditoribus
1355 2359 1573 2411 capienda.
1631 2358 1716 2399 Ne·

246 2432 328 2470 que
355 2419 400 2456 in
423 2429 474 2457 eo
501 2417 734 2471 quidquam
756 2430 846 2456 esse
877 2425 1017 2471 potest
1042 2415 1337 2465 confusionis,
1371 2416 1457 2453 nisi
1480 2414 1595 2469 quod
1620 2428 1714 2454 cum

244 2475 389 2527 aliqua
413 2474 457 2513 vi
476 2474 710 2523 inferatur,
746 2486 877 2527 quum
898 2487 999 2511 usus
1017 2470 1227 2525 loquendi
1248 2470 1350 2510 huic
1373 2472 1472 2510 voci
1494 2482 1716 2523 utramque

243 2540 500 2582 potestatem
534 2544 674 2584 aequa.
696 2532 788 2585 lege
822 2528 1049 2570 tribuerit..
1093 2528 1265 2573 Restat,
1298 2538 1347 2567 ut
1368 2527 1569 2567 lectionis
1592 2524 1713 2568 εὐπο-

245 2588 345 2639 ρὶσει
364 2597 550 2627 mutatae
569 2587 779 2630 rationem
810 2583 993 2625 reddam.
1055 2584 1216 2636 Recepi
1239 2581 1621 2638 &uomicae-Co&
1645 2583 1719 2622 Μ.»

245 2651 287 2681 et
318 2642 395 2679 Ed.
424 2642 555 2693 Flor.‚
584 2651 696 2696 ‘quae
715 2644 865 2681 ,instar
898 2640 1072 2680 Codicis
1102 2650 1189 2687 est3
1236 2639 1366 2695 idque
1393 2639 1710 2679 fecimonente

242 2696 441 2737 Lobeckio
474 2699 517 2736 in
551 2700 746 2754 Paret-gg.
780 2696 832 2738 ad
862 2698 1070 2752 Phijynicls.
1091 2712 1131 2750 p.
1153 2701 1250 2742 595.
1287 2697 1362 2751 qui
1389 2694 1573 2734 activam
1606 2695 1709 2734 huic

245 2752 375 2794 verbo
399 2755 484 2790 vim
509 2755 726 2805 vindicat,
759 2754 898 2794 allatis
920 2769 942 2793 e
961 2754 1273 2807 probatissimis
1301 2751 1584 2804 scriptoribus
1609 2764 1708 2791 usus
