1834 3188
276 171 376 219 478
636 178 1391 212 ADNOTArroan

275 280 550 336 praecesserit
568 288 706 319 tamen
728 277 971 317 Futurum?
1012 276 1257 316 Variantem
1279 291 1368 316 non
1392 275 1651 330 deprehendi
1675 280 1744 316 ul-

275 343 357 380 lam
379 338 624 387 lectionem,
652 336 740 374 nisi
763 333 880 389 quod
902 334 1071 387 plenius
1093 343 1190 373 ante
1214 333 1319 372 haec
1341 334 1466 373 verba
1494 334 1743 373 distinctum

274 395 405 436 video
426 395 469 432 in
493 394 601 434 Edd.
623 402 725 431 vett.
740 423 751 441 ,
786 399 990 430 commate
1012 399 1175 428 tantum
1197 389 1241 427 in
1261 389 1389 429 Reitz.
1410 399 1452 429 et
1469 400 1668 442 recentt.‚
1702 400 1745 430 et

277 451 395 507 quod
419 451 463 489 in
483 450 587 490 Alcl.
611 459 793 501 utraque
818 456 916 499 post
939 448 1090 500 βέλτιον
1116 447 1466 500 interrogationis
1489 447 1656 501 signum
1681 462 1744 485 re-

274 509 461 562 peritur,
495 505 608 544 haud
639 504 767 544 dubie
802 503 911 542 illud
947 503 1219 556 ineptissimo
1251 505 1348 541 loco
1385 503 1590 554 positum.
1650 503 1743 544 Jam

277 565 515 618 pleniorem
550 564 666 612 illam
700 560 1094 614 interpunctionem
1126 572 1324 598 revocare
1361 559 1549 611 placuit,
1595 569 1636 599 et
1664 573 1741 612 pro

274 617 442 677 αἰσχύνῃ
471 619 690 658 levissima
729 617 968 656 mutatione
1003 615 1232 655 rescribere
1258 614 1449 669 αἰσχύνη,
1490 618 1578 668 jota
1611 616 1689 654 sub
1715 632 1743 668 η

276 681 437 731 ejecto,
469 685 516 715 ut
546 674 617 714 hic
648 675 870 713 exsisteret
898 687 1066 722 sensus,
1099 672 1185 709 nisi
1215 672 1365 720 fallor,
1400 685 1643 726 germanus:
1674 688 1745 711 nec

275 736 346 773 erit
369 737 481 787 jam,
524 731 632 786 quod
661 742 696 769 ie
722 729 890 785 pudeat,
922 738 1001 768 etc.
1060 726 1145 771 Οὗκ
1168 727 1330 781 αἰσχύνη
1360 729 1469 780 (int.
1499 727 1626 781 ἕςται)
1654 742 1742 766 non

274 791 415 828 minus
427 790 696 827 Lucianeum
717 796 794 835 est,
827 800 952 839 quam
974 785 1140 840 phrasis
1163 781 1293 833 οὐδεὶς
1309 782 1472 837 φθόνος
1492 785 1598 834 (ἐστὶ
1618 784 1745 823 omis-

274 847 368 899 so).
431 845 502 884 Cf.
526 846 659 886 Diall.
682 844 837 884 Mortt.
860 842 954 893 XV,
979 849 1016 886 1.
1040 841 1109 884 τὸν
1134 843 1301 894 Πηλέως
1323 841 1365 883 δὲ
1383 839 1496 891 υἱὸν,
1527 840 1598 882 τὸν
1620 845 1746 893 φιλο-

273 899 561 945 κινδυνὸτατον
582 897 727 954 ἡρώων
754 895 968 950 ἁπάντων,
999 897 1162 940 ταπεινοὶ
1185 897 1289 939 οὕτω
1309 899 1399 951 περὶ
1421 894 1551 939 αὑτοῦ
1567 900 1746 938 διανοεῖ-

275 967 396 1010 σθαι,
426 956 587 1010 πολλὴ
620 954 844 1010 αἰσχύνη
865 965 944 995 etc.
966 972 1110 1009 magno
1131 966 1185 994 est
1209 955 1401 994 dedecori.
1435 955 1615 995 Parasit,
1628 968 1660 992 c.
1675 958 1743 996 58.

273 1018 362 1070 ἐμοὶ
383 1017 454 1069 μὲν
483 1013 560 1070 γὰρ
584 1017 778 1056 δοκοῦσιν
802 1009 931 1065 ὥςπερ
954 1008 1208 1066 εὖεργοῦντες
1232 1013 1296 1053 καὶ
1313 1010 1564 1065 χαριζόμενοι
1583 1010 1743 1063 τρέφειν

272 1071 420 1122 αὐτοὺς
438 1075 480 1114 οἵ
497 1069 710 1120 πλούσιοι,
743 1070 810 1110 καὶ
841 1067 976 1111 εἶναι
1006 1073 1158 1110 τοῦτο
1189 1066 1448 1120 αἰσχύνην
1479 1067 1741 1122 τῷτρεφομέ-

270 1148 352 1187 νῳ,
386 1141 421 1168 et
443 1145 542 1178 esse,
576 1127 684 1181 quod
701 1125 848 1180 pudeat
867 1141 976 1173 eum,
1009 1127 1077 1178 qui
1095 1126 1154 1163 sic
1173 1123 1319 1164 alatur.
1362 1125 1523 1162 LEHM.

384 1185 489 1239 ,EacL
507 1188 537 1224 1.
565 1189 630 1227 12.
656 1179 749 1224 Ἐπὶ
767 1181 947 1233 πάντας)
979 1182 1081 1221 Scil.
1108 1179 1372 1232 φιλοσόφους.
1404 1181 1552 1219 Bnon.

384 1241 488 1282 Eacl.
521 1244 547 1282 1.
575 1246 640 1285 13.
674 1237 882 1293 ‘'Hammo)
924 1237 1071 1287 Dicit,
1113 1251 1156 1276 se
1188 1236 1292 1275 haec
1328 1236 1566 1289 disputasse
1597 1244 1744 1274 contra

273 1299 470 1350 Stoicos,
502 1311 591 1336 non
616 1295 732 1350 quod
761 1294 973 1350 singulari
1010 1291 1193 1347 quodam
1223 1291 1325 1331 odio
1350 1293 1448 1331 illos
1475 1306 1575 1343 prae
1596 1291 1746 1330 ceteris

273 1353 634 1411 philosophorum
671 1351 797 1391 sectis
841 1358 1145 1404 prosequatur,
1191 1348 1264 1388 sed
1308 1348 1423 1402 quod
1457 1347 1748 1388 Hermotimus

273 1413 378 1452 huic
398 1426 440 1451 se
460 1412 759 1462 mancipasset,
792 1406 904 1446 idem
925 1406 1133 1452 dicturus,
1164 1406 1200 1444 si
1223 1415 1297 1443 aut
1317 1407 1536 1446 Platonem
1557 1414 1631 1443 aut
1649 1404 1746 1442 Ari-

275 1471 468 1508 stotelem
491 1476 735 1505 sectaretur.
799 1463 880 1504 Sed
904 1464 949 1501 in
975 1462 1147 1501 Graecis
1171 1461 1310 1500 verbis
1330 1459 1480 1500 menda
1501 1463 1618 1500 latet.
1678 1461 1749 1498 Sic

275 1525 484 1565 eduntur:
527 1520 575 1563 τὰ
604 1519 682 1575 γάρ
713 1515 816 1561 αὕτα
843 1518 944 1572 πρός
975 1532 1017 1559 σε
1048 1516 1163 1559 εἶπον
1190 1514 1265 1567 ἂν,
1308 1520 1342 1559 εἰ
1369 1515 1416 1558 τὰ
1448 1514 1690 1566 Πλάτωνος,
1722 1513 1750 1567 ἢ

268 1580 565 1635 Ἀριστοτέλους
587 1577 742 1634 ᾕρησο,
771 1581 851 1618 τῶν
879 1574 1009 1616 ἄλλων
1031 1570 1205 1628 ἆκρίτων
1225 1570 1376 1627 ἐρήμην
1395 1571 1639 1628 καταγνούς·
1673 1572 1746 1611 sed

276 1637 384 1691 quid
418 1646 481 1675 est
509 1633 663 1692 ᾕρησο,-
702 1631 927 1687 legendum
959 1630 1133 1669 omnino
1154 1627 1318 1683 ἦρήσω·
1358 1629 1394 1668 si
1426 1640 1498 1668 aut
1527 1630 1747 1668 Platonem

273 1703 349 1733 aut
373 1693 647 1731 Aristotelem
682 1689 982 1742 praetulisseS,
1014 1695 1198 1725 sectatus
1229 1700 1351 1727 esseS.
1411 1688 1613 1738 Αἴρεσθαί
1636 1703 1746 1734 τινος

273 1760 336 1790 est
360 1750 545 1803 aliquem
578 1745 745 1787 sectari.
804 1744 925 1783 Hinc
959 1743 1129 1797 αἱρέσεις
1159 1752 1260 1780 sunt
1292 1751 1430 1781 sectae
1449 1741 1748 1795 philosopho-

272 1822 379 1847 rum.
452 1805 572 1847 Infra
600 1802 872 1853 κεκολασμένῃ
912 1802 1042 1841 δίαιτα
1073 1808 1137 1838 est
1167 1797 1369 1837 adstricta
1399 1811 1542 1837 severa
1572 1797 1748 1837 vivendi

273 1863 384 1902 ratio
400 1895 410 1912 ‚
443 1875 567 1915 quam
592 1861 636 1897 in
658 1859 778 1898 victu
801 1866 843 1896 et
862 1856 1018 1895 amictu
1041 1854 1246 1894 tenebant
1268 1853 1544 1906 philosophi,
1575 1854 1645 1892 cui
1668 1869 1749 1906 op-

272 1927 499 1974 ponuntur
516 1915 637 1958 ἅνετα
654 1912 785 1957 πάντα
805 1914 874 1954 καὶ
903 1909 1116 1963 ἐλεύθερα,
1149 1910 1272 1950 libera
1301 1913 1433 1949 omnia
1457 1921 1491 1948 et
1511 1910 1662 1959 soluta,
1697 1919 1746 1948 ut

277 1975 411 2016 Cicero
431 1974 641 2027 loquitur.
675 1971 745 2010 Sic
764 1980 805 2009 et
826 1969 1030 2009 Plutarch.
1053 1968 1097 2005 in
1122 1967 1329 2020 Lycurgo
1353 1965 1497 2004 duram
1521 1967 1637 2004 illam
1662 1965 1746 2003 dis·

220 2022 226 2033 *
275 2031 501 2085 ciplinam‚
536 2043 618 2082 qua
642 2027 765 2081 pueri
783 2023 1224 2065 Lacedaemoniorum
1259 2021 1589 2072 coercebantur,
1620 2031 1746 2060 vocat

273 2091 430 2130 δίαιταν
459 2086 772 2137 κεκολασμένην.
820 2083 998 2121 GnAnv.
1074 2078 1213 2117 Tenui
1251 2077 1409 2130 spiritu
1448 2092 1592 2117 omues
1622 2087 1746 2128 antea

273 2143 531 2183 scribebant.
575 2142 744 2180 SOLAN.
804 2139 1016 2178 Monente
1040 2134 1190 2175 Solane
1219 2134 1415 2186 spiritum
1449 2149 1639 2187 asperum
1676 2132 1748 2171 ad..

274 2201 430 2251 sumsi3
464 2196 686 2239 etsiBrocZ.
708 2209 882 2249 quoque
903 2192 1051 2231 scribit
1069 2189 1211 2247 ᾕρησο,
1238 2189 1451 2243 delegisses.
1483 2190 1563 2230 Sed
1578 2205 1628 2228 ex
1640 2189 1744 2232 B.2.

274 2266 484 2311 punctum
507 2253 793 2304 subscriptum
818 2249 987 2289 addidi:
1021 2257 1083 2286 est
1102 2247 1215 2287 enim
1239 2247 1290 2286 ab
1317 2248 1513 2299 αἱρέομαι,
1530 2246 1744 2299 dig-omen

275 2314 325 2351 ab
348 2315 485 2366 ἔρωμαι
509 2311 753 2362 interrogo,
788 2317 829 2345 et
853 2304 1258 2359 plusquamperfect.
1292 2303 1484 2356 passivae
1512 2304 1674 2342 formae
1697 2301 1743 2339 in

275 2369 358 2408 hoc
381 2368 511 2409 verbo
534 2366 673 2405 active
693 2367 817 2413 valet,
832 2362 969 2400 veluti
987 2361 1189 2413 τεθέαμαι,
1203 2359 1297 2409 vidi,
1314 2360 1476 2414 Evang.
1499 2359 1615 2398 Joan.
1629 2357 1746 2407 I‚32.

277 2427 481 2470 δέδεκται,
513 2422 682 2475 accepit,
714 2421 811 2459 Aci.
835 2418 969 2468 VIII,
1000 2422 1063 2460 14.
1124 2418 1235 2457 Sunt
1260 2416 1370 2455 enim
1398 2415 1503 2454 haec
1521 2413 1647 2452 verba
1674 2412 1746 2451 de-

276 2482 499 2533 ponentia.
560 2478 634 2519 Sic
654 2476 876 2515 Herodian.
897 2475 940 2524 I,
966 2480 1040 2524 13,
1068 2476 1133 2517 15.
1154 2474 1418 2514 έδεδουλῶντο
1443 2470 1581 2509 active
1604 2468 1742 2522 ponit.

278 2538 421 2577 Miror
445 2539 592 2588 itaque
611 2533 676 2573 Cl.
701 2532 907 2572 Graevium
931 2545 1080 2584 rogare
1101 2527 1207 2583 quid
1231 2529 1289 2566 sit
1307 2527 1462 2581 ἤρεσοὲ)
1490 2527 1655 2564 Rara-z.

390 2595 490 2645 Pag.
518 2592 660 2634 118.1.
684 2592 723 2632 5.
761 2586 862 2630 Οὔτε
888 2589 1042 2629 δίαιταν
1071 2585 1400 2637 κεκολασμένην)
1431 2581 1480 2620 Id
1505 2591 1590 2626 est,
1625 2596 1743 2635 neque

278 2652 515 2701 castigatam
541 2646 609 2697 (h.
635 2659 669 2683 e.
691 2643 948 2697 strictiorem)
974 2642 1128 2682 vivendi
1149 2644 1350 2680 rationem.
1411 2639 1481 2677 Sic
1505 2638 1665 2679 flelian.
1687 2637 1739 2678 V·

278 2704 336 2743 H·
358 2705 443 2753 XI,
466 2711 504 2749 3.
526 2703 796 2754 κεκολασμένῃ
818 2706 954 2757 τροφῇ
973 2702 1196 2752 διαβιῶναι.
1227 2697 1280 2736 L.
1302 2697 1406 2735 Bos.
