1834 3188
283 200 383 250 578
644 211 1396 244 Auxo‘rArtonns

284 312 398 354 hader
426 311 577 364 hatten,
619 309 760 349 ‹ir-iiber
786 309 864 348 lter.
922 308 974 347 D'
992 307 1181 349 OrviZZius
1207 323 1308 349 vero
1328 308 1380 348 ad
1405 308 1552 350 Gharz‘t.
1574 325 1613 364 p.
1639 313 1738 357 285.

283 370 480 423 scripsit:
509 367 741 419 „Nostram
768 364 1030 405 locutionem
1060 367 1277 421 (γενέσθαι
1299 366 1389 416 περὶ
1414 367 1480 419 τὶ)
1511 381 1601 406 non
1630 368 1738 408 bene

283 435 522 481 perceptam
554 423 667 477 apud
699 422 924 461 Lucianum
956 421 1111 475 Quom.
1133 422 1247 463 Hist.
1274 422 1445 464 Conscr.
1470 438 1504 462 c.
1524 429 1593 467 22.
1617 439 1738 466 reor:

287 480 342 531 ὦς
364 482 404 524 δὲ
425 482 652 532 λελουμένοι
669 480 762 527 περὶ
780 474 928 526 αὖτοῦς
949 479 1162 533 ἐγίγνοντο.
1221 479 1360 534 Vulgo
1381 474 1550 529 αὐτούς,
1583 489 1625 519 et
1647 494 1739 520 ver·

285 540 416 579 titur:
441 541 527 592 jam
549 536 621 576 loti
644 535 697 573 acl
716 534 809 574 illos
834 534 1011 574 aderant.
1069 535 1132 591 In,
1147 549 1230 586 quo
1256 534 1328 573 hic
1355 534 1398 576 τὸ
1424 532 1571 585 εὔτελὲς
1602 537 1740 576 conti-

285 604 461 644 meatur,
493 593 744 644 interpretes
771 605 857 629 non
889 589 1093 629 indicant.
1134 592 1262 630 ⁷Puto
1287 592 1332 629 in
1356 591 1496 631 verbis
1517 607 1603 631 non
1627 607 1738 641 esse,

287 651 359 690 sed
387 651 429 689 in
459 664 504 689 re
537 649 650 700 ipsa;
683 650 767 702 jam
796 647 868 686 loti
895 665 934 686 se
962 647 1170 698 curabant,
1215 648 1300 687 vile
1331 657 1394 687 est
1418 647 1473 687 'in
1504 649 1744 690 Historia.“

286 706 414 747 Nihil
435 704 618 754 definio,
651 703 722 743 sed
747 703 972 743 D'Orvillii
992 705 1101 743 ratio
1124 718 1211 742 non
1237 706 1399 757 placet,
1436 718 1563 759 quum
1593 714 1742 744 auctor

288 763 332 803 h.
352 765 380 801 1.
402 777 489 801 non
508 775 597 809 reS,
629 760 700 800 sed
723 760 929 799 vocabula
953 760 1245 813 reprehendat.
1280 762 1475 800 Fortasse
1496 761 1741 800 Lucianum

288 819 393 858 haec
414 820 598 856 formula
620 815 819 866 offendit,
850 818 978 867 alios,
1009 826 1058 855 ut
1078 816 1144 866 fit,
1178 817 1329 857 minus.
1361 817 1480 858 Rus.
1529 816 1743 870 Equidem

289 890 384 915 cum
402 874 542 914 Belino
561 874 745 927 ingenue
764 873 903 912 fateor
925 888 1012 912 non
1034 873 1272 927 intelligere
1293 888 1381 922 me,
1413 873 1515 929 quid
1535 872 1617 913 sibi
1639 873 1745 913 velit

287 931 533 981 Lucianust,
563 930 648 967 nisi
668 929 780 968 forte
799 930 952 968 vitium
978 929 1021 966 in
1042 930 1180 968 verbis
1203 929 1314 969 inest
1333 930 1639 978 inveteratum,
1672 944 1745 969 cu-

290 991 357 1042 jus
378 987 556 1040 vestigia
578 995 751 1025 externa
770 985 907 1024 adhuc
931 989 1079 1025 latent.
1110 987 1266 1026 Lnnm.

401 1043 501 1096 Pag.
522 1046 614 1085 194.
636 1045 664 1082 l.
689 1046 727 1084 4.
760 1044 816 1083 Εἴ
831 1045 934 1090 που)
968 1042 1085 1080 Infra
1109 1056 1210 1080 vero
1226 1042 1352 1085 Rhet,
1375 1057 1408 1082 c.
1431 1049 1469 1087 6.
1488 1043 1533 1081 in
1553 1043 1661 1083 Junt.
1682 1045 1742 1082 le-

288 1100 404 1154 gitur
434 1093 541 1152 ἦπου
571 1097 640 1139 τὸν
671 1102 820 1139 Νεῖλον
847 1097 969 1149 εἶδες-ς
1011 1097 1127 1150 quod
1159 1098 1330 1138 Solemus
1357 1115 1409 1140 ex
1439 1100 1533 1139 aliis
1562 1098 1674 1140 Edd.
1695 1100 1742 1138 in

287 1158 461 1199 eil—nov
483 1154 688 1204 mutavit,
720 1154 788 1192 cui
811 1153 1005 1193 obsecuti
1026 1168 1182 1193 sumus,
1213 1156 1378 1196 Rnrrz.

399 1211 503 1252 Ead.
524 1214 552 1249 1.
576 1216 616 1254 6.
636 1207 812 1252 ”ῼδινεν
832 1208 957 1264 ὅρος)
985 1210 1247 1265 Paroemiog.
1279 1213 1456 1251 Bonan.
1511 1211 1563 1250 In
1584 1210 1742 1250 fabulis

288 1267 509 1308 hodiernis
535 1268 687 1321 Aesopi
718 1281 805 1306 non
839 1276 992 1307 exstat.
1032 1266 1197 1308 SOLAN.
1255 1268 1404 1308 Horat.
1434 1268 1525 1307 Art.
1554 1269 1674 1309 Poet,
1701 1282 1744 1310 v,

288 1329 384 1370 139.
413 1325 571 1366 Lnnm,

399 1379 551 1421 Ead.1.
577 1385 643 1424 10.
675 1380 1084 1436 Συγκεκαττυμένος)
1117 1381 1184 1420 Cf.
1211 1379 1310 1420 infr.
1340 1382 1480 1435 Epist.
1507 1382 1593 1424 Sat.
1622 1395 1655 1425 c.
1675 1385 1744 1429 28.

287 1438 453 1480 SOLAN.

398 1492 502 1533 End.
521 1496 548 1533 1.
574 1498 639 1536 11.
675 1496 754 1536 Καὶ
770 1496 926 1549 χοιρίνη
945 1496 1035 1546 περὶ
1053 1499 1137 1544 ταῖς
1154 1493 1345 1548 κνήμαις)
1374 1495 1526 1535 Mellei
1547 1497 1745 1548 profecto

286 1550 551 1602 interpretes.
609 1550 862 1601 Benedictus,
895 1562 930 1589 et
945 1552 1102 1590 tibialia
1120 1568 1173 1590 cx
1192 1554 1297 1591 corio
1311 1552 1630 1606 por-cinofacta3
1659 1567 1746 1591 ma·

285 1609 325 1645 le
348 1604 533 1659 quidem,
565 1606 639 1644 sed
661 1608 811 1645 melius
832 1617 986 1652 tamen.
1022 1622 1143 1659 quam
1168 1608 1381 1661 Micyllus,
1415 1608 1627 1647 &tibialia
1647 1625 1744 1648 con-

285 1662 369 1701 chis
384 1664 600 1702 incrustata
621 1674 689 1702 aut
715 1679 768 1702 ex
785 1665 890 1703 corio
915 1664 1226 1720 por-cinofacicz.
1286 1666 1343 1702 At
1364 1665 1458 1717 quis
1481 1664 1591 1703 dixit
1612 1665 1743 1703 tibia-

283 1718 342 1756 lia
360 1718 575 1757 militum?
607 1720 671 1756 An
695 1719 752 1757 ita
786 1719 958 1772 ignotae
980 1722 1086 1757 sunt
1115 1733 1286 1769 ocreae,
1332 1734 1432 1773 quas
1463 1720 1577 1758 haud
1612 1721 1743 1760 dubie

284 1787 399 1811 nunc
420 1774 633 1813 intellexit
661 1776 878 1814 Lucianus.
938 1777 1090 1828 Itaque
1112 1786 1249 1825 verte,
1282 1787 1317 1814 ct
1345 1791 1458 1814 ocrea
1487 1778 1593 1816 circa
1625 1778 1742 1816 tibias

284 1845 339 1869 ex·
360 1831 466 1869 corio
486 1833 661 1883 porcino.
690 1832 834 1870 Gnon.
894 1833 1139 1884 Praeplacet
1163 1832 1250 1871 fere
1274 1835 1470 1881 alterum,
1517 1832 1631 1886 quod
1659 1833 1744 1872 ha-
1795 1854 1800 1861 ·

284 1885 356 1925 bet
377 1886 592 1936 Micyllus:
624 1888 782 1928 conchis
803 1890 1030 1928 incrustata.
1073 1887 1170 1928 Vid.
1195 1887 1335 1928 Schol.
1361 1889 1566 1941 Aristoplz.
1593 1890 1739 1944 Equit.

283 1956 326 1981 V·
363 1947 482 1986 1329.
524 1946 696 1997 χοιρίναι
724 1967 781 1975 -
810 1946 883 1987 εἰσὶ
909 1947 951 1987 δέ
976 1961 1089 1993 τινες·
1104 1943 1246 1998 κόγχαι
1273 1947 1498 1985 maassiae.
1539 1945 1658 1983 Run.
1692 1946 1740 1985 in

282 1996 380 2038 Ind.
432 1999 706 2053 Legendum,
738 2003 895 2054 χοίρινα
914 2000 962 2042 τοὶ
980 2002 1069 2052 περὶ
1089 2006 1174 2048 ταῖς
1193 1997 1362 2054 κνήμαις
1380 1998 1611 2039 secundum
1637 2000 1740 2040 Alci.

281 2059 324 2098 2.
348 2054 394 2092 iu
415 2069 496 2108 qua
519 2065 654 2095 tamen
677 2056 874 2097 mendose
903 2058 992 2110 περὶ
1018 2055 1067 2097 τὰ
1091 2056 1260 2109 κνήμας.
1319 2056 1628 2110 Intelliguntur
1653 2057 1739 2096 ita-

284 2123 368 2164 que
389 2113 578 2163 κνημίὸες
598 2114 792 2164 χοίριναι,
824 2113 853 2152 i.
879 2129 913 2154 e.
936 2129 1070 2152 ocreae
1089 2116 1286 2167 porcinae.
1317 2113 1475 2154 LnnM,

396 2167 500 2206 Ead-
524 2171 550 2210 l.
575 2173 638 2212 12·
661 2167 862 2219 4Ῥοδίων)
904 2170 1021 2210 Inter
1053 2170 1252 2208 Colossos
1281 2178 1322 2208 et
1351 2178 1512 2207 statuas
1547 2168 1743 2225 ingentes

282 2222 482 2276 inprimis
521 2223 757 2263 celebratur
797 2224 1000 2265 Colossus
1043 2224 1241 2264 Rhodius
1279 2224 1459 2278 pedibus
1498 2235 1665 2265 centum
1698 2235 1742 2265 et

285 2279 478 2333 quinque
501 2282 622 2319 altus.
657 2281 802 2321 Goon.
846 2281 1025 2321 Centum
1048 2281 1084 2320 is
1109 2291 1151 2321 et
1174 2281 1366 2335 quinque
1385 2279 1512 2332 pedes
1532 2283 1638 2321 altus
1659 2292 1743 2321 tra-

284 2334 403 2374 ditur
421 2336 579 2387 fuisse,
608 2335 697 2377 sive
715 2338 840 2377 LXX
864 2337 1120 2377 cubitorum.
1178 2337 1285 2377 Plin.
1308 2336 1512 2384 XXXIV,
1533 2342 1572 2380 7.
1595 2338 1741 2377 Strabo

284 2389 402 2430 XIV.
431 2406 526 2446 pag.
548 2395 641 2437 652.
663 2393 711 2433 C.
739 2394 925 2434 Philostr.
959 2394 1049 2434 Vit.
1070 2395 1270 2447 Apollon.
1292 2394 1351 2443 V,
1375 2398 1416 2437 7.
1477 2392 1587 2433 Vide
1613 2393 1741 2432 etiam

287 2446 481 2500 Scaligeri
501 2447 711 2489 animadv.
741 2449 785 2488 in
805 2450 963 2490 Eusebii
986 2450 1147 2490 Chron.
1170 2464 1211 2488 n.
1236 2454 1355 2493 1794.
1387 2463 1427 2502 p.
1458 2452 1548 2492 137.
1581 2449 1739 2489 Chares

284 2502 487 2553 Lyndius
505 2505 693 2560 Lysippi
714 2504 952 2560 discipulus
969 2507 1098 2556 fecit,
1130 2505 1354 2544 duodecim
1375 2518 1579 2543 annorum
1599 2505 1740 2557 spatio

289 2556 342 2595 ad
363 2558 406 2597 id
425 2571 664 2611 consumto,
697 2576 809 2602 anno
833 2572 929 2602 ante
950 2561 1047 2602 Chr.
1069 2567 1165 2606 278.
1182 2562 1331 2600 Annos
1349 2564 1402 2604 56
1422 2573 1514 2598 cum
1534 2562 1737 2612 stetisset,

287 2620 423 2654 terrae
444 2626 563 2655 motu
587 2628 821 2671 prostratus
845 2628 927 2671 est,
956 2618 1099 2672 (anno
1129 2627 1227 2657 ante
1259 2617 1359 2657 Chr.
1392 2613 1516 2666 222.)
1547 2630 1622 2655 nec
1653 2631 1738 2654 un..

289 2680 412 2720 quam
454 2672 689 2713 restitutus.
749 2675 892 2715 Jacuit
930 2674 983 2713 ad
1014 2689 1079 2714 an.
1107 2687 1242 2726 usque
1272 2671 1435 2711 Christi
1463 2671 1738 2713 DCLXXII.

288 2735 376 2777 quo
397 2736 519 2778 capta
543 2740 567 2767 a
589 2729 804 2771 Saracenis
824 2730 1003 2784 Rhodo,
1035 2730 1209 2773 vaeniit.
1265 2729 1368 2768 Post
1386 2736 1452 2769 tot
1470 2726 1737 2780 detrimenta,
