1834 3188
216 578 254 612 p.
269 575 347 612 759
361 560 437 598 νῦν
457 552 591 596 α’κουε.

359 238 427 285 30

835 247 1242 282 LUCIANI

216 367 256 400 p.
267 357 346 400 758.
361 351 473 406 ρητα,
497 348 563 392 καὶ
582 348 622 390 ἕν
644 347 796 402 ἀφανεῖ
816 349 989 402 κείμενα,
1009 343 1141 402 λόγοις
1159 345 1228 389 καὶ
1253 348 1485 397 συνουσίαις
1505 341 1740 389 ἀναδεικνύ-

362 434 474 474 μενα,
508 418 573 459 καὶ
595 417 724 472 ἔργοις
740 422 822 466 τοῖς
840 413 994 470 ὁμοίοις
1015 413 1090 469 ὀψὲ
1111 413 1232 468 μόλις.
1266 412 1288 456 ὅ
1310 420 1411 470 γοῦν
1436 420 1610 468 Μῶμος,
1643 412 1742 467 οἰκή-

363 503 487 537 κοας,
520 483 652 538 οἶμαι,
683 483 798 526 ἅτινα
819 482 1003 541 ᾐτιάσατο
1025 487 1100 525 τοῦ
1124 479 1356 536 Ἠφαίστου
1371 498 1381 509 ·

1417 487 1452 526 εἰ
1472 485 1513 526 δὲ
1533 483 1585 538 μὴ
1599 515 1610 533 ,
1643 479 1743 524 ἀλλὰ

639 555 738 606 φησὶ
762 550 836 609 γὰρ
868 550 890 594 ὁ
909 556 1041 605 μῦθος
1065 552 1193 606 ἐρίσαι
1211 548 1415 604 Ἀθηνᾶν,
1447 553 1514 593 καὶ
1538 553 1744 593 Ποσειδῶ-

363 641 435 674 να,
467 624 535 664 καὶ
552 621 782 673 Ἥφαιστον
813 617 1008 674 ευτεχνίας
1036 620 1124 674 πέρι
1145 622 1211 669 g).
1244 636 1311 660 και
1341 618 1410 661 τὸν
1438 638 1481 673 με
1467 620 1506 661 ὲν
1537 622 1740 670 Ποσειδῶ,

361 688 512 746 ταῦρόν
535 708 624 733 τινα
643 686 890 731 ἀναπλάσαι·
921 687 994 741 τὴν
1013 683 1193 741 Ἀθηνᾶν
1217 686 1280 738 δὲ,
1312 689 1442 729 οἰκίαν
1464 688 1689 740 ἔπινοησαι·
1720 704 1742 728 ο

351 759 586 813 ”Ηφαιστος
615 760 677 806 δὲ,
711 757 933 811 ἄνθρωπον
963 753 1041 809 α’ρα
1071 754 1353 807 συνεστήσατο

1405 757 1472 798 καὶ
1490 757 1646 809 ἐπείπερ
1679 755 1746 798 ἐπὶ

361 826 432 870 τὸν
464 831 626 880 Μῶμον
652 821 777 879 ἧκον,
823 824 945 877 ὅνπερ
972 820 1161 874 δικαστὴν
1192 826 1449 878 προείλοντο,
1495 822 1748 877 θεασάμενος

362 899 516 945 ἐκεῖνος
546 893 714 937 ἑκάστου
743 893 786 936 τὸ
821 895 959 948 ἔργον,
1001 896 1078 931 τῶν
1109 891 1179 943 μὲν
1212 891 1363 943 ἄλλων,
1396 891 1512 933 ἅτινα
1541 888 1745 947 ᾐτιάσατο,

362 963 546 1019 περιττὸν
570 961 620 1004 ἂν
642 964 702 1015 εἰἠ
732 962 878 1016 λέγειν’
911 960 974 1001 ε’πὶ
990 963 1062 1000 τοῦ
1082 957 1308 1013 ἀνθρώπου
1330 960 1371 1002 δὲ
1391 964 1506 1002 τοῦτο
1525 960 1745 1013 ἐμέμψατο,

363 1034 432 1075 καὶ
451 1030 522 1074 τὸν
544 1029 801 1084 ἀρχιτέκτονα
821 1026 1008 1082 ἐπέπληξε
1024 1025 1076 1082 11)
1105 1027 1174 1071 τὸν
1193 1026 1452 1080 ”Ηφαιστον,
1486 1024 1586 1069 διότι
1605 1025 1657 1080 μὴ
1677 1027 1747 1069 καὶ

363 1103 538 1153 θυρίδας
562 1101 747 1151 ἐποίησεν
774 1096 884 1138 αυτῶ
912 1115 1012 1139 κατα
1040 1094 1084 1138 τὸ
1118 1098 1305 1151 στέρνον,
1345 1113 1421 1144 ως,
1455 1091 1750 1137 αναπετασθει-

361 1174 467 1220 σῶν,
498 1165 677 1223 γνώριμα
696 1168 906 1221 γίγνεσθαι
927 1163 1078 1206 ἅπασιν
1101 1183 1125 1205 α
1150 1164 1354 1219 βούλεται,
1386 1164 1455 1205 καὶ
1477 1165 1644 1205 ἐπινοεῖ’
1680 1164 1749 1205 καὶ

362 1240 401 1280 εἰ
420 1233 459 1289 ¹)
489 1234 704 1290 ψεύδεται,
735 1232 764 1287 ἢ
785 1229 983 1286 αληθεύει.
1017 1234 1169 1281 ἐκεῖνος
1185 1234 1255 1285 μὲν
1280 1231 1355 1273 οὐν
1375 1228 1441 1272 οἵτε
1463 1227 1748 1285 αμβλυώττων,

366 1304 471 1348 ου’τω
490 1321 579 1358 περι
601 1306 680 1345 τῶν
701 1299 934 1356 ἀνθρώπων
955 1303 1158 1343 διενοεῖτο
1204 1298 1252 1342 σύ
1275 1297 1308 1342 δ’
1333 1296 1381 1354 k)
1412 1299 1515 1356 νπὲρ
1539 1298 1608 1342 τὸν
1627 1306 1752 1355 Λυγ-

364 1375 434 1416 κέα
460 1371 554 1427 ἡμῖν
586 1373 800 1426 δέδορκας,
842 1371 909 1412 καὶ
935 1366 1033 1426 ὁρᾷς
1067 1367 1115 1410 τὰ
1147 1370 1286 1421 ἔνδον,
1328 1366 1381 1419 ῶς
1408 1371 1535 1421 ἔοικε,
1581 1366 1647 1411 διὰ
1677 1371 1752 1410 τοῦ

412 1485 463 1530 g)
488 1481 619 1527 πέρι]
645 1483 737 1526 „Sic
756 1489 856 1516 recte
886 1485 1023 1518 Juntzssn
1058 1483 1160 1517 Aliae
1186 1483 1282 1528 περί.
1289 1483 1312 1501 “
1359 1484 1401 1516 In
1422 1484 1465 1517 B.
1489 1494 1518 1517 1.
1541 1493 1574 1526 5.
1596 1481 1636 1516 A.
1659 1492 1689 1514 1.
1713 1493 1746 1516 2.

457 1531 550 1563 item
576 1529 659 1574 πέρι
681 1529 875 1572 scriptum.

926 1529 971 1572 h)
997 1527 1258 1574 ἐπέπληξε]
1287 1530 1414 1573 ‚‚SicJ.
1434 1531 1481 1563 Η.
1503 1531 1543 1562 A.
1569 1540 1597 1563 1.
1618 1529 1658 1560 P·
1681 1527 1747 1570 (·³)

457 1577 548 1609 item
570 1577 624 1609 M.
643 1583 679 1608 et
700 1577 737 1609 P.
761 1573 929 1620 ἐξέπληξε
949 1577 1046 1609 male
1065 1576 1116 1610 Fl.
1138 1583 1173 1609 et
1195 1578 1276 1610 Par.
1283 1579 1305 1595 “
1354 1576 1455 1609 Illud
1473 1575 1582 1608 etiam
1602 1573 1641 1607 in
1661 1576 1700 1607 A.
1715 1585 1748 1609 2.

456 1623 605 1665 Β.ι.5

458 1679 528 1701 nec
557 1679 633 1700 non
665 1673 821 1701 lecentt.

457 1725 552 1750 mus.
602 1713 840 1748 V1d.Adnot

367 1825 536 1864 occulto
571 1825 730 1873 latent,
765 1802 1028 1862 sermonibus

365 1890 409 1920 et
431 1879 805 1933 congressionibus
821 1912 831 1930 ,
866 1889 907 1919 et
931 1895 1029 1933 ope·

366 1937 482 1976 ribus
524 1936 760 1984 similibus,
820 1937 893 1975 vix
935 1951 1028 1976 sero

367 1992 536 2032 tandem
581 1993 875 2033 ostenduntur.
937 1993 1030 2031 Ita-

367 2063 449 2102 que
471 2050 644 2087 Momus
667 2049 752 2095 ille,
773 2048 930 2087 audisti
953 2063 1030 2102 pu-

366 2114 436 2154 to,
471 2104 572 2158 quid
598 2105 834 2143 Vulcanum
859 2120 1027 2144 accusa-

368 2171 502 2200 verit:
535 2175 601 2197 sin
636 2176 794 2209 mlnus,
839 2172 881 2199 at
912 2175 1027 2199 nunc

367 2216 482 2256 audi,
543 2218 641 2255 Fert
671 2231 821 2269 nempe
858 2217 1028 2268 fabula,

367 2273 687 2311 contentionem
723 2273 835 2312 inter
859 2274 1029 2313 Miner-

365 2343 475 2378 vam,
508 2340 547 2367 et
569 2329 833 2381 Neptunum,
867 2341 907 2369 et
928 2331 1029 2368 Vul-

367 2400 517 2422 canum
557 2384 607 2424 de
636 2385 736 2423 artis
769 2387 1026 2437 praestantia

367 2441 677 2487 intercessisse'3
713 2451 754 2479 et
777 2455 797 2478 a
821 2443 1025 2495 Neptuno

368 2496 537 2549 quidem
568 2496 751 2535 effictum
779 2507 970 2546 taurum,
1006 2513 1027 2537 a

365 2553 565 2591 Minerva
615 2554 897 2607 excogitatam
943 2554 1028 2593 do—

365 2623 500 2656 mum,
552 2611 831 2660 compositum
863 2625 882 2648 a
924 2611 1027 2651 Vul-

367 2678 473 2702 cano
522 2664 749 2705 hominem.
822 2666 928 2706 Cum
974 2666 1027 2705 ad

366 2720 563 2758 Momum
609 2721 849 2772 venissent,
901 2737 1024 2776 quem

367 2776 572 2816 arbitrum
594 2776 677 2814 sibi
700 2791 849 2831 nempe
871 2793 1026 2818 sumse-

653 1621 688 1663 i)
717 1622 782 1664 εἰ]
809 1623 930 1664 ,,ει’Β.
946 1633 975 1654 2.
996 1619 1021 1666 ἢ
1041 1621 1174 1667 reliqq.
1198 1628 1234 1655 et
1253 1624 1307 1656 Μ.
1314 1623 1335 1641 “
1383 1622 1552 1655 Retinuit
1572 1623 1621 1652 Re
1618 1628 1687 1653 ιιι..
1712 1614 1750 1664 ἢ,

870 1669 1006 1701 Verum
1035 1668 1143 1701 etiam
1165 1670 1208 1707 Β
1224 1679 1254 1711 5.
1280 1667 1390 1701 habet
1411 1669 1459 1711 εἰ,
1487 1667 1588 1713 quod.
1607 1667 1750 1712 recepi-

889 1713 938 1759 k)
965 1709 1005 1749 δ’
1012 1718 1029 1757 ]
1056 1712 1094 1750 δε
1117 1723 1341 1760 2954.5011.
1367 1715 1482 1749 Sclzm.

1087 1833 1206 1874 rant,
1239 1833 1460 1877 perspecto
1489 1823 1562 1863 ille
1590 1822 1751 1863 unius-

1090 1883 1298 1934 cujusque
1321 1895 1469 1933 opere,
1502 1879 1635 1935 quid
1623 1895 1668 1918 m
1688 1896 1752 1920 re-

1087 1937 1216 1990 liquis
1238 1936 1574 1989 reprehenderit,
1610 1937 1751 1976 dicele

1088 1997 1169 2047 jam
1209 1991 1465 2046 supe1fluum
1507 1993 1661 2032 fuerit:
1703 1992 1751 2031 in

1088 2049 1262 2088 homine
1287 2059 1426 2088 autem
1461 2048 1542 2089 hoc
1576 2048 1752 2088 deside-

1086 2107 1219 2156 ravit,
1271 2115 1313 2145 et
1355 2106 1571 2160 increpuit
1608 2105 1751 2149 archi-

1087 2173 1244 2201 tectum
1303 2162 1418 2202 illius
1487 2164 1748 2212 Vulcanum,

1088 2219 1202 2273 quod
1229 2233 1314 2256 non
1341 2228 1381 2257 et
1405 2222 1547 2257 valvas
1581 2218 1749 2272 pectori

1089 2276 1205 2313 illius
1247 2276 1549 2327 applicuisset,
1593 2274 1749 2328 quibus

1090 2331 1246 2384 apertis
1283 2341 1385 2369 nota
1428 2331 1577 2370 fierent
1607 2332 1751 2370 omni-

1085 2387 1188 2437 bus,
1242 2401 1349 2439 quae
1386 2388 1421 2425 is
1452 2390 1581 2425 vellet
1623 2397 1750 2441 atque

1087 2444 1308 2497 cogitaret,
1325 2453 1451 2496 atque
1475 2452 1614 2480 utrum
1635 2457 1748 2482 men-

1086 2500 1256 2547 tiretur,
1321 2513 1371 2537 an
1419 2512 1515 2537 vera
1573 2498 1744 2537 dicerer.

1085 2556 1163 2595 Ille
1187 2555 1318 2609 igitur
1340 2555 1399 2592 ita
1425 2553 1474 2592 de
1498 2553 1747 2592 hominibus

1085 2611 1314 2657 sentiebat,
1350 2620 1551 2663 tanquam
1579 2610 1652 2663 qui
1675 2609 1747 2650 he..

1086 2667 1173 2705 beti
1214 2669 1321 2706 circa
1362 2666 1454 2704 illos
1494 2667 1587 2705 visu
1623 2676 1744 2708 esset.

1085 2724 1152 2760 Tu
1184 2737 1283 2762 vero
1320 2736 1445 2774 supra
1478 2723 1656 2775 Lyncea
1687 2723 1747 2761 il.-

1082 2781 1171 2818 lum
1204 2778 1331 2818 nobis
1360 2787 1485 2819 acute
1519 2778 1661 2826 vides,
1703 2787 1748 2818 et
