1834 3188
315 232 414 278 712
598 240 979 273 ADNo‘rA'rmNEs
1015 242 1065 272 IN
1102 242 1489 276 TYRANNrcmAM.

311 359 404 394 nus,
445 352 487 382 at
513 356 672 396 sperans
700 339 830 380 adhuc
855 355 915 378 me
947 338 1107 378 ultorem
1134 357 1212 380 esse
1242 340 1476 382 habiturum.
1535 341 1660 381 Hanc
1683 344 1768 382 vim

312 397 672 448 confirmativam,
714 410 839 450 quam
867 398 1060 435 Devarius
1088 396 1132 434 i'n
1158 396 1266 435 libro
1296 396 1345 437 de
1377 407 1499 451 partt.
1522 399 1614 438 Grr.
1633 413 1674 451 p.
1696 405 1764 444 28.

311 456 507 495 omittere
529 466 616 493 non
637 453 810 504 debuit,
842 463 993 492 certam
1007 485 1018 501 ,
1049 452 1161 506 apud
1183 463 1374 492 nostrum
1394 454 1563 507 quidem
1588 454 1768 507 scripto·

312 527 422 561 rem,
454 510 594 551 reddit
625 510 800 549 initium
822 508 958 550 libelli
985 509 1055 548 De
1087 509 1219 563 Imag.
1278 509 1438 549 Eadem
1465 509 1766 551 statuenda-in

307 569 516 621 Necyom.
541 582 576 608 c.
596 572 633 610 1.
656 566 733 605 ubi
752 565 1065 605 Hemsterlzusius
1088 565 1132 604 in
1150 565 1309 608 Adnot.
1331 566 1565 620 significat,
1595 582 1640 607 se
1658 582 1766 608 non-

309 626 394 663 nisi
414 624 760 678 interrogativam
778 622 921 661 harum
947 622 1245 675 particularum
1268 623 1353 661 vim
1377 638 1512 673 nosse,
1546 627 1614 664 vel
1635 638 1766 678 agno-

309 695 435 721 scere.
495 681 604 720 Nam
627 677 714 721 ἀλλ’
737 677 764 732 ἤ
787 678 847 718 ibi
869 682 998 732 vulgo
1023 678 1192 732 quidem
1214 679 1393 733 legitur,
1425 679 1497 719 sed
1519 679 1626 720 Cod.
1646 682 1700 721 L.
1724 689 1766 721 et

307 737 387 780 Ed.
418 737 527 778 Juni.
545 737 701 777 rectius
733 735 892 776 habent
912 731 1002 777 ἀλλ’
1025 731 1065 787 ἦ.
1127 735 1288 775 Contra
1316 737 1386 775 De
1412 737 1546 777 Mero.
1566 737 1704 776 Cond.
1728 751 1764 777 c.

306 800 375 838 22.
400 790 518 836 οὐδὲν
541 789 629 834 ἄλλ’
651 792 680 846 ’ἢ
700 798 829 845 φῦσαι
850 807 947 832 vera
970 793 1102 832 lectio
1127 801 1189 831 est
1204 823 1216 842 ,
1249 793 1474 844 potestatis
1501 792 1672 848 quidem
1692 808 1765 833 ex-

306 851 503 903 ceptivae
527 860 626 903 post
645 865 793 889 vocem
814 848 1012 903 negandi.
1071 849 1190 889 Haeo
1213 858 1354 887 nostra
1376 849 1497 888 verba
1522 852 1694 889 Zeunius
1711 848 1764 889 ad

310 908 445 961 Viger.
470 922 512 961 p.
534 913 629 951 476.
652 908 727 962 qui
746 901 831 948 ἀλλ’
852 905 880 959 ἢ
895 906 1023 960 legit,
1056 906 1161 946 mire
1179 905 1326 945 vertit:
1358 905 1405 944 Si
1419 909 1529 960 prius
1547 906 1766 946 trucidatus
1827 914 1830 915 ’

304 979 447 1015 essem3
476 975 651 1004 mortuus
669 981 784 1003 essem
802 980 909 1002 secus
927 979 1045 1017 quam
1066 974 1108 1002 ut
1130 979 1256 1001 merus
1283 973 1491 1017 fyr-annus,
1529 965 1621 1016 jure
1647 977 1766 1016 carp-

305 1030 374 1059 tus
396 1021 445 1059 ab
466 1021 697 1060 Hermanno
719 1021 763 1059 in
789 1018 1014 1059 Animadv.
1039 1020 1090 1058 ad
1113 1034 1206 1058 eum
1228 1022 1366 1057 locum
1381 1050 1392 1071 ,
1423 1022 1542 1072 cujus
1562 1029 1698 1057 tamen
1720 1029 1764 1058 et

305 1077 441 1128 ipsius
463 1079 671 1116 rationem
694 1078 831 1117 fateor
851 1075 957 1114 mihi
984 1090 1069 1115 non
1095 1074 1371 1124 satisfecisse,
1403 1085 1451 1114 ut
1472 1090 1524 1116 ex
1544 1076 1624 1127 iis,
1655 1089 1763 1130 quae

302 1134 431 1173 modo
455 1133 571 1183 dixi,
606 1144 749 1186 pateat
776 1146 945 1172 necesse
966 1141 1040 1174 est.
1072 1132 1229 1170 LEHM.

416 1190 522 1231 Ead.
541 1193 569 1229 1.
599 1193 665 1235 15.
692 1186 850 1243 Ἐπῆγε
867 1187 938 1242 τὴν
961 1186 1144 1244 σφαγὴν)
1174 1187 1388 1237 Vertitur,
1418 1187 1599 1241 gladium
1617 1188 1764 1242 adegit.

301 1246 382 1286 Sed
403 1246 675 1297 vertendum,
707 1246 862 1288 caedem
881 1245 1126 1285 accelerabat
1140 1277 1150 1294 ,
1192 1259 1239 1283 ac
1261 1258 1339 1296 pro
1361 1246 1500 1299 ἐπῆγε,
1542 1245 1668 1300 ἐπεῖγε
1698 1247 1765 1284 le·-

303 1303 501 1358 gendum.
534 1304 712 1343 GUYE'P.
769 1301 924 1357 Ἐπῆγε
943 1301 1014 1355 τὴν
1035 1300 1195 1358 σφαγὴν
1221 1301 1333 1340 nihil
1355 1311 1418 1340 est
1448 1301 1532 1340 nisi
1557 1300 1765 1356 aggredie-

303 1362 418 1399 batur
444 1360 625 1412 caedem,
667 1375 747 1400 nec
780 1359 831 1400 de
851 1363 977 1414 ἐπεῖγε
1009 1357 1309 1414 cogitandum,
1354 1370 1492 1411 neque
1522 1359 1647 1398 etiam
1669 1373 1764 1397 cum

299 1418 488 1457 Jacobsio
510 1417 555 1455 in
578 1418 760 1471 Specim.
780 1416 1035 1456 Animadvv.
1064 1431 1104 1469 p.
1128 1421 1196 1460 29.
1218 1416 1341 1469 ἐπῆγε
1366 1413 1439 1467 τὴν
1460 1417 1635 1470 σφαγίδα
1662 1415 1763 1453 scri-

299 1474 505 1524 bendum,
539 1475 782 1526 praesertim
806 1487 933 1527 quum
956 1473 1286 1512 instrumentum
1307 1471 1413 1525 illqd
1442 1472 1657 1511 letiferum
1687 1484 1764 1524 per

299 1541 432 1570 totam
456 1530 806 1571 declamationem
826 1544 915 1570 non
942 1531 1110 1586 σφαγὶς,
1150 1528 1223 1570 sed
1243 1530 1383 1581 ξίφος,
1423 1527 1556 1569 fuisse
1578 1527 1759 1568 dicatur.

297 1588 457 1629 meM.
