1834 3188
350 217 674 252 HERMOTIMUS
708 216 820 250 SIVE
855 216 921 248 DE
956 217 1131 251 SECTIS·

39 327 217 380 δεικτικῇ
232 318 354 374 ταύτῃ
376 320 490 374 τέχνῃ
505 351 515 371 ,
547 319 616 360 καὶ
636 315 680 360 vd
701 318 856 371 ψεῦδος
880 318 924 367 ‘'s)
959 315 1259 374 ἐλεγχθήσεται,
1288 325 1358 366 καὶ
1378 323 1427 367 σῦ
1440 337 1569 378 p.811.

1363 216 1430 261 97

43 394 215 447 βεβαίως
246 386 452 442 ἑλόμενος,
482 388 549 429 καὶ
571 389 732 466 κρίνας,
764 383 1075 440 φιλοσοφήσεις,
1107 390 1177 430 καὶ
1196 388 1268 443 τὴν
1290 391 1427 445 τριπό-

38 467 170 514 θητον
202 453 464 511 ευδαιμονίαν
492 452 761 508 κτησάμενος,
800 451 930 512 βιώσῃ
963 453 1050 508 μετ’
1082 453 1228 511 αὐτῆς,
1269 458 1427 505 ἅπαντα

40 526 300 582 συλληβδην’
289 528 386 579 ε’χων
405 523 452 566 τὰ
473 520 622 578 ἆγαθᾶ.

152 601 290 639 ΕΡΜ
326 595 452 648 Εὐγε,
486 592 516 633 ὠ
541 596 717 641 Λυκῖνε,
756 587 967 644 παραπολυ
1001 608 1077 647 γαρ
1106 590 1218 635 ταῦτ’
1252 592 1424 650 ἆμείνω,

36 665 105 708 καὶ
126 665 283 711 ἐλπίδος
304 660 352 704 οὗ
375 664 521 715 μικρᾶς
545 658 713 713 ἐχόμενα
744 660 827 714 λέγε
812 676 889 710 εις,
922 677 990 701 και
1021 663 1223 715 ζητητέος,
1259 661 1312 713 ὥς
1340 666 1428 707 ἔοι..

37 748 132 782 κεν,
164 729 260 784 ἡμῖν
282 725 385 783 ἆνήρ
403 745 461 777 τις
477 732 681 779 τοιοῦτος,
715 726 1026 783 διαγνωστικούς
1048 746 1109 780 τε,
1141 732 1209 772 καὶ
1229 735 1428 788 διακριτι-

37 798 137 850 κοῦς
166 798 350 852 ποιήσων
378 794 506 851 ἡμᾶς,
552 798 638 848 καὶ,
679 796 724 838 τὸ
759 797 964 851 μέγιστον,
1010 794 1325 850 ἀποδεικτικούς.
1373 797 1428 852 ὥς

34 865 83 910 τά
107 885 148 923 γε
177 866 271 921 μετὰ
296 871 442 916 ταῦτα,
476 863 595 920 ῥᾴδια
621 863 723 919 ἤδη,
756 866 822 907 καὶ
843 861 1104 920 ἀπράγμονα,
1148 869 1215 909 καὶ
1249 863 1298 910 οὕ
1327 874 1427 912 πολ.

34 939 107 989 λῆς
145 939 348 989 διατριβῆς
382 931 562 988 δεόμενα.
603 934 670 975 καὶ
700 931 774 988 ἐγώ
807 950 850 989 γε
882 929 961 986 ἤδη
992 931 1108 986 χάριν
1140 933 1232 977 οἶδά
1254 938 1299 989 r)
1337 952 1425 988 σοι,

34 1001 233 1059 ἐξευρόντι
255 1001 456 1055 σύντομόν
474 1019 564 1044 τινα
584 999 732 1055 ταύτην
754 998 872 1054 ἡμῖν,
904 1003 969 1043 καὶ
991 999 1156 1056 ἀρίστην
1177 1000 1286 1047 ὁδόν.

148 1077 281 1114 ΛΤΚ.
316 1073 396 1113 Καὶ
415 1069 494 1125 μὴν
515 1067 670 1113 οὐδέπω
690 1068 808 1123 χάριν
828 1068 879 1111 ὄῖν
898 1086 966 1123 μοι
988 1073 1139 1125 εἰδείης
1149 1071 1323 1122 εἰκότως.
1358 1071 1429 1117 οὗ·

33 1140 103 1183 δὲν
124 1159 200 1197 γαρ
225 1156 287 1183 σοι
311 1138 561 1194 ἐξευρηκὼς
547 1140 693 1188 ε’,δειξα
717 1154 772 1186 ως
791 1138 1022 1194 ἐγγυτέρω)
1002 1152 1044 1181 σε
1064 1136 1253 1192 ποιήσειν
1270 1144 1340 1192 τῆς
1362 1142 1429 1183 ἔλ-

33 1212 167 1259 πὶδος.
200 1207 244 1251 τὸ
264 1210 304 1250 δὲ
320 1207 424 1250 πολύ
442 1212 483 1259 S)
512 1207 750 1260 πορρωτέρω
773 1202 1014 1261 γεγόναμεν,
1047 1204 1076 1260 ἢ
1096 1206 1295 1262 πρότερον
1313 1209 1429 1263 ἦμεν,

38 1277 106 1318 καὶ
143 1274 243 1317 κατὰ
270 1275 365 1326 τούς
396 1276 786 1330 παροιμιαζομένους
809 1272 876 1327 t),
909 1273 1035 1316 πολλοὶ
1053 1272 1354 1330 μοχθήσαντες,
1388 1295 1427 1320 ο-
1439 1304 1478 1340 p
1490 1298 1570 1334 312,

36 1347 161 1398 μοι’ως
194 1344 323 1397 ἐσιιέν.

85 1457 132 1503 q)
159 1457 366 1501 ψευδος]
402 1455 547 1502 ψεύδος
578 1459 697 1490 Reztz.
731 1463 768 1491 et
794 1457 878 1501 Rip.
911 1457 1138 1491 aberrantes,

1209 1459 1251 1501 r)
1289 1457 1426 1504 οῖδα]

123 1503 216 1546 „Sic
245 1511 344 1537 recte
370 1505 423 1536 Pl.
448 1506 524 1537 Par
547 1506 588 1538 B.
612 1516 643 1537 2.
666 1505 723 1546 (1.
748 1509 835 1546 etg.
850 1508 861 1545 )
885 1504 920 1536 S
949 1505 1063 1537 Amst.
1097 1504 1206 1537 etM.
1236 1502 1317 1540 εἶδα
1345 1507 1427 1539 Ald.

129 1550 317 1594 (utraque)
342 1551 385 1583 H.
404 1552 461 1584 Fr.
484 1552 545 1584 J“
595 1552 635 1591 s)
661 1547 710 1584 τὸ
738 1548 784 1584 δὲ
808 1548 958 1591 πολυ]
988 1551 1106 1583 ItaB.
1135 1562 1162 1583 1.
1184 1556 1268 1594 et3.
1305 1553 1347 1585 In
1370 1563 1428 1585 ce-

125 1595 215 1628 teris
238 1596 410 1630 omnibus
442 1608 553 1640 prave
586 1593 627 1631 τὸ
659 1594 698 1631 δὲ
709 1623 716 1638 ,
741 1594 833 1630 πολύ
854 1603 923 1629 etc.

126 1637 165 1675 δ’
188 1640 376 1685 ἐναντίον,
403 1641 496 1677 πολυ
519 1650 587 1678 etc.
624 1645 668 1675 At
691 1644 764 1676 vid.
786 1643 923 1676 Adnot.

126 1694 268 1731 νους]
293 1691 532 1735 ,,προοιμιαζ.
562 1691 627 1723 Ex.
650 1690 704 1722 Fl-

37 1796 340 1837 monstrativae
382 1797 447 1836 illi
480 1797 560 1837 arti
598 1797 704 1837 sub-

37 1855 223 1906 jectum;
286 1853 554 1892 mendacium
601 1869 701 1894 vero

39 1907 406 1962 deprehendetur,
440 1920 597 1964 tuque,
632 1911 704 1948 fir-

0 1971 2 2023 l
35 1979 99 2003 ma
123 1966 330 2006 electione
363 1967 474 2005 facta
507 1978 547 2006 et
579 1967 704 2021 judi-

38 2021 120 2071 cio,
153 2022 528 2076 philosophabere,
561 2035 602 2063 et
631 2039 702 2062 ex-

38 2079 170 2126 petita
194 2079 264 2117 illa
286 2080 398 2118 votis
422 2080 617 2119 omnibus
642 2082 702 2119 fe-

38 2131 201 2173 licitate
234 2145 375 2186 parta,
423 2150 516 2175 cum
552 2151 598 2176 ea
633 2138 701 2176 vi-

37 2201 132 2238 ves,
180 2190 290 2228 bona
321 2191 545 2243 possidens
592 2208 702 2233 con-

35 2244 219 2297 junctim
242 2248 397 2285 omnia.

92 2301 229 2340 Herm.
307 2304 446 2358 Euge,
507 2261 699 2356 Lycine,

37 2360 219 2395 multum
261 2359 373 2397 enim
410 2360 491 2397 ista
526 2361 701 2399 meliora

38 2411 169 2460 dicis,
204 2423 244 2452 et
273 2429 365 2452 cum
397 2430 470 2468 spe
494 2430 579 2453 non
612 2431 700 2454 me-

40 2467 176 2508 diocri
210 2474 463 2523 conjuncta,
499 2486 700 2525 quaeten-

43 2524 231 2578 dusque‚
265 2537 313 2564 ut
344 2528 539 2576 videtur,
573 2527 700 2566 nobis

42 2582 136 2619 talis
184 2582 249 2620 vir
281 2593 366 2633 est,
410 2584 483 2637 qui
520 2584 590 2622 illa
624 2599 700 2623 nos

41 2634 318 2703 dignoscendi
346 2639 700 2693 dijudicandique

42 2691 242 2734 facultate
268 2696 463 2744 instruat,
497 2707 552 2746 et,
587 2695 699 2751 quod

41 2749 266 2788 maximum
292 2762 378 2800 est,
411 2752 697 2792 demonst1an-

86 2817 232 2849 Luciſtrm
261 2818 342 2852 V.ol
372 2821 441 2853 IV.

977 1596 1080 1629 Unde
1101 1597 1240 1640 Seager
1266 1599 1363 1639 conj.
1383 1595 1426 1633 τό

973 1645 1012 1684 t)
1039 1644 1428 1688 παροιμιαζομέ-

752 1691 799 1723 At
822 1688 1018 1734 vulgatam
1050 1695 1206 1723 tuentur
1224 1691 1254 1723 J.
1275 1692 1356 1725 Par.
1376 1693 1430 1738 H,

763 1796 808 1835 di
834 1810 1030 1849 quoque:
1063 1796 1208 1851 itaque
1231 1811 1292 1848 ea,
1319 1811 1426 1850 quae

762 1863 1022 1906 sequuntur,
1065 1853 1208 1891 facilia
1243 1857 1349 1906 jam,
1384 1864 1427 1893 et

761 1910 981 1948 molestiae
999 1910 1205 1961 expertia,
1238 1925 1315 1949 nec
1333 1925 1427 1948 mo·-

761 1980 837 2021 rae
852 1969 1009 2004 multae
1034 1965 1288 2018 indigentia.
1350 1968 1427 2004 At-

764 2037 846 2075 que
879 2025 960 2073 iam
988 2022 1066 2059 tibi
1090 2023 1267 2075 gratiam
1298 2023 1427 2077 equi-

763 2078 853 2118 dem
872 2078 1024 2128 habeo,
1060 2079 1132 2132 qui
1154 2079 1427 2133 compendia·

761 2136 864 2174 riam
900 2135 1009 2173 hanc
1040 2134 1164 2173 nobis
1197 2137 1426 2189 optimam-

763 2206 843 2245 que
864 2206 975 2229 vlam
1003 2205 1231 2232 inveneris.

818 2248 915 2299 Lyc.
951 2248 1069 2301 Quin
1091 2247 1279 2286 nondum
1302 2247 1426 2286 debes

762 2304 867 2341 mihi
923 2305 1102 2357 gratias:
1151 2304 1264 2341 nihil
1311 2303 1424 2342 enim

762 2363 829 2398 vel
852 2359 999 2398 inveni
1024 2363 1088 2398 vel
1108 2360 1290 2404 ostendi,
1309 2358 1424 2411 quod

763 2416 853 2467 spei
874 2425 914 2453 te
940 2426 1036 2453 tuae
1071 2416 1246 2467 propius
1281 2416 1422 2453 admo·

761 2481 870 2509 veat.
915 2471 995 2510 Sed
1018 2474 1152 2509 multo
1175 2474 1424 2520 (maa-imam

757 2526 964 2578 partem),
1013 2541 1136 2579 quam
1181 2529 1296 2579 prins
1330 2543 1426 2566 era-

760 2597 874 2632 mus,
936 2584 1107 2636 longius
1144 2598 1256 2622 nunc
1291 2583 1423 2622 absu—

761 2653 873 2687 mus,
907 2647 969 2687 et,
1008 2639 1119 2693 quod
1148 2650 1211 2677 est
1241 2640 1282 2678 in
1316 2655 1422 2692 pro-

760 2694 931 2743 verbio,
964 2707 1061 2747 post
1091 2699 1268 2734 multum
1298 2697 1422 2734 labo-

758 2766 864 2800 rem,
899 2761 946 2790 ut
971 2761 1068 2790 ante
1094 2751 1306 2793 habemus.

1109 2808 1140 2845 G
