1834 3188
389 228 451 259 m
487 226 772 258 sev-runt
807 224 915 256 suu
950 222 1275 256 nosrta-mr.
1460 207 1560 257 527

98 324 328 366 offendisse
358 325 683 373 animadvertit,
717 322 879 377 quippe
914 322 989 376 qui
1023 336 1070 360 ea
1098 319 1351 360 reddiderit:
1385 320 1436 360 Et
1467 336 1565 375 quos

98 400 325 438 aggressus,
363 381 562 437 praesides
591 383 814 434 conscripta
845 379 894 418 cle
918 379 1000 419 illis
1026 379 1214 429 historia,
1253 376 1471 432 (praesules
1499 388 1565 416 est

99 454 166 492 ap.
197 440 429 490 Benefica)
461 454 555 478 cum
589 437 821 487 debuisset,
852 437 1067 491 quibusque
1092 435 1257 475 adscitis
1283 437 1488 489 patronis,·
1520 433 1565 472 id

99 496 211 534 enim
237 496 478 552 significare
505 493 735 550 προστάτην
765 494 923 547 νέμειν,
954 490 1205 548 γράφεσθαι,
1236 488 1566 546 α’πογράφεσθαι,

99 552 398 607 ἐπιγράφεσθαι
417 562 459 592 et
482 549 799 606 συγγράφεσθαι,
822 549 980 589 ibidem
1001 550 1127 589 docet
1153 548 1423 602 lVesseZingus.
1456 548 1565 587 Cum

101 625 204 649 vero
224 626 278 650 ex
306 611 482 650 Lar-iani
510 609 584 648 Bis
606 616 789 647 accusat.
812 621 845 649 e.
871 611 937 650 29.
966 604 1258 661 ἐπιγράφονται
1278 603 1445 655 ἅπαντες
1468 623 1567 658 προ-

100 664 233 709 στάτιν
256 669 407 709 ἑαυτῶν
426 665 595 715 afferat,
629 678 707 703 nec
725 662 768 706 τὸ
793 661 1044 719 συγγράφειν
1063 660 1292 717 προστάτην
1310 663 1405 701 aliis
1427 677 1567 701 exem-

101 724 185 777 plis
208 723 449 773 confirmet,
482 731 525 761 et
555 718 999 776 ἐπιγράφεινιΙΛιιοὶαηο
1020 721 1064 758 in
1093 720 1161 758 his
1192 722 1343 759 locutt.
1364 720 1567 758 usitatius

102 782 180 825 sit,
212 795 301 820 non
333 779 684 833 repugnaverim,
719 777 756 815 si
790 778 886 830 quis
912 786 955 816 et
978 777 1048 815 hic
1077 775 1187 815 illud
1218 776 1408 828 recipere
1430 776 1568 814 malit.

101 839 266 879 ΒΕΙΤΖ.
327 837 429 876 Non
456 838 595 874 solum
618 831 920 889 ἐπιγράφεσθαί
944 851 1056 884 τινα,
1086 849 1224 872 nomen
1241 833 1410 886 alicujus
1436 833 1570 886 prqfi-

99 896 194 942 ieri,
229 909 366 933 nomen
388 892 482 930 clare
502 891 647 941 alicui,
680 890 787 930 illud
813 891 950 944 ipsum
971 901 1057 940 est,
1090 888 1208 943 quod
1236 888 1363 942 hujus
1382 890 1467 928 loci
1490 902 1571 925 na-

99 960 195 989 tura
225 949 432 1001 requirit3
463 949 519 987 cf·
552 950 594 990 οἱ
614 946 685 990 τὸν
719 946 918 989 Πλάτωνα
951 944 1267 1002 ἐπιγραφόμενοι
1284 947 1476 986 Hermot.
1501 949 1568 987 14.

98 1009 142 1048 οἷ
168 1007 341 1060 Διογένη
370 1022 407 1046 κ.
428 1022 464 1046 τ.
485 1010 519 1046 λ.
551 1003 869 1059 ἐπιγραφόμενοι
889 1005 1035 1059 Fugit.
1064 1018 1100 1044 e.
1123 1008 1188 1046 16.
1216 1002 1290 1041 sed
1318 1003 1445 1041 etiam
1478 1016 1572 1055 συγ-

95 1063 328 1118 γράφεσθαί
343 1079 432 1104 τινα
454 1060 601 1101 eodem
623 1076 751 1101 sensu
772 1072 1022 1115 usurpatum
1042 1060 1201 1103 fuisse,
1234 1058 1407 1111 probari
1430 1057 1571 1097 neuti-

98 1134 223 1175 quam
251 1128 405 1172 potest.
465 1119 576 1158 Nam
608 1119 685 1172 qui
701 1133 812 1157 unus
839 1119 884 1157 in
908 1133 998 1158 eam
1024 1132 1110 1157 rem
1137 1130 1160 1155 a
1182 1115 1339 1155 Reitzio
1361 1114 1571 1168 produci-

98 1186 191 1224 tur,
223 1179 344 1215 locus
364 1174 692 1214 dissimillimam
717 1175 913 1214 continet
940 1173 1132 1228 phrasin.
1194 1173 1310 1226 Ergo
1335 1186 1421 1210 non
1448 1170 1572 1208 dubi-

99 1232 238 1271 tabam
279 1231 670 1285 probabilissimam
708 1230 851 1271 Solani
886 1232 1117 1272 lectionem
1155 1238 1199 1269 et
1235 1242 1370 1268 meam
1413 1229 1568 1267 facere.

95 1289 255 1328 LEHM.

210 1344 311 1384 End.
332 1347 359 1384 l.
384 1349 447 1388 16.
488 1349 546 1402 Τῇ
570 1341 727 1402 Ἀττικῇ
754 1341 918 1399 δεκάδι)
953 1344 1070 1387 Vino.
1103 1344 1329 1397 Obsopoeus
1359 1341 1570 1392 interpres

97 1402 160 1441 sic
180 1402 311 1441 vertit
343 1402 534 1452 (Atticae
557 1402 754 1457 Musae).·
782 1400 999 1456 quomodo
1030 1400 1205 1455 legerit,
1239 1397 1411 1439 nescio:
1444 1395 1573 1435 vide-

97 1468 167 1498 tur
198 1468 339 1496 tamen
369 1459 523 1512 legisse
548 1453 699 1515 Ἀττικῇ
732 1455 898 1514 δεκάτῃ,
936 1467 979 1497 et
1006 1458 1089 1496 sibi
1123 1455 1385 1496 intellexisse
1417 1451 1570 1508 μούσῃ,

99 1515 222 1568 quasi
254 1515 389 1553 fuerit
417 1514 621 1569 quaedam
653 1515 815 1554 decima
846 1516 977 1554 Musa
1005 1513 1201 1554 Athenis.
1264 1511 1347 1552 Sed
1376 1525 1424 1549 ea
1456 1508 1574 1557 δεκάς

96 1585 185 1609 non
206 1570 259 1609 ad
280 1571 431 1610 Musas
454 1571 603 1610 referri
627 1570 776 1621 debet,
809 1570 882 1611 sed
900 1570 951 1611 ad
972 1570 1115 1610 decem
1136 1570 1234 1608 illos
1255 1577 1443 1608 oratores
1466 1568 1573 1604 cele-

97 1627 284 1676 briones,
330 1627 406 1681 qui
445 1627 628 1666 Athenis
666 1627 926 1678 floruerunt,
968 1637 1011 1667 et
1048 1641 1228 1681 quorum
1259 1624 1369 1663 vitas
1400 1623 1573 1674 scripsit

97 1682 357 1731 Plutarchus,
390 1683 505 1735 quod
542 1683 720 1733 (credo)
754 1685 857 1723 satis
888 1684 1162 1722 manifestum
1183 1680 1405 1721 videbitur
1422 1690 1572 1717 nostro

97 1739 265 1779 lectori.
298 1739 450 1777 PALM.
510 1739 624 1778 Vide
648 1740 761 1792 apud
788 1739 1075 1779 Philostratum
1101 1754 1143 1792 p.
1168 1741 1264 1783 564.
1287 1734 1422 1790 βοώσῃ
1443 1734 1486 1777 δὲ
1507 1731 1572 1776 ἐπ’

102 1793 223 1838 αἶτὸν
250 1799 324 1847 τῆς
348 1792 564 1844 Ἑλλάδος,
596 1797 662 1836 καὶ
681 1795 882 1847 καλούσης
904 1793 1028 1837 αὐτὸν
1061 1796 1131 1837 ἕνα
1147 1799 1227 1835 τῶν
1249 1795 1343 1836 δέκα
1361 1802 1441 1832 etc.
1501 1793 1573 1830 De

98 1851 273 1892 Herode
297 1865 432 1891 sermo
466 1861 551 1901 est,
584 1853 657 1906 qui
683 1852 911 1905 respondet
937 1851 981 1890 id
1003 1854 1162 1900 solum,
1192 1848 1467 1890 serAndocide
1486 1864 1575 1886 me-

96 1910 247 1949 liorem.
307 1909 360 1947 In
385 1907 498 1946 notis
529 1907 580 1946 ad
602 1923 695 1947 eum
725 1911 865 1947 locum
890 1907 941 1948 de
968 1907 1139 1947 secunda
1159 1908 1287 1946 etiam
1308 1905 1456 1945 clecacle
1478 1918 1574 1942 mo-

97 1980 259 2005 nemur.
323 1964 447 2004 Certe
465 1973 506 2002 et
525 1964 598 2002 hic
618 1965 660 2002 in
687 1964 793 2007 Cod.
811 1965 888 2005 W.
911 1974 974 2005 est
994 1963 1187 2007 δεκάδια.
1251 1962 1381 2016 Quod
1407 1976 1459 2000 an
1483 1962 1574 1999 Lu·

97 2023 294 2061 cianeum
323 2021 402 2068 sit,
436 2019 626 2061 viderint
653 2022 751 2062 alii:
787 2021 896 2064 mihi
927 2036 1043 2061 nunc
1075 2020 1127 2061 de
1158 2034 1208 2061 eo
1245 2019 1454 2073 dispicere
1484 2031 1572 2055 non

96 2088 235 2119 vacat,
267 2078 438 2117 SoLAN.
1555 2108 1559 2117 .

214 2134 425 2187 Pag-162-
449 2136 476 2174 l.
495 2139 536 2176 2.
557 2134 617 2175 ”0
638 2152 673 2176 τι
699 2131 749 2176 ἂν
778 2129 919 2190 οὗτοι)
949 2135 1069 2176 Haec
1089 2134 1218 2175 verba
1233 2164 1244 2182 ‚
1277 2130 1301 2175 ὅ
1320 2149 1357 2173 τι
1386 2127 1437 2172 ὂῖν
1460 2121 1574 2171 οὗτοι

99 2191 315 2241 ἐθέλωσιν,
364 2190 550 2232 ἐθέλουσι
586 2188 684 2245 γὰρ,
729 2192 774 2229 in
814 2192 888 2232 W.
934 2195 1027 2232 solo
1072 2191 1357 2246 reperiuntur.
1404 2188 1572 2226 SOLAN.

100 2247 286 2300 Scripsit
307 2245 359 2285 ad
385 2260 448 2285 me
468 2248 517 2284 cl.
537 2245 692 2287 Gesner.
715 2262 842 2300 super
860 2247 1060 2288 hocloco
1083 2248 1150 2287 his
1173 2247 1335 2287 verbis:
1369 2243 1492 2283 Hunc
1511 2242 1574 2280 lo-

100 2321 189 2345 cum
222 2306 280 2342 ila
312 2305 605 2356 interpretatum
645 2302 724 2343 esse
751 2303 863 2345 video
894 2304 1072 2346 Solane:
1114 2305 1269 2357 Fitque
1294 2303 1338 2340 in
1374 2301 1570 2348 civitate,

100 2359 314 2414 quidquid
345 2359 390 2397 hi
417 2361 594 2406 volunt;
634 2364 790 2399 volunt
822 2361 957 2412 enim,
1001 2360 1214 2415 quidquid
1251 2358 1458 2412 optimum
1493 2364 1569 2393 est.

97 2418 214 2472 Legit
233 2420 375 2471 igitur,
405 2416 474 2457 καὶ
491 2417 602 2457 τουτὶ
623 2419 797 2472 γίγνεται
820 2419 862 2459 ἐν
884 2421 930 2472 τῇ
950 2415 1085 2467 πόλει,
1118 2416 1141 2459 ὅ
1155 2434 1211 2462 ,τι
1240 2412 1291 2457 ἓν
1325 2411 1566 2466 βούλωνται·

100 2474 318 2528 βούλονται
336 2470 412 2527 γάρ
434 2470 529 2521 ὅ,τι
553 2470 603 2514 ἂν
624 2473 788 2524 ἄριστον
815 2468 843 2530 ᾗ
872 2479 922 2529 τῇ
952 2473 1076 2516 πόλει.
1141 2473 1188 2512 Si
1207 2488 1260 2512 cx
1287 2470 1389 2511 libro
1421 2468 1569 2522 aliquo,

98 2530 216 2583 plane
235 2531 380 2571 accedo
397 2546 410 2569 .·
437 2531 497 2568 sin
529 2546 582 2568 ex
604 2533 776 2584 ingenio,
802 2529 924 2570 laudo
953 2534 1239 2583 conjecturam,
1272 2538 1381 2566 tanto
1403 2524 1573 2565 credibi-

100 2586 258 2636 liorem,
291 2586 398 2642 quod
416 2589 587 2639 repetitio
608 2593 680 2638 τῆς
701 2585 796 2634 ὅ,τι
811 2589 1012 2625 emissioni
1030 2587 1161 2626 locum
1184 2585 1278 2623 clare
1293 2584 1482 2636 potuerit:
1514 2597 1569 2619 re-

99 2644 225 2695 cipere
245 2654 371 2683 tamen
391 2658 469 2682 non
489 2645 626 2685 ausim.
658 2644 729 2682 Sic
750 2643 834 2684 ille.
868 2644 962 2696 Ego
985 2643 1132 2696 itaque
1151 2641 1278 2679 verba
1299 2641 1371 2678 illa
1394 2639 1437 2676 in
1458 2636 1566 2677 Edd.

101 2697 345 2738 deficientia
368 2700 533 2752 recepi,
568 2700 744 2753 quiaex
772 2698 935 2738 Codice
965 2709 1066 2738 sunt
1087 2698 1298 2745 desumta,
1332 2705 1373 2739 et
1399 2694 1567 2735 versio-

99 2767 196 2794 nem
221 2755 364 2796 Solani
383 2755 555 2795 retinui.
600 2756 812 2810 Coeperat
832 2756 946 2796 enim
968 2765 1011 2795 et
1031 2756 1066 2794 is
1084 2754 1309 2809 pristinam
1330 2751 1565 2795 versionem
