1834 3188
422 186 506 216 1N
580 182 1230 214 ΗΛΒΜυΝιυΕΝ.
1464 171 1565 219 515

101 294 207 322 tuum
222 280 415 337 judicium
434 283 620 320 secuturis
638 280 836 330 omnibus,
868 279 997 335 qualis
1014 280 1213 319 habendus
1228 283 1321 332 sim,
1356 283 1564 324 com-tabit.

101 343 156 377 At
177 355 228 378 ne
251 339 377 378 verbo
403 341 507 384 male
531 338 610 376 sibi
635 338 894 375 ominaretur
920 338 1144 386 Ja1cz'anu.‚s
1187 339 1231 375 in
1264 352 1370 376 voce
1398 339 1567 384 πάντων

99 395 298 447 repressit
320 393 523 448 loquendi
546 408 734 441 cursum;
768 408 860 432 cum
884 393 1097 432 debuisset
1114 390 1231 448 sequi
1251 398 1463 448 xsiprcroa,
1498 401 1565 437 vel

101 453 252 492 simile.
285 451 409 493 ,ΙΙ-ΛΘ.
462 447 708 492 ”Ηπαντων
739 481 749 490 .
784 480 794 490 .
827 479 836 490 .
870 468 958 502 emp.
990 451 1029 491 δὲ
1056 452 1122 504 χ.)
1162 452 1231 490 Sic
1264 463 1356 490 curn
1392 455 1565 504 punctis

102 507 170 546 edi
196 509 460 557 curavimus,
504 506 656 561 quibus
685 503 962 559 ἀποσιώπησις
985 506 1292 561 designaretur,
1342 523 1426 562 quo
1449 510 1564 549 facto

98 564 262 618 liquida
291 568 371 618 jam
408 566 564 604 omnia.
623 566 779 604 Sensus
812 574 950 602 autem
985 563 1089 603 adeo
1118 565 1370 616 perspicuus
1401 575 1484 613 est,
1516 576 1566 606 ut

97 622 249 670 mirer,
283 636 364 676 qua
389 621 556 660 ratione
581 620 739 658 factum
763 619 840 669 sit,
871 630 918 658 ut
945 620 1056 668 viros
1079 620 1350 659 doctissimos
1379 623 1562 674 fugerit,

98 680 341 730 praesertim
364 693 456 716 cum
479 676 691 730 posterior
711 677 917 728 interpres
941 686 1052 715 recte
1072 678 1344 730 aposiopesin
1369 678 1564 717 observa-

98 735 168 774 rit.
230 735 344 774 Nota
371 743 508 772 autem
530 743 718 772 veterum
739 731 988 784 superstitio
1010 732 1054 770 in
1074 732 1196 772 rebus
1219 734 1392 788 agendis
1415 735 1564 773 incho-

99 790 245 840 andis,
287 793 405 843 cujus
437 791 626 842 exempla
661 789 813 840 passim
844 789 954 842 apud
994 798 1187 828 auctores
1218 799 1470 838 occurrunt3
1514 791 1565 831 de

99 861 180 900 qua
207 847 428 888 casaubon.
451 846 502 885 ad
531 845 722 899 Theoplzr.
743 843 868 886 Char.
889 859 932 899 p.
953 851 1051 890 322.
1112 845 1237 886 Hanc
1256 859 1369 886 nunc
1389 847 1564 887 silentio

96 902 199 943 huic
218 903 442 957 praetexit.
474 904 644 942 SOLAN.

213 960 702 1028 Pog.149.1.2.11av
737 955 811 1012 γὰρ
843 954 923 1012 ’ἤδη
957 955 1121 1001 στάδιον
1152 947 1269 1025 ἦττον
1300 963 1404 1014 (ροβε
1389 958 1481 1013 ρόν
1512 979 1566 1017 τῳ

93 1012 299 1070 Ὀλυμπια
318 1033 366 1058 τα
386 1013 534 1070 μεγάλα
547 1014 807 1080 νενικηκότι)
841 1016 935 1054 Hoc
967 1019 1064 1055 loco
1084 1013 1126 1057 τὸ
1144 1033 1188 1067 με
1174 1011 1290 1071 εγαλα
1321 1031 1403 1055 non
1427 1006 1568 1071 παρέλ-

96 1091 178 1123 κει,
209 1073 279 1112 sed
306 1087 377 1122 eo,
410 1072 554 1126 quod'
544 1087 586 1109 in
611 1073 803 1124 pluribus
833 1072 938 1110 locis
961 1073 1165 1112 Graeciae
1196 1072 1422 1111 certamina
1456 1087 1569 1113 sacra

99 1129 420 1170 celebrabantur
444 1130 521 1167 sub
549 1129 847 1182 Olympiorum
876 1129 1073 1177 nornine,
1108 1129 1206 1168 ideo
1232 1129 1345 1167 dixit
1367 1129 1569 1183 Olympia

97 1200 274 1240 magna,
307 1185 358 1225 ad
390 1185 674 1224 differentiam
701 1200 871 1234 eorum,
914 1199 1021 1238 quae
1044 1186 1185 1223 minus
1221 1186 1401 1224 celebria
1434 1195 1567 1226 erant.

97 1243 312 1296 Intelligit
331 1243 464 1296 igitur
487 1241 690 1293 Olympia
714 1256 861 1294 magna
878 1274 886 1288 ‚
920 1256 1027 1295 quae
1053 1242 1173 1280 Pisae
1194 1240 1242 1279 ad
1268 1241 1479 1294 Alpheum
1504 1258 1570 1288 ce,-

97 1298 392 1347 lebnabantur,
429 1313 536 1351 quae
561 1309 600 1336 et
623 1298 916 1352 antiquissima
942 1312 961 1335 a
987 1298 1146 1351 Pelope
1169 1307 1209 1337 et
1229 1297 1414 1338 Hercule
1435 1310 1569 1349 erant,

98 1366 140 1393 et
162 1355 429 1395 celeberrima
454 1369 538 1393 non
567 1357 703 1392 solum
724 1355 768 1392 in
804 1364 892 1392 tota
915 1354 1119 1403 Hellade,
1161 1353 1234 1393 sed
1267 1355 1393 1399 etiam
1419 1355 1568 1405 Italia,

99 1411 273 1458 Sicilia,
309 1412 434 1458 Asia,
469 1412 694 1464 Aegypto,
728 1411 877 1463 Syria,
912 1410 1174 1461 Cyrenaica,
1215 1412 1569 1451 concurrentibus

99 1466 150 1506 ad
174 1470 488 1519 spectaculum,
523 1477 562 1506 et
585 1466 765 1506 athletas
787 1477 828 1506 et
850 1467 1075 1521 quadrigas
1099 1482 1148 1506 eo
1167 1467 1451 1508 mittentibus.
1482 1469 1571 1507 Mi.

96 1538 200 1562 nora
223 1538 324 1563 vero
351 1523 552 1576 Olympia
575 1533 719 1574 erant,
753 1537 860 1576 quae
890 1523 1213 1562 celebrabantur
1243 1523 1334 1561 Dio
1358 1525 1571 1564 Macedo-

97 1580 194 1619 niae
219 1579 269 1619 ab
292 1580 502 1619 Archelao
526 1594 622 1634 rege
642 1580 864 1628 instituta,
898 1579 1014 1633 quod
1044 1594 1121 1619 nos
1154 1578 1277 1618 docet
1302 1581 1572 1623 Demosthenis

99 1636 358 1676 scholiastes
391 1636 443 1675 ad
471 1637 707 1703 mationem
737 1637 827 1687 περὶ
847 1639 1191 1690 παραπρεσβείας,
1225 1636 1293 1674 his
1313 1636 1474 1676 verbis:
1514 1637 1572 1679 Τὰ

97 1689 300 1746 Ὀλύμπια
322 1694 361 1735 δὲ
387 1697 546 1746 πρῶτος
561 1687 770 1760 Ἀρχέλαος
791 1695 831 1735 ἐν
854 1696 940 1743 Δίῳ
959 1698 1030 1744 τῆς
1055 1696 1319 1741 Μακεδονίας
1339 1696 1568 1745 κατέδειξεν,

96 1747 219 1804 η’γετο
242 1751 317 1791 δὲ’
300 1746 367 1791 επ’
387 1751 525 1799 ἐννέα,
558 1767 612 1797 ως
634 1752 783 1801 φησὶν,
815 1747 964 1802 ἠμὲρας
988 1752 1231 1802 ε’ςαρίθμους
1252 1758 1336 1797 ταῖς
1359 1749 1570 1799 Μούσαις

98 1804 263 1845 Eodem
291 1806 465 1844 nomine
489 1815 608 1845 erant
630 1806 755 1845 etiam
780 1804 990 1856 Athenis,
1024 1815 1072 1844 ut
1094 1806 1219 1845 docet
1237 1806 1407 1845 Ρίηιῖαιί
1425 1807 1567 1846 Schol.

99 1862 151 1901 ad
174 1862 345 1914 Olymp.
366 1867 404 1905 7.
435 1861 610 1901 adhaec
630 1863 754 1901 verba
770 1895 780 1911 ,
820 1868 1015 1912 κρανααῖς
1040 1864 1081 1904 ἐν
1102 1859 1302 1910 Ἀθάναις.
1363 1863 1432 1901 Sic
1457 1863 1568 1902 enim

99 1928 430 1959 commentatur:
465 1922 525 1970 εἴη
556 1920 596 1960 δὲ
622 1915 671 1960 ἂν
692 1921 770 1961 ἕτοι
799 1917 1118 1972 Παναθηναῖαῆ
1136 1916 1444 1972 vti‘HQcinhtcc,
1474 1917 1501 1969 ἦ
1523 1918 1572 1960 τὰ

96 1973 303 2027 Ὀλύμπια
323 1985 403 2014 etc.
448 1975 483 2013 ἶ
490 1984 581 2014 etus
604 1975 830 2029 inscriptio
854 1977 1073 2022 Romana,
1105 1975 1154 2016 de
1176 1991 1255 2040 qua
1283 1976 1367 2016 Ios.
1394 1977 1570 2028 Scaliger

98 2031 173 2071 lib.
195 2032 244 2070 de
265 2031 427 2071 emend.
452 2042 576 2084 temp.
591 2034 765 2083 quinto,
785 2037 936 2085 p‘476.
971 2004 1188 2101 Olyinpia
1195 2033 1320 2071 etiam
1344 2043 1440 2085 post
1462 2034 1490 2070 Ρ
1497 2045 1569 2071 an-

102 2087 307 2126 athenaea
350 2098 540 2128 recenset
584 2088 695 2144 Hesy
686 2087 831 2139 chius,
879 2086 1142 2142 Ὀλυμπιαο
1177 2084 1400 2145 Ἀθηνῃσιν
1445 2085 1568 2144 (ι’γών.

100 2145 209 2183 Item
242 2143 322 2182 alia
348 2143 573 2196 Olympia,
608 2159 714 2198 quae
739 2145 967 2210 Smyrnae,
1001 2157 1042 2185 et
1072 2107 1178 2196 aliea,
1213 2160 1319 2198 quae
1348 2146 1566 2198 Pergami,

103 2210 144 2239 et
166 2201 245 2238 alia
269 2199 575 2251 Alexandriae,
607 2215 786 2253 quorum
805 2202 1064 2241 mentionem
1088 2178 1212 2241 fieri
1202 2215 1243 2239 1n
1265 2202 1487 2242 Pandectis
1506 2216 1570 2240 as-

98 2257 204 2296 serit
226 2255 337 2296 idem
361 2256 554 2308 Scaliger.
614 2257 829 2309 Respectu
862 2259 996 2311 igitur
1025 2259 1175 2297 horum
1210 2259 1399 2296 omnium
1432 2267 1573 2299 certa-

100 2314 285 2363 minum,
321 2327 428 2365 quae
447 2313 524 2350 sub
549 2313 723 2352 nomine
741 2313 1041 2367 Olympiorum
1065 2315 1244 2354 (liversis
1265 2315 1370 2353 locis
1389 2314 1570 2354 celebra-

98 2369 278 2421 bantur,
311 2369 424 2408 dicta
447 2379 545 2408 sunt
567 2369 769 2421 Olympia
801 2385 948 2424 magna
972 2386 1042 2422 ea,
1077 2386 1185 2425 quae
1211 2371 1334 2410 Pisae
1367 2370 1571 2411 commit«.

98 2427 318 2467 tebantur.
348 2427 498 2468 PALM.
561 2427 631 2466 Cf.
653 2440 782 2479 supra
806 2426 1017 2470 Herodot.
1042 2443 1076 2469 e.
1107 2433 1145 2471 1.
1178 2429 1349 2469 somn.

1140 2764 1225 2803 HI<
1261 2771 1288 2808 2
