1834 3188
406 213 576 246 VERAE
612 212 880 244 H1sToR1AE
914 212 1006 245 Lm.
1041 214 1073 246 1.
1353 204 1452 249 233

73 316 172 372 μηδὲ
193 318 242 365 a)
274 312 374 362 ὅλως
397 310 550 365 ὅντων,
591 313 690 366 μηδὲ
717 310 790 364 τὴν
822 308 953 365 ἀρχὴν
985 311 1172 365 γενέσθαι
1206 313 1450 365 δυναμένων.
1467 328 1503 361 p.
1516 328 1572 363 75.

76 383 139 427 διὸ
161 388 222 426 δεῖ
244 383 337 432 τοῦς
354 380 669 437 ἐντυγχάνοντας
692 384 883 433 μηδαμῶς
899 377 1096 420 πιστεύειν
1115 376 1266 429 αὐτοῖς.

182 449 407 506 Ὀρμηθεὶς
441 450 516 505 γάρ
548 466 642 491 ποτε
681 445 760 489 ἆπό
786 444 1038 501 ι’Ἡρακλείων
1072 452 1246 500 στηλῶν,
1299 451 1366 492 καὶ
1404 447 1456 492 οἷ-
1480 460 1506 502 5

77 522 169 574 φεὶς
202 522 242 570 ἒς
272 519 341 562 τὸν
372 521 555 572 ἑσπέριον
576 513 809 565 Ὠκεανὸν,
855 510 1020 570 εὕρῳῧ)
1053 512 1186 573 ἆνέμῳ
1225 515 1295 559 τὸν
1327 524 1457 562 πλοῦν

76 588 315 643 ἐποιούμην.
348 590 452 629 αἰτία
475 589 516 629 δέ
537 603 606 640 μοι
625 590 696 637 τῆς
721 578 970 637 ἀποδημίας,
1004 586 1071 625 καὶ
1091 581 1309 635 ὑπόθεσις,
1341 585 1368 640 ἦ
1388 594 1459 642 τῆς

75 658 258 705 διανοίας
285 659 513 710 περιεργία,
554 654 621 694 καὶ
650 649 892 707 πραγμάτων
910 657 1058 694 καινῶν
1081 655 1295 707 ἐπιθυμία,
1327 655 1456 699 καὶτὸ

75 723 292 780 βούλεσθαι
325 729 492 777 μαθεῖν,
533 719 625 771 ὅ,τι
649 719 694 776 ⁰)
737 720 780 763 τὸ
813 721 920 769 τέλος
941 722 1019 763 ἐστὶ
1039 727 1110 763 τοῦ
1126 720 1356 774 Ὠκεανοῦ,
1391 727 1458 767 καὶ

74 795 182 842 τίνες
211 797 252 834 οἵ
268 794 393 843 πέραν
411 795 689 838 κατοικοῦντες
708 787 934 842 ἅνθρωποι.
975 788 1123 831 τούτου
1143 792 1186 845 γέ
1203 810 1265 834 τοι
1289 789 1332 845 d)
1365 795 1458 836 ἓ’νε-

74 879 151 912 κα,
181 859 393 915 πάμπολλα
411 860 479 913 μὲν
499 862 535 907 e)
568 860 669 900 σιτία
700 855 972 910 ἐνεβαλόμην,
1006 857 1146 899 ἰκανὸν
1177 859 1219 900 δὲ
1249 863 1315 903 καὶ
1343 861 1455 916 ὕδωρ

74 931 292 984 ἐνεθέμην,
341 926 591 980 πεντήκοντα
632 925 674 968 δὲ
709 930 787 966 τῶν
814 922 1037 978 ἡλικιωτῶν
1074 927 1456 984 προςεποιησάμην,

73 996 150 1051 τήν
171 993 299 1050 αὐτὴν
318 998 405 1050 ἐμοὶ
426 992 590 1051 γνώμην
607 996 776 1048 ἔχοντας·
809 995 863 1035 ἔτι
881 994 922 1035 δὲ
940 995 1008 1035 καὶ
1029 992 1162 1037 ὅπλων
1179 994 1284 1038 πολύ
1305 1015 1341 1039 τι
1359 1003 1457 1052 πλῆ-

73 1073 152 1114 θος
167 1064 546 1121 παρεσκευασάμην,
578 1065 644 1106 καὶ
670 1060 921 1117 κῦβερνήτην
940 1061 1011 1104 τὸν
1031 1061 1195 1118 ἄριστον
1225 1070 1358 1122 μισθῷ
1388 1085 1460 1120 με-

73 1132 180 1190 γάλῳ
205 1137 365 1185 πείσας,
405 1135 655 1188 παρέλαβον,
695 1133 762 1172 καὶ
791 1149 862 1184 την
886 1136 1015 1182 ναῦν,
1048 1130 1226 1183 (ἄκατος
1244 1128 1284 1181 f)
1315 1134 1356 1178 δὲ
1379 1130 1461 1189 ἦν)

1191 1199 1372 1256 Ημέραν
1393 1204 1508 1256 μὲνρ
1515 1222 1570 1257 74.
1597 1216 1625 1255 6

80 1271 155 1314 οὐν
172 1271 239 1312 καὶ
259 1269 384 1312 νύκτα
403 1264 526 1326 ουρίω
550 1270 592 1319 g)
625 1264 757 1320 ανέμῳ
781 1267 988 1319 πλέοντες,
1020 1270 1074 1311 ε’τι
1091 1274 1160 1323 τῆς
1181 1289 1254 1326 γης
1274 1267 1322 1322 l¹)
1354 1270 1462 1315 ’ὕπο-

77 1219 132 1249 ως
163 1201 265 1256 πρὸς
297 1203 417 1257 ιιέγαν
441 1219 507 1243 και
540 1203 674 1255 βίαιον
695 1203 822 1241 πλοῦν
844 1198 1133 1255 ἐκρατυναμην.

168 1370 219 1417 μὴ
238 1368 279 1407 δ’
307 1374 348 1406 B.
369 1384 401 1425 5·
474 1373 518 1407 a)
545 1382 602 1414 μη
618 1368 688 1413 δε]
714 1367 821 1414 μήτε,
849 1381 893 1403 ac
921 1370 1053 1404 deinde
1079 1370 1215 1405 iterum
1245 1370 1334 1417 μήτε
1358 1386 1460 1417 3011

168 1420 267 1463 quod
286 1419 418 1451 inscite
446 1418 591 1449 Relinus·
614 1417 806 1461 probavit,
835 1423 872 1449 et
890 1422 1027 1449 temere
1049 1419 1289 1451 Schmiederus
1308 1423 1462 1472 recepit

169 1466 238 1498 Est
265 1466 361 1497 enim
392 1461 485 1520 μηδε
515 1476 636 1506 neque
663 1463 870 1495 i.e.e11am
901 1475 988 1505 non,
1014 1469 1050 1495 et
1081 1464 1182 1508 quod
1211 1466 1399 1522 sequitur,
1428 1477 1463 1500 et

168 1524 246 1542 non.
293 1511 344 1554 b)
371 1507 519 1554 εὔρῳ]
547 1510 602 1541 Ita
623 1508 755 1551 scripsi
776 1508 982 1541 secundum
1004 1511 1044 1542 A.
1068 1522 1098 1542 2.
1117 1521 1186 1554 pro
1211 1512 1309 1555 vng.
1333 1510 1462 1560 ου’ρίω,

165 1557 249 1590 Vid.
272 1557 408 1589 Adnot
458 1558 501 1596 c)
532 1551 555 1588 ὅ
564 1556 648 1597 ,τι]
676 1555 712 1588 τί
734 1564 835 1598 2954.
860 1566 962 1597 301¹·
1015 1555 1060 1595 d)
1087 1556 1186 1599 τοι]
1214 1556 1341 1599 μέντοι
1359 1572 1462 1602 30¹²

164 1603 349 1647 probante
368 1601 445 1635 Bel.
496 1602 539 1641 e)
564 1599 671 1644 μὲν]
698 1607 876 1633 monente
892 1600 1015 1633 Belino
1037 1607 1073 1634 et
1092 1604 1356 1658 praeeuntibus
1377 1609 1462 1660 Rip.

166 1655 204 1681 et
221 1650 334 1680 S'clmn.
354 1647 493 1681 inserm
514 1659 533 1680 e
552 1647 670 1680 Codd.
690 1657 790 1690 2954.
815 1652 851 1679 et
872 1658 976 1689 ⁷011.
1039 1647 1076 1690 f)
1110 1645 1310 1703 ἄκατος]
1337 1648 1464 1694 „cinoc-

166 1707 232 1734 τας
254 1694 306 1728 Il.
356 1694 419 1727 Nil
449 1694 644 1728 mutantJ.
668 1694 713 1726 H.
736 1695 817 1725 Par.
839 1698 878 1725 et
897 1694 935 1725 P.
943 1694 966 1711 “
1017 1696 1066 1738 g)
1093 1691 1273 1751 ουρίῳ]
1300 1698 1386 1740 „Sic
1408 1699 1462 1732 Fa

166 1742 198 1774 J.
230 1742 277 1774 H.
302 1740 386 1773 Ald.
415 1742 618 1784 (utraque)
646 1742 726 1775 Par.
775 1735 889 1785 Εὕρῳ
912 1740 949 1772 P
970 1746 1005 1772 et
1035 1742 1076 1773 L.
1084 1743 1107 1762 ‘⁴
1145 1739 1266 1786 ανέμῳ
1294 1744 1394 1776 deest
1422 1745 1462 1777 in

169 1796 272 1831 2954.
289 1792 325 1819 et
343 1798 443 1828 3011.
466 1787 650 1830 probante
668 1785 747 1821 Bel.
776 1785 846 1829 .h)
870 1785 950 1830 τῆς
973 1787 1026 1831 γῆ
1039 1788 1081 1830 ς]
1109 1788 1299 1822 A1ticu1us
1323 1790 1464 1825 deside-

166 1840 270 1866 ratur
291 1833 332 1866 in
357 1832 464 1866 Gorl.

78 1922 159 1960 que
196 1907 284 1946 fieri
328 1905 503 1945 omnino
544 1915 736 1957 possunt.
796 1907 945 1950 mines.

76 1964 210 2003 Nullo
235 1962 644 2016 modoigiturfidem
668 1963 736 2000 ad-

77 2020 224 2060 hibere
253 2021 337 2058 illis
367 2034 441 2070 par
469 2029 553 2067 est,
597 2019 631 2057 si
665 2018 738 2072 qui

76 2078 256 2115 lectores
306 2076 411 2114 mihi
463 2076 739 2128 contigerint.

78 2132 171 2173 Jam
208 2135 375 2170 solvens
417 2131 647 2183 aliquando
689 2130 740 2170 de

1015 1908 1157 1960 Hujus
1207 1909 1342 1963 igitur
1401 1911 1464 1950 rei

800 1977 972 2013 caussa,
1013 1979 1203 2017 magnam
1236 1967 1318 2003 vim
1344 1966 1464 2004 cibo·

799 2024 912 2070 mm,
965 2029 1006 2057 et
1041 2035 1174 2072 aquae
1211 2022 1326 2075 quod
1359 2023 1463 2061 satis

800 2087 910 2115 esset
962 2076 1260 2127 imposueram.
1331 2081 1464 2118 Porro

800 2133 1041 2185 aequalium
1059 2134 1373 2189 quinquaginta
1390 2136 1467 2173 mi·-
1511 2185 1515 2187 ι

81 2188 290 2226 columnis
329 2188 548 2237 Herculis,
613 2198 654 2226 et
695 2188 740 2224 in

83 2243 401 2283 occidentalem
427 2243 646 2281 Oceanum
673 2243 741 2282 de-

78 2303 210 2348 latus,
245 2298 432 2338 secundo
460 2298 617 2349 (Em-o)
643 2314 743 2338 ven-

79 2366 124 2396 to
147 2356 414 2410 navigabam.
460 2354 614 2392 Caussa
637 2354 744 2392 mibi

81 2411 442 2467 peregrinationis
483 2421 523 2449 et
560 2411 744 2448 institu—

83 2478 168 2506 tum
193 2468 346 2507 mentis
369 2466 570 2520 quaedam
603 2466 744 2504 inanis

85 2523 308 2573 sedulitas,
362 2537 652 2576 novarumque
684 2537 744 2562 re-

86 2594 173 2618 rum
196 2579 378 2634 cupido,
413 2590 453 2619 et
474 2579 587 2632 quod
613 2578 744 2617 disce-

88 2649 131 2673 re
166 2639 339 2686 vellem,
385 2636 478 2689 quis
513 2635 607 2672 finis
640 2644 746 2673 esset

90 2691 272 2741 Oceani,
306 2693 467 2745 quique
498 2693 542 2730 in
577 2691 745 2730 diverso

88 2747 204 2785 illius
236 2749 361 2788 litore
391 2748 634 2787 habitarent
670 2746 747 2786 ho-

800 2188 846 2226 hi
874 2188 1174 2241 adjumoemm,
1220 2193 1294 2244 qui
1326 2193 1462 2230 consi-

800 2246 905 2283 lium
927 2245 1034 2284 idem
1050 2246 1276 2286 haberent.
1300 2248 1466 2286 adhaec

802 2316 1009 2340 armorum
1030 2317 1219 2355 magnam
1240 2305 1324 2342 vim
1348 2318 1466 2357 para-

802 2372 963 2405 veram,
995 2358 1403 2413 gubernatoremque
1424 2374 1468 2398 o-

802 2414 982 2465 primum
1014 2429 1163 2467 magna
1192 2415 1415 2454 mercede
1404 2430 1468 2453 in·

805 2469 976 2506 ductum
1010 2470 1292 2511 adsciveram:
1327 2486 1373 2509 ac
1397 2486 1469 2510 na-

803 2526 917 2572 vim,
960 2536 1048 2563 erat
1084 2535 1222 2563 autern
1258 2529 1466 2578 acatium,

803 2590 850 2617 ut
870 2556 918 2617 ad
939 2595 1129 2643 magnam
1151 2583 1469 2637 violentamque

806 2636 1158 2689 navigationem,
1193 2638 1468 2680 firmaveram.

804 2692 944 2744 Igitur
986 2691 1095 2732 diem
1138 2695 1307 2747 quidem
1336 2711 1467 2734 unum

807 2761 854 2786 ac
893 2758 1062 2789 noctem
1108 2751 1298 2792 secundo
1337 2763 1467 2793 vento
