1834 3188
1349 191 1421 240 57

53 304 178 360 φιάλη
205 323 285 357 τις,
315 301 344 360 ἦ
377 300 550 357 σκύφος,
583 302 612 358 ἢ
638 304 855 356 στέφανος·
887 300 974 345 ὅσοι
1001 307 1102 358 γοῦν
1134 304 1271 353 ἷερεῖς,
1305 301 1565 358 ἔλλοςΡ.73ο.

53 373 147 416 ἄλλο
170 373 270 416 εἶναι
287 376 463 428 λέγουσι,
494 374 560 414 καὶ
585 368 679 414 οὐδὲ
694 373 785 425 περὶ
800 375 870 423 τῆς
886 368 985 423 ὕλης
1003 366 1124 423 αὐτῆς
1143 368 1420 426 ὁμολογοῦσιν·
1435 388 1470 421 p.
1484 383 1563 422 781.

351 204 671 236 HERMOTIMUS-
700 205 805 237 SIVE
838 205 906 236 DE
940 206 1113 237 SECTIS.

52 437 142 483 ἄλλ’
161 446 202 485 οῖ
225 443 314 497 μὲν,
344 447 517 495 χαλκοῦ,
551 444 592 483 οἵ
608 441 670 490 δὲ,
703 437 902 495 άργύρου,
937 441 978 480 οἷ
1005 439 1067 489 δὲ,
1098 443 1272 492 χρυσοῦ,
1308 442 1348 481 οἵ
1368 442 1420 491 δὲ,

51 511 287 564 κασσιτέρου
328 508 428 551 εἶναι
468 505 561 550 αὐτὸ
603 506 853 560 φάσκουσιν·
893 501 1047 561 ἀνάγκη
1073 509 1212 553 τοίνυν
1246 507 1424 558 ἅπαντας

52 573 257 620 άποδῦσαι
292 576 388 627 τούς
419 574 685 627 εἰςελθόντας,
726 578 762 618 εἰ
787 577 924 629 βούλει
956 571 1087 629 εὖρεῖν
1118 573 1161 617 τὸ
1194 573 1422 626 άπολωλός·

49 645 119 685 καὶ
139 642 213 699 γάρ
244 643 295 686 ἂν
326 643 434 699 παρὰ
455 649 510 702 τῷ
536 641 677 698 πρώτῳ
710 639 836 693 εὐθὺς
867 641 986 699 εὕρῃς
1008 640 1039 698 i)
1072 641 1221 698 φιάλην
1246 651 1425 700 χρυσῆν,

47 712 101 754 ἔτι
119 714 185 754 καὶ
205 713 300 762 τούς
319 711 462 761 ἄλλους
478 727 540 753 σοι
566 708 798 754 ἀποδυτέον.

164 786 300 823 EPM.
335 779 413 822 Διά
432 783 486 827 τί,
523 773 553 821 οἷ
573 785 746 832 Λυκῖνε,

165 855 300 891 ΛΥΚ.
322 846 418 889 ’Ότι
440 846 588 901 ἄδηλον
611 851 645 890 εἰ
666 848 787 902 φιάλη
819 846 864 890 τὸ
883 842 1132 899 άπολόμενον
1149 841 1214 900 ἦν.
1250 850 1338 891 εἰδὲ
1359 853 1426 894 καὶ

50 920 166 958 τοῦτο
186 915 264 958 ὑπὸ
287 915 451 958 πάντων
475 915 764 971 ὁμολογηθείη,
800 912 889 965 ἄλλ’
911 915 995 958 οὔτι
1020 933 1061 970 γε
1081 920 1234 971 χρυσῆν
1256 914 1427 968 ἅπαντές

50 998 175 1036 φασιν
195 983 295 1026 εἶναι
317 986 389 1038 τὴν
413 984 561 1038 φιάλην
577 996 585 1004 ·
618 985 709 1026 εἰδὲ
730 986 796 1026 καὶ
827 983 993 1038 μάλιστα
1019 982 1221 1040 γνώριμον
1251 987 1427 1047 γένοιτο,

49 1048 104 1101 ὥς
127 1050 248 1106 φιάλη
272 1051 461 1095 ἀπόλοιτο
480 1058 630 1107 χρυσῆ,
660 1055 726 1094 καὶ
746 1051 792 1095 σύ
809 1051 919 1107 παρά
939 1057 993 1109 τῷ
1013 1051 1155 1104 πρώτῳ
1181 1051 1311 1106 εῗῖροις
1335 1053 1429 1107 φιά-

48 1125 123 1173 λην
152 1125 328 1174 χρυσῆν,
371 1119 463 1163 οὐδὲ
493 1119 595 1163 οὕτω
625 1117 759 1174 παύσῃ
793 1119 1107 1175 διερευνώμενος
1134 1119 1229 1170 τοὺς
1261 1121 1426 1173 ἄλλους·

51 1185 98 1231 οὗ
125 1188 199 1243 γὰρ
221 1188 341 1242 δῆλόν
360 1207 439 1231 που
470 1192 504 1231 εἰ
531 1185 629 1243 αὐτὴ
652 1182 704 1242 ἦν
722 1186 749 1242 ἡ
776 1193 851 1231 τοῦ
868 1193 989 1240 θεοῦ·
1023 1186 1052 1243 ἢ
1081 1184 1156 1231 οὐκ
1180 1191 1255 1233 οἰέι
1279 1191 1432 1242 πολλάς

52 1255 203 1311 φιάλας
223 1255 323 1299 εἶναι
327 1264 509 1364 χρυσᾶς-ς
1396 1252 1399 1255 “

95 1325 98 1329 ⁸
165 1330 306 1367 EPM.
327 1323 401 1380 ἘΤ
397 1344 460 1380 ’Τω

165 1398 298 1436 AYK.
340 1390 488 1446 Δεήσει
515 1391 563 1446 δὴ
603 1394 664 1435 ἔπι
697 1390 851 1443 πάντας
877 1393 977 1436 ἰέναι
1004 1395 1251 1460 ἔρευνωντά,
1286 1399 1359 1440 καὶ
1385 1397 1434 1440 τά

52 1457 154 1516 παρ’
190 1458 338 1513 ἑκάστῳ
369 1457 585 1515 ευρεθέντα
615 1459 769 1512 πάντα,
813 1464 867 1510 εἰς
897 1462 1018 1514 μέσον
1039 1465 1288 1517 καταθέντα,
1321 1465 1436 1515 εἰκά-

54 1535 151 1582 ζειν,
185 1528 227 1581 ό,
239 1532 277 1572 τί
297 1546 393 1572 ποτε
417 1527 551 1572 αὐτῶν
583 1532 732 1586 πρέποι
762 1527 811 1573 &v
829 1535 946 1572 θεῖον
964 1535 1094 1585 κτῆμα
1116 1534 1290 1575 οἷ’..εσθαι

1353 1537 1434 1578 Καὶ
1461 1553 1515 1595 39

143 1628 394 1677 ἀπολλύμενον
414 1641 517 1677 2954.
578 1633 617 1676 1')
644 1630 694 1668 εὔ
708 1646 727 1678 ρ
740 1646 762 1680 ῃ
777 1634 814 1679 ς]
843 1629 970 1678 εὕροις
987 1645 1089 1677 3011.

54 1736 142 1777 est,
175 1725 400 1779 pffialane,
436 1741 488 1765 an
514 1726 717 1780 scyphus,

59 1800 109 1825 an
134 1798 306 1823 corona.
342 1783 461 1836 Quot
483 1784 594 1822 enim
619 1793 718 1822 sunt

58 1840 318 1891 sacerdotes,
363 1839 470 1878 alius
505 1840 621 1878 aliud
657 1839 717 1877 di-

59 1899 139 1946 cit,
174 1910 251 1934 nec
274 1896 324 1934 de
344 1897 517 1935 materia
541 1897 628 1949 ipsa
654 1896 718 1932 in·

60 1965 123 1993 ter
151 1953 248 1991 illos
285 1953 508 2002 convenit3
539 1952 611 1990 sed
645 1951 718 1990 alii

61 2025 115 2050 ex
141 2023 233 2048 aere
251 2040 261 2060 ,
294 2008 367 2047 alii
396 2019 637 2062 argenteum
659 2022 720 2047 es-

62 2081 127 2116 se,
161 2079 333 2103 aureum
354 2066 440 2114 alii,
475 2066 548 2104 alii
569 2080 590 2104 e
610 2074 721 2102 stan·

61 2137 118 2161 no
154 2135 264 2172 esse,
307 2120 470 2161 dicunt.
539 2121 721 2160 Necesse

64 2178 196 2232 igitur
228 2187 316 2224 est,
359 2177 604 2231 quicunque
648 2177 724 2214 in-

65 2248 199 2288 gressl
228 2241 352 2282 sunt,
387 2248 529 2273 omnes
552 2247 720 2282 exuere,

65 2291 103 2330 si
134 2289 329 2330 invenire
354 2289 482 2338 velis,
514 2289 626 2343 quod
647 2289 724 2327 de-

66 2346 298 2386 sideratur:
331 2344 455 2383 etiam
486 2345 596 2384 enim
618 2346 653 2382 si
685 2359 725 2383 a-

65 2401 153 2457 pud
172 2402 353 2455 plimum
369 2401 510 2438 statim
530 2401 724 2438 invenias

68 2460 256 2512 phialam
284 2471 474 2507 auream,
509 2456 645 2494 adhuc
667 2471 729 2495 re-

67 2516 358 2570 liquostamen
377 2523 546 2566 oportet
561 2527 728 2552 exume.

124 2570 261 2609 Ι-Ισκηι.
296 2570 403 2620 Cur,
436 2569 641 2621 Lyciae?

123 2626 219 2680 Lyc.
257 2625 471 2679 Quoniam
501 2625 726 2663 obscurum

72 2691 146 2731 est,
168 2683 278 2722 sitne
303 2682 446 2734 phiala
470 2680 590 2730 illud,
614 2680 728 2734 quod

72 2738 226 2790 periit,
279 2740 315 2776 si
349 2752 456 2791 ⁴vero
493 2737 573 2775 hoc
603 2737 728 2776 etiam

775 1726 887 1765 inter
922 1741 1066 1767 omnes
1099 1728 1352 1777 conveniat3
1394 1740 1438 1768 at

776 1797 941 1822 auream
961 1787 1047 1822 non
1071 1799 1214 1824 omnes
1237 1788 1359 1837 ajunt
1378 1801 1438 1825 es-

776 1838 1037 1891 se‘phialam.
1098 1842 1143 1879 Si
1171 1856 1269 1880 vero
1295 1843 1437 1880 maxi—

775 1910 841 1934 me
864 1895 971 1933 illud
993 1897 1118 1935 etiam
1144 1907 1331 1947 constet,
1365 1913 1440 1936 au-

776 1966 887 1991 ream
917 1953 1092 2005 periisse
1121 1953 1332 2006 phialam,
1374 1964 1440 1991 tu-

780 2023 860 2062 que
883 2023 1010 2061 penes
1031 2011 1212 2061 Ριῐηωω
1243 2010 1440 2049 invenias

781 2079 946 2103 auream
975 2066 1176 2118 phialam.
1191 2080 1244 2105 ne
1263 2066 1326 2104 sic
1348 2067 1442 2119 qui-

783 2120 875 2159 dem
895 2132 1093 2160 excutere
1118 2122 1225 2160 alios
1262 2122 1440 2164 desines.

781 2177 936 2230 Neque
986 2179 1099 2216 enim
1138 2182 1311 2230 planum
1357 2189 1444 2229 est,

782 2233 893 2273 sitne
925 2234 1029 2273 haec
1058 2235 1176 2286 ipsa,
1222 2249 1327 2288 quae
1359 2235 1445 2272 fuit

781 2290 896 2329 Dei:
929 2300 1003 2328 aut
1033 2305 1119 2329 non
1152 2301 1298 2342 putas,
1341 2294 1446 2343 plu-

782 2360 847 2384 res
864 2361 953 2385 esse
977 2346 1141 2398 phialas
1162 2346 1339 2385 aureas?

839 2403 978 2442 Herm.
1009 2404 1103 2455 Ego
1130 2416 1244 2441 vero.

841 2458 941 2512 Lyc.
976 2459 1097 2510 Opus
1122 2458 1253 2511 igitur
1271 2458 1352 2497 erit
1371 2473 1446 2512 per

788 2527 930 2552 omues
955 2514 1013 2552 ire
1032 2513 1284 2564 scrutando,
1322 2529 1448 2568 quae-

789 2582 871 2620 que
905 2569 1017 2620 apud
1048 2570 1240 2623 singulos
1272 2572 1447 2610 inventa

788 2624 979 2673 fuerint,
1014 2626 1126 2663 eain
1152 2626 1292 2666 medio
1316 2642 1448 2679 pone·

790 2694 832 2719 re
854 2681 1010 2730 omnia,
1046 2693 1086 2720 et
1106 2683 1166 2722 sic
1188 2684 1327 2723 facere
1350 2699 1449 2722 con-

788 2739 1017 2790 jecturam,
1066 2738 1370 2793 quidssandem
1399 2742 1449 2778 il-
