1834 3188
355 187 458 233 206
846 199 1253 231 LUCIANI

234 314 270 348 p.
282 313 341 348 43.
354 294 408 347 ὥς
422 293 467 350 f)
501 298 543 340 ἓν
559 298 697 353 γέλωτι
715 295 988 351 ποιήσασθαι,
1019 298 1087 339 καὶ
1106 299 1332 351 ἐπισκῶψαι
1348 297 1417 349 τοὶς
1435 301 1610 353 ἱστορίας
1630 298 1736 342 οὕτω

351 365 476 416 καλὰς
495 364 642 416 οὔσας,
676 361 774 408 ἄλλα
793 371 868 408 τοῦ
886 368 1080 420 χρησίμου
1103 367 1230 408 ἕνεκα.
1264 362 1317 415 ὦς
1337 364 1440 416 sisag-
1459 366 1509 410 ἂν
1528 374 1650 410 ταῦτα
1668 371 1736 411 καὶ

347 434 395 478 τὰ
424 441 584 478 τοιαῦτα
614 434 767 491 φεύγῃ,
812 434 916 477 πολὺ
945 436 1066 490 μέρος
1086 432 1164 488 ἤδη
1187 437 1226 484 ἐς
1251 433 1295 477 τὸ
1325 433 1461 489 ὀρθῶς
1483 436 1735 492 συγγράφειν

231 499 471 556 Ρ.4.4..οὗτος
489 507 534 558 g)
565 506 824 561 προςείληφε·
858 508 1006 556 μᾶλλον
1029 504 1069 545 δὲ
1087 499 1231 558 ὀλίγων
1259 504 1314 544 ἔτι
1343 508 1588 558 προςὸεῖται,
1621 508 1662 548 εἴ
1691 523 1734 561 γε

352 569 501 627 ἀληθὲς
520 569 648 615 ἐκεῖνό
675 586 802 626 φησιν
822 568 849 624 ἦ
869 572 1088 625 διαλεκτικὴ
1105 605 1116 622 ⁷
1149 569 1203 621 ὥς
1221 575 1302 613 τῶν
1321 569 1478 626 ἆμέσων
1503 591 1529 626 η
1556 574 1734 628 θατέρου

268 653 322 694 33
351 641 486 696 ἄρσις,
526 639 569 683 τὸ
603 641 739 695 ἕτερον
760 638 924 688 πάντως
958 638 1187 695 ἄντειςάγει.
1251 641 1331 682 Καὶ
1363 637 1411 693 δὴ
1441 639 1485 682 τὸ
1517 638 1733 695 χωρίονἰ)

349 725 435 760 σοι,
469 713 572 762 φαίη
590 727 650 758 τις
669 706 740 760 div,
772 707 949 762 ἀκριβῶς
968 705 1310 762 ἀνακεκάθαρται,
1341 710 1407 749 καὶ
1426 710 1471 749 αι’
1482 725 1520 750 τε
1537 705 1731 760 α’κανθαι,

346 775 493 820 ὁπόσαι
524 792 654 830 ησαν,
700 778 766 818 καὶ
794 774 931 830 βατοι,
973 777 1258 830 ἐκκεκομμέναι
1286 777 1383 826 εἰσὶ,
1425 794 1471 817 τα
1495 778 1534 818 δὲ
1551 782 1630 819 τῶν
1653 777 1734 819 ἅλ-

345 851 426 888 λων
445 843 484 902 i)
517 848 670 900 ἐρείπια
690 844 769 898 ἤδη
789 843 1081 897 ἐκπεφόρηται·
1122 846 1188 886 καὶ
1212 847 1250 887 sul
1266 862 1300 885 τι
1320 861 1443 898 τραχυ
1475 843 1522 897 δὴ
1542 839 1618 895 k),
1662 847 1732 887 καὶ

342 919 462 957 τοῦτο
482 913 589 956 λεῖόν
610 915 725 956 ἔστιν.
760 910 854 961 &gv-s
874 915 1103 965 οἰκοδομεῖν
1122 931 1159 954 τι
1178 916 1237 954 δε
1222 931 1236 954 ι
1256 912 1333 965 ἤδη
1356 913 1419 953 καὶ
1439 908 1561 954 αὐτὸν
1580 910 1619 967 l)
1634 946 1645 964 ‚
1678 912 1732 963 ὦς

345 985 499 1038 δείξῃς,
534 977 610 1023 ου’κ,
631 977 856 1034 ἀνατρέψαι
869 980 996 1033 μόνον
1018 979 1064 1022 τὰ
1084 985 1161 1022 τῶν
1186 980 1316 1021 ἄλλων
1334 980 1527 1035 γεννάδας
1549 978 1628 1031 ὦν,
1662 977 1730 1023 ἆλ-

342 1048 392 1094 ao}
416 1067 452 1091 τι
471 1050 540 1096 καὶ
559 1047 681 1098 αὐτὸς
704 1051 915 1102 ἐπινοῆσαι
940 1048 1098 1100 δεξιὸν,
1132 1051 1199 1091 καὶ
1221 1047 1243 1091 ὃ
1265 1047 1399 1097 οὐδεὶς
1418 1045 1491 1100 ἂν,
1523 1045 1612 1090 ἄλλ’
1635 1047 1726 1092 οὐδ’

385 1163 427 1208 f)
455 1158 560 1198 οὐδ’
587 1158 667 1203 ως]
695 1162 767 1210 ῌίε
797 1161 920 1196 deesse
937 1163 1078 1217 aliquid
1098 1162 1310 1208 suspicatur
1328 1164 1372 1195 S-
1366 1163 1443 1195 -71m.
1493 1156 1540 1192 At'
1561 1161 1635 1194 vid.
1656 1161 1729 1194 Ad-

429 1215 512 1243 not.
583 1212 628 1253 g)
658 1203 828 1248 οὗτος]
856 1205 967 1248 αὐτὸς
989 1210 1090 1253 2956.
1163 1212 1210 1247 h)
1239 1209 1441 1252 χωρίον]
1466 1208 1670 1252 θυρίονΒ.
1691 1218 1723 1251 3.

430 1256 595 1300 Sequens
619 1265 677 1288 σοι
698 1261 761 1287 aut
780 1255 1005 1308 expletivum
1025 1266 1102 1288 esse
1123 1255 1269 1287 Belmus
1291 1255 1392 1288 dicit
1419 1261 1481 1286 aut
1501 1254 1539 1286 in
1559 1265 1624 1296 μοι
1643 1265 1725 1286 mn-

430 1302 601 1334 t.andum
652 1302 739 1333 Non
759 1300 852 1332 vidit
869 1301 1006 1344 igitur,
1033 1301 1144 1334 vexba
1167 1301 1261 1353 φαίη
1283 1314 1339 1340 τις
1359 1313 1405 1334 αν
1425 1311 1491 1344 per
1509 1311 1547 1332 se
1565 1310 1641 1331 esse
1659 1311 1725 1343 po·

428 1347 520 1391 sita⁷
548 1354 581 1380 et
601 1357 659 1381 σοι
685 1347 729 1379 ad
759 1336 1065 1390 ἀνακεκάθαρται
1089 1347 1289 1391 pertinexe.
1360 1347 1394 1387 1)
1421 1358 1514 1379 των
1540 1340 1726 1388 ἄλλων]

424 1404 496 1436 pro
522 1394 748 1437 ‘giossemate
779 1393 949 1426 damnari
978 1394 1059 1426 vult
1077 1393 1253 1437 leolplz.
1278 1392 1436 1434 injuria:
1467 1392 1602 1437 quodsi
1625 1392 1725 1426 enim

425 1439 517 1472 haec
539 1439 717 1482 deessent,
729 1438 918 1472 difficilius
940 1439 1225 1484 intelligeretur,
1240 1450 1418 1495 quorsum
1441 1438 1650 1482 pertineant
1669 1449 1726 1470 se-

427 1485 577 1539 quentia
596 1485 658 1518 καὶ
683 1481 809 1518 αὐτόν.
874 1485 921 1522 k)
946 1486 1028 1520 καὶ
1053 1486 1098 1519 εἴ
1115 1499 1160 1519 τι
1183 1497 1331 1529 τραχυ
1360 1483 1437 1539 δή]
1465 1484 1554 1527 „noct
1574 1484 1641 1518 εἴτι
1661 1483 1723 1519 καὶ

422 1528 589 1575 τραχύδη
617 1532 654 1564 P.
684 1528 755 1574 ἤδη
782 1531 831 1565 Fl.
870 1531 917 1575 δή
945 1538 1099 1564 ceterae.
1149 1532 1192 1563 In
1227 1533 1280 1563 M.
1311 1537 1364 1563 est
1389 1528 1453 1574 δή,
1481 1531 1543 1562 sed
1566 1526 1590 1574 ἦ
1609 1541 1722 1574 supra

422 1578 607 1619 scriptum
626 1583 680 1609 est
701 1589 720 1609 a
741 1577 951 1610 recentiore
971 1589 1093 1611 manu
1102 1579 1126 1597 “
1164 1573 1236 1621 ἤδη
1256 1577 1366 1609 etiam
1387 1577 1423 1610 111
1444 1577 1542 1620 2956.
1563 1583 1599 1609 et
1617 1585 1719 1620 2954.

423 1623 493 1655 Sed
528 1622 604 1654 Bel.
635 1623 777 1656 mavult
803 1618 861 1667 ἧ,ν
934 1623 969 1664 l)
1006 1619 1191 1678 av'tdv]
1220 1623 1308 1665 „Sic
1327 1624 1356 1655 J.
1382 1624 1425 1655 H.
1447 1623 1498 1654 Fl.
1519 1623 1600 1654 Par.
1632 1625 1719 1655 Am.

423 1668 526 1702 Sed
515 1680 551 1700 111
573 1668 643 1701 hac
667 1671 729 1711 (A.
758 1673 812 1710 1.)
833 1669 919 1702 inde
937 1669 1077 1702 facturn
1101 1666 1234 1711 αυτὸν,
1262 1681 1339 1702 non
1359 1668 1534 1712 imperite
1555 1668 1717 1712 quidem.

420 1712 541 1754 Αὐτός
557 1716 609 1748 Μ.
632 1715 694 1748 sed
715 1721 750 1747 et
768 1716 1027 1759 praecedentia
1045 1716 1106 1747 hic
1127 1716 1248 1772 primo
1267 1715 1375 1747 aliter
1396 1715 1544 1747 fuerant
1564 1715 1716 1771 scripta.

419 1761 513 1794 Erat
535 1761 634 1794 enim
654 1762 865 1805 οἰκοδομεῖ,
894 1767 930 1794 et
948 1762 1074 1794 aberat
1093 1763 1159 1801 δεῖ
1163 1763 1186 1780 “
1224 1758 1338 1800 'asts
1357 1761 1568 1803 οἰκοδομεῖν
1587 1773 1621 1794 τι
1642 1757 1716 1805 ἤδη

419 1807 484 1841 καὶ
509 1803 623 1846 αὐτος
652 1816 750 1863 2951..
779 1788 879 1851 2956.
935 1808 1038 1840 Unde
1059 1810 1105 1839 Β
1103 1809 1172 1840 [ιη.
1194 1807 1355 1847 coniecit
1383 1813 1418 1840 et
1440 1808 1552 1839 Sem
1576 1807 1713 1840 edidit.

420 1854 598 1896 οἰκοδομὲ
602 1857 615 1887 ῖ
634 1867 668 1888 τι
690 1852 763 1898 ἤδη
789 1855 851 1888 καὶ
875 1852 1009 1896 αὐτὸς,
1037 1866 1130 1898 quae
1147 1854 1197 1886 ita
1216 1856 1329 1886 etiam
1349 1854 1388 1886 111
1412 1853 1517 1885 Gorl.
1538 1853 1630 1896 legi,
1656 1864 1715 1885 re-

418 1899 492 1932 fert
512 1901 624 1932 Schm.
659 1901 736 1932 Nos
759 1912 845 1933 cum
866 1903 959 1932 Rnd.
980 1900 1182 1933 lectionem
1200 1905 1235 1932 et
1255 1898 1599 1943 interpunctionem
1615 1900 1657 1931 B.
1682 1910 1712 1932 1.

417 1952 454 1978 et
471 1957 504 1989 5.
527 1945 769 1980 restituimus.
815 1945 897 1979 Vid.
917 1946 1053 1979 Adnot.

323 2070 372 2099 ut
400 2059 586 2099 ridiculo
614 2060 785 2100 habeam
802 2093 812 2111 ‚
847 2071 888 2101 et
909 2064 987 2099 lu-
1043 2077 1141 2100 rum.
1202 2061 1260 2098 Et
1278 2073 1376 2098 sane
1398 2073 1492 2098 area
1515 2058 1612 2109 tibi,
1647 2058 1710 2098 di-

323 2116 464 2155 dibrio
517 2116 732 2155 traducam
782 2118 984 2156 historias
1044 2129 1109 2156 cat
1129 2117 1307 2171 aliquis,
1338 2126 1532 2154 accurare
1554 2130 1709 2170 purga-

322 2173 381 2210 ita
400 2172 596 2225 pulchras
613 2204 623 2218 ‚
658 2188 799 2212 verum
819 2174 983 2212 utilita-
1041 2185 1082 2213 ta
1107 2183 1192 2223 est,
1227 2184 1351 2226 atque
1377 2172 1549 2225 spinae,
1584 2184 1706 2225 quot-

318 2230 374 2268 tis
413 2244 584 2268 caussa:
629 2229 985 2283 quandoquidem
1044 2239 1148 2283 quot
1169 2240 1312 2277 erant,
1346 2239 1387 2268 et
1414 2229 1535 2278 rubi,
1570 2228 1705 2267 excisi

321 2286 395 2338 qui
432 2285 534 2325 haec
575 2295 616 2324 et
645 2286 791 2324 horum
822 2286 979 2324 similia
1038 2296 1159 2325 sunt:
1213 2285 1362 2324 rudera
1403 2285 1583 2323 aliorum
1619 2286 1702 2335 jam

319 2343 394 2380 fun
371 2343 492 2397 gerit,
526 2344 596 2381 ille
615 2342 866 2394 bonamjam
889 2357 980 2393 par·
1039 2347 1173 2389 elata,
1230 2351 1271 2379 et
1303 2342 1339 2379 si
1375 2341 1474 2394 quid
1507 2354 1700 2392 asperum

317 2406 398 2435 tem
420 2398 469 2436 ad
492 2410 602 2438 recte
620 2399 888 2437 scribendum
909 2396 978 2435 ad·
1037 2401 1203 2446 fue1·,at
1235 2402 1315 2451 jam
1335 2401 1453 2435 laeve
1475 2407 1550 2434 est.
1612 2395 1698 2432 Ita-

318 2465 437 2504 eptus
462 2467 543 2503 est,
576 2458 640 2493 vel
661 2456 807 2508 potius
829 2454 977 2508 paucis
1040 2470 1119 2508 que
1144 2459 1223 2506 jam
1250 2468 1354 2505 opus
1381 2462 1468 2500 est,
1502 2461 1549 2488 ut
1574 2460 1614 2490 et
1636 2450 1698 2502 ip-

316 2508 452 2547 adhuc
496 2511 685 2563 indiget,
735 2512 770 2549 si
806 2511 977 2565 quidem
1037 2526 1081 2551 se
1103 2511 1339 2550 aedificium
1366 2518 1576 2555 exstruas,
1610 2521 1695 2560 quo

313 2579 409 2603 vere
440 2566 542 2605 illud
578 2569 818 2606 Dialectica
852 2582 974 2619 prae-
1034 2583 1127 2607 eum
1162 2578 1202 2606 te.
1238 2564 1458 2606 ostendas.
1505 2540 1576 2614 qui
1608 2577 1693 2601 non

314 2621 440 2670 cipit,
472 2622 640 2672 Eorum,
674 2628 772 2662 inter
792 2640 891 2678 quae
914 2626 972 2662 ni-
1032 2632 1217 2663 everteie
1238 2621 1364 2659 modo
1391 2620 1563 2658 fortiter
1588 2619 1692 2658 alio·

311 2676 372 2715 hil
393 2688 444 2715 est
464 2678 653 2728 medium,
688 2681 847 2718 alterius
871 2680 973 2718 sub—
1029 2693 1120 2716 rum
1144 2692 1205 2717 res
1229 2676 1389 2729 possis,
1421 2674 1492 2713 sed
1524 2674 1691 2728 aliquid

309 2731 493 2772 lationem
519 2746 654 2773 contra
673 2736 855 2775 inducere
875 2736 971 2774 alte-
1028 2735 1121 2786 ipse
1144 2734 1271 2772 etiam
1294 2742 1438 2785 aptum
1463 2732 1691 2784 excogita-
