<?xml version="1.0" encoding="UTF-8"?>
<!DOCTYPE html PUBLIC "-//W3C//DTD XHTML 1.0 Transitional//EN"
    "http://www.w3.org/TR/xhtml1/DTD/xhtml1-transitional.dtd">
<html xmlns="http://www.w3.org/1999/xhtml" xml:lang="en" lang="en">
 <head>
  <title>
</title>
<meta http-equiv="Content-Type" content="text/html;charset=utf-8" />
  <meta name='ocr-system' content='tesseract 3.04.00' />
  <meta name='ocr-capabilities' content='ocr_page ocr_carea ocr_par ocr_line ocrx_word'/>
</head>
<body>
  <div class='ocr_page' id='page_1' title='image "./operagraecaetlat04luciuoft_0604.png"; bbox 0 0 1834 3188; ppageno 0'>
   <div class='ocr_carea' id='block_1_1' title="bbox 279 188 1392 238">
    <p class='ocr_par' dir='ltr' id='par_1_1' title="bbox 279 188 1392 238">
     <span class='ocr_line' id='line_1_1' title="bbox 279 188 1392 238; baseline -0.004 0"><span class='ocrx_word' id='word_1_1' title='bbox 279 188 382 238; x_wconf 84' lang='lat'><strong>556</strong></span> <span class='ocrx_word' id='word_1_2' title='bbox 639 201 1392 235; x_wconf 73' lang='lat' dir='ltr'><strong>ADNOTATIONES</strong></span> 
     </span>
    </p>
   </div>
   <div class='ocr_carea' id='block_1_2' title="bbox 257 298 1752 2774">
    <p class='ocr_par' dir='ltr' id='par_1_2' title="bbox 257 298 1752 2774">
     <span class='ocr_line' id='line_1_2' title="bbox 280 298 1735 356; baseline 0 -14"><span class='ocrx_word' id='word_1_3' title='bbox 280 302 315 341; x_wconf 87' lang='lat' dir='ltr'><strong>ti</strong></span> <span class='ocrx_word' id='word_1_4' title='bbox 333 311 446 343; x_wconf 85' lang='lat' dir='ltr'><strong>reete</strong></span> <span class='ocrx_word' id='word_1_5' title='bbox 468 301 612 343; x_wconf 85' lang='lat' dir='ltr'><strong>adesse</strong></span> <span class='ocrx_word' id='word_1_6' title='bbox 634 311 799 356; x_wconf 89' lang='lat' dir='ltr'><strong>potest,</strong></span> <span class='ocrx_word' id='word_1_7' title='bbox 831 309 879 339; x_wconf 91' lang='lat' dir='ltr'><strong>ut</strong></span> <span class='ocrx_word' id='word_1_8' title='bbox 901 300 1097 353; x_wconf 78' lang='lat' dir='ltr'><strong>pluribus</strong></span> <span class='ocrx_word' id='word_1_9' title='bbox 1126 298 1303 353; x_wconf 84' lang='lat' dir='ltr'><strong>probavi</strong></span> <span class='ocrx_word' id='word_1_10' title='bbox 1332 298 1384 338; x_wconf 85' lang='lat' dir='ltr'><strong>ad</strong></span> <span class='ocrx_word' id='word_1_11' title='bbox 1414 300 1617 344; x_wconf 83' lang='lat' dir='ltr'><strong>Herodot.</strong></span> <span class='ocrx_word' id='word_1_12' title='bbox 1639 317 1673 343; x_wconf 89' lang='lat' dir='ltr'><strong>c.</strong></span> <span class='ocrx_word' id='word_1_13' title='bbox 1695 307 1735 348; x_wconf 88' lang='lat'><strong>5.</strong></span> 
     </span>
     <span class='ocr_line' id='line_1_3' title="bbox 281 355 1738 412; baseline 0.003 -14"><span class='ocrx_word' id='word_1_14' title='bbox 281 369 324 398; x_wconf 89' lang='lat' dir='ltr'><strong>et</strong></span> <span class='ocrx_word' id='word_1_15' title='bbox 345 368 443 399; x_wconf 89' lang='lat' dir='ltr'><strong>ante</strong></span> <span class='ocrx_word' id='word_1_16' title='bbox 466 373 530 398; x_wconf 90' lang='lat' dir='ltr'><strong>me</strong></span> <span class='ocrx_word' id='word_1_17' title='bbox 549 360 768 399; x_wconf 69' lang='lat' dir='ltr'><strong>I-Iemsterlr.</strong></span> <span class='ocrx_word' id='word_1_18' title='bbox 792 358 844 396; x_wconf 89' lang='lat' dir='ltr'><strong>ad</strong></span> <span class='ocrx_word' id='word_1_19' title='bbox 871 357 987 395; x_wconf 88' lang='lat' dir='ltr'><strong>Dial.</strong></span> <span class='ocrx_word' id='word_1_20' title='bbox 1017 357 1153 396; x_wconf 85' lang='lat' dir='ltr'><strong>Mort.</strong></span> <span class='ocrx_word' id='word_1_21' title='bbox 1176 355 1343 394; x_wconf 69' lang='lat' dir='ltr'><strong>XXIII.</strong></span> <span class='ocrx_word' id='word_1_22' title='bbox 1366 357 1394 397; x_wconf 81' lang='lat' dir='ltr'><strong>f.</strong></span> <span class='ocrx_word' id='word_1_23' title='bbox 1423 356 1494 395; x_wconf 89' lang='lat' dir='ltr'><strong>ubi</strong></span> <span class='ocrx_word' id='word_1_24' title='bbox 1525 358 1738 412; x_wconf 75' lang='grc' dir='ltr'><em>καθικόμε-</em></span> 
     </span>
     <span class='ocr_line' id='line_1_4' title="bbox 278 412 1737 471; baseline 0.001 -19"><span class='ocrx_word' id='word_1_25' title='bbox 278 433 355 458; x_wconf 69' lang='grc' dir='ltr'><strong>νον</strong></span> <span class='ocrx_word' id='word_1_26' title='bbox 375 417 417 457; x_wconf 80' lang='grc' dir='ltr'><strong>ἐν</strong></span> <span class='ocrx_word' id='word_1_27' title='bbox 436 420 485 471; x_wconf 70' lang='grc' dir='ltr'><strong>τῇ</strong></span> <span class='ocrx_word' id='word_1_28' title='bbox 502 414 661 470; x_wconf 77' lang='grc' dir='ltr'><em>ῥάβδῳ,</em></span> <span class='ocrx_word' id='word_1_29' title='bbox 696 428 802 467; x_wconf 90' lang='lat' dir='ltr'><strong>quae</strong></span> <span class='ocrx_word' id='word_1_30' title='bbox 821 413 947 454; x_wconf 90' lang='lat' dir='ltr'><strong>verba</strong></span> <span class='ocrx_word' id='word_1_31' title='bbox 968 412 1139 452; x_wconf 76' lang='lat' dir='ltr'><strong>Solanus</strong></span> <span class='ocrx_word' id='word_1_32' title='bbox 1157 412 1367 451; x_wconf 85' lang='lat' dir='ltr'><strong>immerito</strong></span> <span class='ocrx_word' id='word_1_33' title='bbox 1387 424 1577 465; x_wconf 88' lang='lat' dir='ltr'><strong>suspecta</strong></span> <span class='ocrx_word' id='word_1_34' title='bbox 1596 415 1737 466; x_wconf 83' lang='lat' dir='ltr'><strong>habet,</strong></span> 
     </span>
     <span class='ocr_line' id='line_1_5' title="bbox 279 467 1739 526; baseline 0.003 -16"><span class='ocrx_word' id='word_1_35' title='bbox 279 482 420 510; x_wconf 84' lang='lat' dir='ltr'><strong>tamen</strong></span> <span class='ocrx_word' id='word_1_36' title='bbox 456 472 527 510; x_wconf 87' lang='lat' dir='ltr'><strong>hic</strong></span> <span class='ocrx_word' id='word_1_37' title='bbox 563 473 829 525; x_wconf 88' lang='lat' dir='ltr'><strong>aliquantum</strong></span> <span class='ocrx_word' id='word_1_38' title='bbox 859 473 1034 523; x_wconf 84' lang='lat' dir='ltr'><strong>languet</strong></span> <span class='ocrx_word' id='word_1_39' title='bbox 1064 469 1268 508; x_wconf 85' lang='lat' dir='ltr'><strong>historia:</strong></span> <span class='ocrx_word' id='word_1_40' title='bbox 1314 467 1459 522; x_wconf 88' lang='lat' dir='ltr'><strong>itaque</strong></span> <span class='ocrx_word' id='word_1_41' title='bbox 1484 472 1543 512; x_wconf 80' lang='grc' dir='ltr'><strong>ἑνὶ</strong></span> <span class='ocrx_word' id='word_1_42' title='bbox 1567 468 1739 526; x_wconf 66' lang='grc' dir='ltr'><em>ἀκοντίῳ</em></span> 
     </span>
     <span class='ocr_line' id='line_1_6' title="bbox 277 526 1737 577; baseline 0.001 -11"><span class='ocrx_word' id='word_1_43' title='bbox 277 528 406 567; x_wconf 91' lang='lat' dir='ltr'><strong>unice</strong></span> <span class='ocrx_word' id='word_1_44' title='bbox 434 543 577 567; x_wconf 85' lang='lat' dir='ltr'><strong>verum</strong></span> <span class='ocrx_word' id='word_1_45' title='bbox 606 542 694 567; x_wconf 89' lang='lat' dir='ltr'><strong>esse</strong></span> <span class='ocrx_word' id='word_1_46' title='bbox 725 536 888 576; x_wconf 91' lang='lat' dir='ltr'><strong>statuo,</strong></span> <span class='ocrx_word' id='word_1_47' title='bbox 923 535 964 565; x_wconf 92' lang='lat' dir='ltr'><strong>et</strong></span> <span class='ocrx_word' id='word_1_48' title='bbox 992 526 1239 577; x_wconf 80' lang='lat' dir='ltr'><strong>recepissem</strong></span> <span class='ocrx_word' id='word_1_49' title='bbox 1261 526 1477 576; x_wconf 83' lang='lat' dir='ltr'><strong>profecto,</strong></span> <span class='ocrx_word' id='word_1_50' title='bbox 1511 527 1547 565; x_wconf 90' lang='lat' dir='ltr'><strong>si</strong></span> <span class='ocrx_word' id='word_1_51' title='bbox 1582 542 1737 568; x_wconf 87' lang='lat' dir='ltr'><strong>nume-</strong></span> 
     </span>
     <span class='ocr_line' id='line_1_7' title="bbox 276 580 1735 639; baseline 0.001 -17"><span class='ocrx_word' id='word_1_52' title='bbox 276 598 367 622; x_wconf 85' lang='lat' dir='ltr'><strong>rum</strong></span> <span class='ocrx_word' id='word_1_53' title='bbox 393 584 715 636; x_wconf 84' lang='lat' dir='ltr'>elephantorum</span> <span class='ocrx_word' id='word_1_54' title='bbox 732 614 743 633; x_wconf 93' lang='lat'><strong>,</strong></span> <span class='ocrx_word' id='word_1_55' title='bbox 777 583 850 636; x_wconf 91' lang='lat' dir='ltr'><strong>qui</strong></span> <span class='ocrx_word' id='word_1_56' title='bbox 873 582 1081 622; x_wconf 71' lang='lat' dir='ltr'><strong>excidisse</strong></span> <span class='ocrx_word' id='word_1_57' title='bbox 1106 581 1297 630; x_wconf 88' lang='lat' dir='ltr'><strong>videtur,</strong></span> <span class='ocrx_word' id='word_1_58' title='bbox 1330 580 1481 620; x_wconf 84' lang='lat' dir='ltr'><strong>addere</strong></span> <span class='ocrx_word' id='word_1_59' title='bbox 1509 597 1562 622; x_wconf 84' lang='lat' dir='ltr'><strong>ex</strong></span> <span class='ocrx_word' id='word_1_60' title='bbox 1590 585 1735 639; x_wconf 89' lang='lat' dir='ltr'><strong>aliquo</strong></span> 
     </span>
     <span class='ocr_line' id='line_1_8' title="bbox 278 637 1738 690; baseline 0.001 -12"><span class='ocrx_word' id='word_1_61' title='bbox 278 639 442 678; x_wconf 85' lang='lat' dir='ltr'><strong>Codice</strong></span> <span class='ocrx_word' id='word_1_62' title='bbox 465 644 533 679; x_wconf 90' lang='lat' dir='ltr'><strong>vel</strong></span> <span class='ocrx_word' id='word_1_63' title='bbox 553 640 744 679; x_wconf 80' lang='lat' dir='ltr'><strong>editione</strong></span> <span class='ocrx_word' id='word_1_64' title='bbox 766 654 943 690; x_wconf 86' lang='lat' dir='ltr'><strong>possem.</strong></span> <span class='ocrx_word' id='word_1_65' title='bbox 1004 640 1162 678; x_wconf 89' lang='lat' dir='ltr'><strong>Sensus</strong></span> <span class='ocrx_word' id='word_1_66' title='bbox 1188 637 1297 676; x_wconf 89' lang='lat' dir='ltr'><strong>enim</strong></span> <span class='ocrx_word' id='word_1_67' title='bbox 1327 641 1538 689; x_wconf 87' lang='lat' dir='ltr'><strong>postulat,</strong></span> <span class='ocrx_word' id='word_1_68' title='bbox 1579 649 1628 679; x_wconf 87' lang='lat' dir='ltr'><strong>ut</strong></span> <span class='ocrx_word' id='word_1_69' title='bbox 1659 657 1738 680; x_wconf 86' lang='lat' dir='ltr'><strong>uno</strong></span> 
     </span>
     <span class='ocr_line' id='line_1_9' title="bbox 268 692 1737 752; baseline 0.001 -18"><span class='ocrx_word' id='word_1_70' title='bbox 268 696 409 749; x_wconf 76' lang='lat' dir='ltr'><strong>jaculo</strong></span> <span class='ocrx_word' id='word_1_71' title='bbox 441 696 573 749; x_wconf 76' lang='lat' dir='ltr'><strong>plures</strong></span> <span class='ocrx_word' id='word_1_72' title='bbox 598 696 815 750; x_wconf 71' lang='lat' dir='ltr'><strong>elephantes</strong></span> <span class='ocrx_word' id='word_1_73' title='bbox 845 696 1029 752; x_wconf 84' lang='lat' dir='ltr'><strong>(simul)</strong></span> <span class='ocrx_word' id='word_1_74' title='bbox 1058 697 1253 748; x_wconf 78' lang='lat' dir='ltr'><strong>trajecisse</strong></span> <span class='ocrx_word' id='word_1_75' title='bbox 1280 692 1446 732; x_wconf 85' lang='lat' dir='ltr'><strong>dicatur</strong></span> <span class='ocrx_word' id='word_1_76' title='bbox 1473 696 1737 747; x_wconf 83' lang='lat' dir='ltr'><strong>Alexander,</strong></span> 
     </span>
     <span class='ocr_line' id='line_1_10' title="bbox 276 749 1737 806; baseline 0.002 -16"><span class='ocrx_word' id='word_1_77' title='bbox 276 767 324 790; x_wconf 87' lang='lat' dir='ltr'><strong>ac</strong></span> <span class='ocrx_word' id='word_1_78' title='bbox 349 762 438 790; x_wconf 90' lang='lat' dir='ltr'><strong>tum</strong></span> <span class='ocrx_word' id='word_1_79' title='bbox 465 752 655 792; x_wconf 84' lang='lat' dir='ltr'><strong>adulatio</strong></span> <span class='ocrx_word' id='word_1_80' title='bbox 675 753 827 802; x_wconf 88' lang='lat' dir='ltr'><strong>nimia,</strong></span> <span class='ocrx_word' id='word_1_81' title='bbox 864 765 987 806; x_wconf 88' lang='lat' dir='ltr'><strong>quam</strong></span> <span class='ocrx_word' id='word_1_82' title='bbox 1006 752 1211 791; x_wconf 83' lang='lat' dir='ltr'><strong>Lucianus</strong></span> <span class='ocrx_word' id='word_1_83' title='bbox 1230 749 1477 804; x_wconf 84' lang='lat' dir='ltr'><strong>redarguere</strong></span> <span class='ocrx_word' id='word_1_84' title='bbox 1500 755 1614 800; x_wconf 87' lang='lat' dir='ltr'><strong>vult,</strong></span> <span class='ocrx_word' id='word_1_85' title='bbox 1647 767 1737 793; x_wconf 90' lang='lat' dir='ltr'><strong>sese</strong></span> 
     </span>
     <span class='ocr_line' id='line_1_11' title="bbox 273 807 1737 864; baseline 0.001 -18"><span class='ocrx_word' id='word_1_86' title='bbox 273 807 444 861; x_wconf 86' lang='lat' dir='ltr'><strong>prodit,</strong></span> <span class='ocrx_word' id='word_1_87' title='bbox 479 823 588 862; x_wconf 87' lang='lat' dir='ltr'><strong>quae</strong></span> <span class='ocrx_word' id='word_1_88' title='bbox 607 812 688 861; x_wconf 85' lang='lat' dir='ltr'><strong>jam</strong></span> <span class='ocrx_word' id='word_1_89' title='bbox 710 809 755 846; x_wconf 91' lang='lat' dir='ltr'><strong>in</strong></span> <span class='ocrx_word' id='word_1_90' title='bbox 779 812 952 864; x_wconf 84' lang='lat' dir='ltr'><strong>vulgata</strong></span> <span class='ocrx_word' id='word_1_91' title='bbox 969 808 1157 848; x_wconf 86' lang='lat' dir='ltr'><strong>lectione</strong></span> <span class='ocrx_word' id='word_1_92' title='bbox 1178 809 1293 845; x_wconf 89' lang='lat' dir='ltr'><strong>nulla</strong></span> <span class='ocrx_word' id='word_1_93' title='bbox 1319 817 1402 860; x_wconf 73' lang='lat' dir='ltr'><strong>est,</strong></span> <span class='ocrx_word' id='word_1_94' title='bbox 1442 816 1531 846; x_wconf 90' lang='lat' dir='ltr'><strong>tum</strong></span> <span class='ocrx_word' id='word_1_95' title='bbox 1553 823 1653 848; x_wconf 91' lang='lat' dir='ltr'><strong>vero</strong></span> <span class='ocrx_word' id='word_1_96' title='bbox 1672 812 1737 862; x_wconf 87' lang='lat' dir='ltr'><strong>ju·</strong></span> 
     </span>
     <span class='ocr_line' id='line_1_12' title="bbox 273 861 1736 919; baseline 0.002 -17"><span class='ocrx_word' id='word_1_97' title='bbox 273 875 337 903; x_wconf 82' lang='lat' dir='ltr'><strong>sta</strong></span> <span class='ocrx_word' id='word_1_98' title='bbox 362 865 594 904; x_wconf 83' lang='lat' dir='ltr'><strong>Alexandri</strong></span> <span class='ocrx_word' id='word_1_99' title='bbox 619 874 736 919; x_wconf 86' lang='lat' dir='ltr'><strong>patet</strong></span> <span class='ocrx_word' id='word_1_100' title='bbox 757 866 841 916; x_wconf 86' lang='lat' dir='ltr'><strong>ira,</strong></span> <span class='ocrx_word' id='word_1_101' title='bbox 886 880 979 903; x_wconf 91' lang='lat' dir='ltr'><strong>cum</strong></span> <span class='ocrx_word' id='word_1_102' title='bbox 1006 861 1186 906; x_wconf 70' lang='grc' dir='ltr'><em>ἀδύνατοι</em></span> <span class='ocrx_word' id='word_1_103' title='bbox 1213 863 1345 910; x_wconf 89' lang='lat' dir='ltr'><strong>adeo,</strong></span> <span class='ocrx_word' id='word_1_104' title='bbox 1387 864 1478 903; x_wconf 83' lang='lat' dir='ltr'><strong>sive</strong></span> <span class='ocrx_word' id='word_1_105' title='bbox 1507 865 1736 905; x_wconf 87' lang='lat' dir='ltr'><strong>manifesto</strong></span> 
     </span>
     <span class='ocr_line' id='line_1_13' title="bbox 272 920 1736 974; baseline 0 -15"><span class='ocrx_word' id='word_1_106' title='bbox 272 922 382 959; x_wconf 82' lang='lat' dir='ltr'><strong>falsa</strong></span> <span class='ocrx_word' id='word_1_107' title='bbox 404 922 487 974; x_wconf 90' lang='lat' dir='ltr'><strong>ipsi</strong></span> <span class='ocrx_word' id='word_1_108' title='bbox 513 922 772 964; x_wconf 82' lang='lat' dir='ltr'><strong>tribuuntur.</strong></span> <span class='ocrx_word' id='word_1_109' title='bbox 829 921 960 961; x_wconf 88' lang='lat' dir='ltr'><strong>Licet</strong></span> <span class='ocrx_word' id='word_1_110' title='bbox 981 921 1093 960; x_wconf 90' lang='lat' dir='ltr'><strong>enim</strong></span> <span class='ocrx_word' id='word_1_111' title='bbox 1117 920 1290 973; x_wconf 89' lang='lat' dir='ltr'><strong>pluralis</strong></span> <span class='ocrx_word' id='word_1_112' title='bbox 1311 920 1526 972; x_wconf 77' lang='grc' dir='ltr'><em>ἐλέφαντας</em></span> <span class='ocrx_word' id='word_1_113' title='bbox 1544 920 1736 961; x_wconf 87' lang='lat' dir='ltr'><strong>sufficere</strong></span> 
     </span>
     <span class='ocr_line' id='line_1_14' title="bbox 271 976 1733 1033; baseline 0.001 -18"><span class='ocrx_word' id='word_1_114' title='bbox 271 977 489 1026; x_wconf 87' lang='lat' dir='ltr'><strong>videatur,</strong></span> <span class='ocrx_word' id='word_1_115' title='bbox 520 988 562 1018; x_wconf 89' lang='lat' dir='ltr'><strong>et</strong></span> <span class='ocrx_word' id='word_1_116' title='bbox 582 981 649 1017; x_wconf 91' lang='lat' dir='ltr'><strong>vel</strong></span> <span class='ocrx_word' id='word_1_117' title='bbox 670 978 730 1016; x_wconf 87' lang='lat' dir='ltr'><strong>sic</strong></span> <span class='ocrx_word' id='word_1_118' title='bbox 750 981 879 1033; x_wconf 81' lang='lat' dir='ltr'><strong>longe</strong></span> <span class='ocrx_word' id='word_1_119' title='bbox 898 979 1048 1016; x_wconf 91' lang='lat' dir='ltr'><strong>melior</strong></span> <span class='ocrx_word' id='word_1_120' title='bbox 1077 991 1222 1016; x_wconf 88' lang='lat' dir='ltr'><strong>sensus</strong></span> <span class='ocrx_word' id='word_1_121' title='bbox 1252 976 1330 1027; x_wconf 86' lang='lat' dir='ltr'><strong>sit,</strong></span> <span class='ocrx_word' id='word_1_122' title='bbox 1372 991 1495 1030; x_wconf 86' lang='lat' dir='ltr'><strong>quam</strong></span> <span class='ocrx_word' id='word_1_123' title='bbox 1523 981 1733 1031; x_wconf 78' lang='lat' dir='ltr'><strong>vulgatae,</strong></span> 
     </span>
     <span class='ocr_line' id='line_1_15' title="bbox 271 1033 1732 1088; baseline 0.001 -17"><span class='ocrx_word' id='word_1_124' title='bbox 271 1043 412 1073; x_wconf 85' lang='lat' dir='ltr'><strong>tamen</strong></span> <span class='ocrx_word' id='word_1_125' title='bbox 434 1033 527 1073; x_wconf 85' lang='lat' dir='ltr'><strong>hiat</strong></span> <span class='ocrx_word' id='word_1_126' title='bbox 552 1036 818 1088; x_wconf 87' lang='lat' dir='ltr'><strong>aliquantum</strong></span> <span class='ocrx_word' id='word_1_127' title='bbox 848 1034 1014 1083; x_wconf 91' lang='lat' dir='ltr'><strong>oratio,</strong></span> <span class='ocrx_word' id='word_1_128' title='bbox 1052 1033 1137 1072; x_wconf 87' lang='lat' dir='ltr'><strong>nisi</strong></span> <span class='ocrx_word' id='word_1_129' title='bbox 1166 1033 1264 1073; x_wconf 75' lang='lat' dir='ltr'><strong>duos</strong></span> <span class='ocrx_word' id='word_1_130' title='bbox 1294 1036 1363 1072; x_wconf 85' lang='lat' dir='ltr'><strong>vel</strong></span> <span class='ocrx_word' id='word_1_131' title='bbox 1398 1044 1472 1073; x_wconf 81' lang='lat' dir='ltr'><strong>tres</strong></span> <span class='ocrx_word' id='word_1_132' title='bbox 1503 1033 1732 1073; x_wconf 86' lang='lat' dir='ltr'><strong>addideris.</strong></span> 
     </span>
     <span class='ocr_line' id='line_1_16' title="bbox 269 1089 1736 1144; baseline 0 -15"><span class='ocrx_word' id='word_1_133' title='bbox 269 1090 437 1140; x_wconf 79' lang='lat' dir='ltr'><strong>Miror,</strong></span> <span class='ocrx_word' id='word_1_134' title='bbox 471 1091 623 1130; x_wconf 79' lang='lat' dir='ltr'><strong>Solano</strong></span> <span class='ocrx_word' id='word_1_135' title='bbox 647 1089 748 1130; x_wconf 88' lang='lat' dir='ltr'><strong>haec</strong></span> <span class='ocrx_word' id='word_1_136' title='bbox 772 1091 817 1129; x_wconf 87' lang='lat' dir='ltr'><strong>in</strong></span> <span class='ocrx_word' id='word_1_137' title='bbox 852 1101 1034 1129; x_wconf 89' lang='lat' dir='ltr'><strong>mentem</strong></span> <span class='ocrx_word' id='word_1_138' title='bbox 1062 1103 1152 1128; x_wconf 87' lang='lat' dir='ltr'><strong>non</strong></span> <span class='ocrx_word' id='word_1_139' title='bbox 1181 1089 1372 1138; x_wconf 86' lang='lat' dir='ltr'><strong>venisse,</strong></span> <span class='ocrx_word' id='word_1_140' title='bbox 1418 1091 1493 1144; x_wconf 88' lang='lat' dir='ltr'><strong>qui</strong></span> <span class='ocrx_word' id='word_1_141' title='bbox 1522 1099 1605 1129; x_wconf 88' lang='lat' dir='ltr'><strong>tam</strong></span> <span class='ocrx_word' id='word_1_142' title='bbox 1638 1100 1736 1129; x_wconf 88' lang='lat' dir='ltr'><strong>stu-</strong></span> 
     </span>
     <span class='ocr_line' id='line_1_17' title="bbox 257 1146 1733 1189; baseline 0.001 -5"><span class='ocrx_word' id='word_1_143' title='bbox 257 1146 393 1185; x_wconf 85' lang='lat' dir='ltr'><strong>·diose</strong></span> <span class='ocrx_word' id='word_1_144' title='bbox 413 1146 518 1186; x_wconf 87' lang='lat' dir='ltr'><strong>haec</strong></span> <span class='ocrx_word' id='word_1_145' title='bbox 535 1147 663 1186; x_wconf 86' lang='lat' dir='ltr'><strong>verba</strong></span> <span class='ocrx_word' id='word_1_146' title='bbox 684 1146 854 1186; x_wconf 88' lang='lat' dir='ltr'><strong>videtur</strong></span> <span class='ocrx_word' id='word_1_147' title='bbox 876 1146 1123 1187; x_wconf 80' lang='lat' dir='ltr'><strong>excussisse.</strong></span> <span class='ocrx_word' id='word_1_148' title='bbox 1186 1146 1292 1185; x_wconf 89' lang='lat' dir='ltr'><strong>Cum</strong></span> <span class='ocrx_word' id='word_1_149' title='bbox 1313 1160 1460 1184; x_wconf 90' lang='lat' dir='ltr'><strong>sensus</strong></span> <span class='ocrx_word' id='word_1_150' title='bbox 1480 1151 1553 1189; x_wconf 80' lang='grc' dir='ltr'><strong>τοῦ</strong></span> <span class='ocrx_word' id='word_1_151' title='bbox 1570 1148 1627 1187; x_wconf 77' lang='grc' dir='ltr'><strong>ἑνὶ</strong></span> <span class='ocrx_word' id='word_1_152' title='bbox 1647 1156 1733 1185; x_wconf 91' lang='lat' dir='ltr'><strong>tam</strong></span> 
     </span>
     <span class='ocr_line' id='line_1_18' title="bbox 268 1201 1736 1256; baseline -0.002 -15"><span class='ocrx_word' id='word_1_153' title='bbox 268 1202 400 1241; x_wconf 88' lang='lat' dir='ltr'><strong>facile</strong></span> <span class='ocrx_word' id='word_1_154' title='bbox 423 1212 578 1256; x_wconf 86' lang='lat' dir='ltr'><strong>pateat.</strong></span> <span class='ocrx_word' id='word_1_155' title='bbox 609 1204 762 1243; x_wconf 88' lang='lat' dir='ltr'><strong>Fateor</strong></span> <span class='ocrx_word' id='word_1_156' title='bbox 785 1203 898 1243; x_wconf 83' lang='lat' dir='ltr'><strong>enim</strong></span> <span class='ocrx_word' id='word_1_157' title='bbox 913 1232 925 1251; x_wconf 88' lang='lat'><strong>,</strong></span> <span class='ocrx_word' id='word_1_158' title='bbox 957 1202 1071 1241; x_wconf 89' lang='lat' dir='ltr'><strong>nihil</strong></span> <span class='ocrx_word' id='word_1_159' title='bbox 1092 1202 1196 1241; x_wconf 88' lang='lat' dir='ltr'><strong>novi</strong></span> <span class='ocrx_word' id='word_1_160' title='bbox 1216 1216 1303 1242; x_wconf 91' lang='lat' dir='ltr'><strong>esse</strong></span> <span class='ocrx_word' id='word_1_161' title='bbox 1325 1202 1517 1256; x_wconf 83' lang='lat' dir='ltr'><strong>singulos</strong></span> <span class='ocrx_word' id='word_1_162' title='bbox 1537 1201 1736 1256; x_wconf 74' lang='lat' dir='ltr'><strong>elephan-</strong></span> 
     </span>
     <span class='ocr_line' id='line_1_19' title="bbox 269 1257 1734 1312; baseline 0.001 -16"><span class='ocrx_word' id='word_1_163' title='bbox 269 1267 337 1297; x_wconf 85' lang='lat' dir='ltr'><strong>tos</strong></span> <span class='ocrx_word' id='word_1_164' title='bbox 372 1260 509 1298; x_wconf 85' lang='lat' dir='ltr'><strong>contis</strong></span> <span class='ocrx_word' id='word_1_165' title='bbox 540 1262 763 1312; x_wconf 87' lang='lat' dir='ltr'><strong>trajectos,</strong></span> <span class='ocrx_word' id='word_1_166' title='bbox 805 1258 879 1299; x_wconf 90' lang='lat' dir='ltr'><strong>sed</strong></span> <span class='ocrx_word' id='word_1_167' title='bbox 906 1273 1038 1312; x_wconf 88' lang='lat' dir='ltr'><strong>parvo</strong></span> <span class='ocrx_word' id='word_1_168' title='bbox 1070 1261 1233 1312; x_wconf 85' lang='lat' dir='ltr'><strong>jaculo,</strong></span> <span class='ocrx_word' id='word_1_169' title='bbox 1275 1257 1390 1311; x_wconf 86' lang='lat' dir='ltr'><strong>quod</strong></span> <span class='ocrx_word' id='word_1_170' title='bbox 1426 1257 1734 1298; x_wconf 86' lang='lat' dir='ltr'><strong>diminutivum</strong></span> 
     </span>
     <span class='ocr_line' id='line_1_20' title="bbox 268 1313 1735 1369; baseline -0.001 -13"><span class='ocrx_word' id='word_1_171' title='bbox 268 1313 458 1357; x_wconf 71' lang='grc' dir='ltr'><em>ἀκοντίου</em></span> <span class='ocrx_word' id='word_1_172' title='bbox 480 1325 625 1361; x_wconf 84' lang='lat' dir='ltr'><strong>notat,</strong></span> <span class='ocrx_word' id='word_1_173' title='bbox 646 1330 834 1369; x_wconf 51' lang='lat' dir='ltr'><strong>¹unoque</strong></span> <span class='ocrx_word' id='word_1_174' title='bbox 851 1317 940 1354; x_wconf 89' lang='lat' dir='ltr'><strong>ictu</strong></span> <span class='ocrx_word' id='word_1_175' title='bbox 961 1314 1066 1354; x_wconf 87' lang='lat' dir='ltr'><strong>duos</strong></span> <span class='ocrx_word' id='word_1_176' title='bbox 1087 1314 1316 1364; x_wconf 84' lang='lat' dir='ltr'><strong>tranfixos,</strong></span> <span class='ocrx_word' id='word_1_177' title='bbox 1350 1313 1433 1354; x_wconf 84' lang='lat' dir='ltr'><strong>hoc</strong></span> <span class='ocrx_word' id='word_1_178' title='bbox 1450 1325 1538 1355; x_wconf 90' lang='lat' dir='ltr'><strong>erat</strong></span> <span class='ocrx_word' id='word_1_179' title='bbox 1555 1315 1735 1354; x_wconf 88' lang='lat' dir='ltr'><strong>miracu-</strong></span> 
     </span>
     <span class='ocr_line' id='line_1_21' title="bbox 266 1370 1735 1425; baseline 0 -14"><span class='ocrx_word' id='word_1_180' title='bbox 266 1374 369 1411; x_wconf 85' lang='lat' dir='ltr'><strong>lum.</strong></span> <span class='ocrx_word' id='word_1_181' title='bbox 423 1370 517 1413; x_wconf 79' lang='grc' dir='ltr'><strong>Ἐπὶ</strong></span> <span class='ocrx_word' id='word_1_182' title='bbox 537 1370 720 1425; x_wconf 76' lang='grc' dir='ltr'><em>κεφαλὴν</em></span> <span class='ocrx_word' id='word_1_183' title='bbox 742 1382 880 1411; x_wconf 89' lang='lat' dir='ltr'><strong>autem</strong></span> <span class='ocrx_word' id='word_1_184' title='bbox 903 1372 938 1410; x_wconf 88' lang='lat' dir='ltr'><strong>si</strong></span> <span class='ocrx_word' id='word_1_185' title='bbox 961 1386 1047 1410; x_wconf 89' lang='lat' dir='ltr'><strong>non</strong></span> <span class='ocrx_word' id='word_1_186' title='bbox 1069 1370 1120 1410; x_wconf 87' lang='lat' dir='ltr'><strong>de</strong></span> <span class='ocrx_word' id='word_1_187' title='bbox 1141 1371 1282 1424; x_wconf 89' lang='lat' dir='ltr'><strong>capite</strong></span> <span class='ocrx_word' id='word_1_188' title='bbox 1300 1370 1422 1421; x_wconf 86' lang='lat' dir='ltr'><strong>libri,</strong></span> <span class='ocrx_word' id='word_1_189' title='bbox 1457 1386 1508 1410; x_wconf 90' lang='lat' dir='ltr'><strong>an</strong></span> <span class='ocrx_word' id='word_1_190' title='bbox 1531 1371 1663 1425; x_wconf 86' lang='lat' dir='ltr'><strong>igitur</strong></span> <span class='ocrx_word' id='word_1_191' title='bbox 1683 1371 1735 1412; x_wconf 84' lang='lat' dir='ltr'><strong>de</strong></span> 
     </span>
     <span class='ocr_line' id='line_1_22' title="bbox 269 1427 1733 1483; baseline 0.001 -16"><span class='ocrx_word' id='word_1_192' title='bbox 269 1428 410 1481; x_wconf 87' lang='lat' dir='ltr'><strong>capite</strong></span> <span class='ocrx_word' id='word_1_193' title='bbox 432 1429 618 1467; x_wconf 87' lang='lat' dir='ltr'><strong>auctoris</strong></span> <span class='ocrx_word' id='word_1_194' title='bbox 643 1428 987 1483; x_wconf 86' lang='lat' dir='ltr'><strong>intelligendum,</strong></span> <span class='ocrx_word' id='word_1_195' title='bbox 1010 1427 1125 1481; x_wconf 88' lang='lat' dir='ltr'><strong>quod</strong></span> <span class='ocrx_word' id='word_1_196' title='bbox 1150 1427 1391 1467; x_wconf 83' lang='lat' dir='ltr'><strong>Alexander</strong></span> <span class='ocrx_word' id='word_1_197' title='bbox 1410 1438 1556 1481; x_wconf 90' lang='lat' dir='ltr'><strong>petens</strong></span> <span class='ocrx_word' id='word_1_198' title='bbox 1576 1428 1733 1468; x_wconf 88' lang='lat' dir='ltr'><strong>librum</strong></span> 
     </span>
     <span class='ocr_line' id='line_1_23' title="bbox 268 1484 1752 1539; baseline 0.001 -17"><span class='ocrx_word' id='word_1_199' title='bbox 268 1485 395 1522; x_wconf 88' lang='lat' dir='ltr'><strong>simul</strong></span> <span class='ocrx_word' id='word_1_200' title='bbox 417 1485 461 1522; x_wconf 87' lang='lat' dir='ltr'><strong>in</strong></span> <span class='ocrx_word' id='word_1_201' title='bbox 484 1499 636 1537; x_wconf 88' lang='lat' dir='ltr'><strong>aquam</strong></span> <span class='ocrx_word' id='word_1_202' title='bbox 656 1484 918 1538; x_wconf 74' lang='lat' dir='ltr'><strong>projecerit?</strong></span> <span class='ocrx_word' id='word_1_203' title='bbox 959 1494 1104 1536; x_wconf 83' lang='lat' dir='ltr'><strong>potest</strong></span> <span class='ocrx_word' id='word_1_204' title='bbox 1132 1484 1243 1523; x_wconf 89' lang='lat' dir='ltr'><strong>enim</strong></span> <span class='ocrx_word' id='word_1_205' title='bbox 1273 1485 1338 1526; x_wconf 79' lang='grc' dir='ltr'><strong>ἐπὶ</strong></span> <span class='ocrx_word' id='word_1_206' title='bbox 1366 1484 1554 1539; x_wconf 80' lang='lat' dir='ltr'><strong>intelligi</strong></span> <span class='ocrx_word' id='word_1_207' title='bbox 1580 1501 1752 1534; x_wconf 75' lang='lat' dir='ltr'><strong>versuS,·</strong></span> 
     </span>
     <span class='ocr_line' id='line_1_24' title="bbox 269 1540 1733 1593; baseline 0 -15"><span class='ocrx_word' id='word_1_208' title='bbox 269 1540 347 1592; x_wconf 79' lang='lat' dir='ltr'><strong>acZ,·</strong></span> <span class='ocrx_word' id='word_1_209' title='bbox 379 1541 438 1579; x_wconf 86' lang='lat' dir='ltr'><strong>ita</strong></span> <span class='ocrx_word' id='word_1_210' title='bbox 458 1552 506 1579; x_wconf 89' lang='lat' dir='ltr'><strong>ut</strong></span> <span class='ocrx_word' id='word_1_211' title='bbox 525 1542 632 1581; x_wconf 89' lang='lat' dir='ltr'><strong>liber</strong></span> <span class='ocrx_word' id='word_1_212' title='bbox 654 1541 839 1581; x_wconf 86' lang='lat' dir='ltr'><strong>directus</strong></span> <span class='ocrx_word' id='word_1_213' title='bbox 859 1557 988 1580; x_wconf 81' lang='lat' dir='ltr'><strong>versus</strong></span> <span class='ocrx_word' id='word_1_214' title='bbox 1010 1541 1197 1579; x_wconf 87' lang='lat' dir='ltr'><strong>auctoris</strong></span> <span class='ocrx_word' id='word_1_215' title='bbox 1220 1549 1370 1593; x_wconf 87' lang='lat' dir='ltr'><strong>caput,</strong></span> <span class='ocrx_word' id='word_1_216' title='bbox 1406 1540 1485 1579; x_wconf 89' lang='lat' dir='ltr'><strong>etsi</strong></span> <span class='ocrx_word' id='word_1_217' title='bbox 1514 1555 1601 1579; x_wconf 90' lang='lat' dir='ltr'><strong>non</strong></span> <span class='ocrx_word' id='word_1_218' title='bbox 1624 1541 1733 1579; x_wconf 88' lang='lat' dir='ltr'><strong>teti-</strong></span> 
     </span>
     <span class='ocr_line' id='line_1_25' title="bbox 268 1595 1734 1651; baseline 0.002 -18"><span class='ocrx_word' id='word_1_219' title='bbox 268 1596 403 1651; x_wconf 82' lang='lat' dir='ltr'><strong>gerit,</strong></span> <span class='ocrx_word' id='word_1_220' title='bbox 436 1597 481 1635; x_wconf 90' lang='lat' dir='ltr'><strong>in</strong></span> <span class='ocrx_word' id='word_1_221' title='bbox 505 1611 615 1636; x_wconf 88' lang='lat' dir='ltr'><strong>mare</strong></span> <span class='ocrx_word' id='word_1_222' title='bbox 635 1599 692 1636; x_wconf 88' lang='lat' dir='ltr'><strong>sit</strong></span> <span class='ocrx_word' id='word_1_223' title='bbox 713 1600 940 1649; x_wconf 84' lang='lat' dir='ltr'><strong>projectus,</strong></span> <span class='ocrx_word' id='word_1_224' title='bbox 998 1597 1056 1635; x_wconf 77' lang='lat' dir='ltr'><strong>At</strong></span> <span class='ocrx_word' id='word_1_225' title='bbox 1079 1611 1260 1649; x_wconf 88' lang='lat' dir='ltr'><strong>sequens</strong></span> <span class='ocrx_word' id='word_1_226' title='bbox 1286 1597 1326 1637; x_wconf 81' lang='grc' dir='ltr'><strong>σὲ</strong></span> <span class='ocrx_word' id='word_1_227' title='bbox 1347 1596 1407 1646; x_wconf 79' lang='grc' dir='ltr'><strong>δὲ,</strong></span> <span class='ocrx_word' id='word_1_228' title='bbox 1438 1595 1482 1634; x_wconf 92' lang='lat' dir='ltr'><strong>id</strong></span> <span class='ocrx_word' id='word_1_229' title='bbox 1514 1611 1600 1635; x_wconf 89' lang='lat' dir='ltr'><strong>non</strong></span> <span class='ocrx_word' id='word_1_230' title='bbox 1632 1611 1734 1649; x_wconf 87' lang='lat' dir='ltr'><strong>per-</strong></span> 
     </span>
     <span class='ocr_line' id='line_1_26' title="bbox 266 1651 1731 1708; baseline 0.002 -19"><span class='ocrx_word' id='word_1_231' title='bbox 266 1652 620 1694; x_wconf 57' lang='lat' dir='ltr'><strong>mittinflmrrz.</strong></span> <span class='ocrx_word' id='word_1_232' title='bbox 678 1653 990 1692; x_wconf 89' lang='lat' dir='ltr'><strong>Praeeuntibus</strong></span> <span class='ocrx_word' id='word_1_233' title='bbox 1030 1651 1165 1691; x_wconf 88' lang='lat' dir='ltr'><strong>Codd.</strong></span> <span class='ocrx_word' id='word_1_234' title='bbox 1210 1653 1261 1691; x_wconf 91' lang='lat' dir='ltr'><strong>G.</strong></span> <span class='ocrx_word' id='word_1_235' title='bbox 1294 1653 1349 1694; x_wconf 88' lang='lat' dir='ltr'><strong>L.</strong></span> <span class='ocrx_word' id='word_1_236' title='bbox 1388 1662 1431 1691; x_wconf 88' lang='lat' dir='ltr'><strong>et</strong></span> <span class='ocrx_word' id='word_1_237' title='bbox 1457 1653 1566 1694; x_wconf 86' lang='lat' dir='ltr'><strong>Mss.</strong></span> <span class='ocrx_word' id='word_1_238' title='bbox 1597 1654 1731 1708; x_wconf 83' lang='lat' dir='ltr'><strong>Regg.</strong></span> 
     </span>
     <span class='ocr_line' id='line_1_27' title="bbox 265 1709 1733 1761; baseline 0 -13"><span class='ocrx_word' id='word_1_239' title='bbox 265 1712 391 1752; x_wconf 81' lang='lat'>2954.</span> <span class='ocrx_word' id='word_1_240' title='bbox 417 1719 457 1748; x_wconf 90' lang='lat' dir='ltr'><strong>et</strong></span> <span class='ocrx_word' id='word_1_241' title='bbox 479 1714 605 1754; x_wconf 82' lang='lat'>2956.</span> <span class='ocrx_word' id='word_1_242' title='bbox 638 1709 934 1761; x_wconf 89' lang='lat' dir='ltr'><strong>rescripsimus</strong></span> <span class='ocrx_word' id='word_1_243' title='bbox 953 1711 1033 1751; x_wconf 75' lang='grc' dir='ltr'><em>ἑνί·</em></span> <span class='ocrx_word' id='word_1_244' title='bbox 1068 1723 1192 1761; x_wconf 91' lang='lat' dir='ltr'><strong>quam</strong></span> <span class='ocrx_word' id='word_1_245' title='bbox 1216 1709 1443 1748; x_wconf 88' lang='lat' dir='ltr'><strong>lectionem</strong></span> <span class='ocrx_word' id='word_1_246' title='bbox 1466 1709 1592 1747; x_wconf 90' lang='lat' dir='ltr'><strong>etiam</strong></span> <span class='ocrx_word' id='word_1_247' title='bbox 1613 1724 1733 1748; x_wconf 86' lang='lat' dir='ltr'><strong>secu-</strong></span> 
     </span>
     <span class='ocr_line' id='line_1_28' title="bbox 266 1762 1732 1819; baseline 0.001 -16"><span class='ocrx_word' id='word_1_248' title='bbox 266 1775 336 1803; x_wconf 84' lang='lat' dir='ltr'><strong>tus</strong></span> <span class='ocrx_word' id='word_1_249' title='bbox 357 1775 419 1805; x_wconf 89' lang='lat' dir='ltr'><strong>est</strong></span> <span class='ocrx_word' id='word_1_250' title='bbox 441 1766 485 1804; x_wconf 89' lang='lat' dir='ltr'><strong>in</strong></span> <span class='ocrx_word' id='word_1_251' title='bbox 510 1781 584 1805; x_wconf 88' lang='lat' dir='ltr'><strong>sua</strong></span> <span class='ocrx_word' id='word_1_252' title='bbox 603 1766 780 1807; x_wconf 83' lang='lat' dir='ltr'><strong>Luciani</strong></span> <span class='ocrx_word' id='word_1_253' title='bbox 803 1766 999 1805; x_wconf 88' lang='lat' dir='ltr'><strong>versione</strong></span> <span class='ocrx_word' id='word_1_254' title='bbox 1027 1763 1205 1804; x_wconf 83' lang='lat' dir='ltr'><strong>Belinus.</strong></span> <span class='ocrx_word' id='word_1_255' title='bbox 1238 1765 1334 1806; x_wconf 70' lang='lat' dir='ltr'><strong>Bn’.</strong></span> <span class='ocrx_word' id='word_1_256' title='bbox 1390 1762 1477 1805; x_wconf 84' lang='grc' dir='ltr'><strong>Ἑνὶ</strong></span> <span class='ocrx_word' id='word_1_257' title='bbox 1503 1779 1590 1804; x_wconf 89' lang='lat' dir='ltr'><strong>non</strong></span> <span class='ocrx_word' id='word_1_258' title='bbox 1623 1780 1732 1819; x_wconf 89' lang='lat' dir='ltr'><strong>opus</strong></span> 
     </span>
     <span class='ocr_line' id='line_1_29' title="bbox 266 1820 1734 1877; baseline 0.001 -17"><span class='ocrx_word' id='word_1_259' title='bbox 266 1831 341 1863; x_wconf 85' lang='lat' dir='ltr'><strong>est.</strong></span> <span class='ocrx_word' id='word_1_260' title='bbox 402 1822 557 1861; x_wconf 81' lang='lat' dir='ltr'><strong>Sensus</strong></span> <span class='ocrx_word' id='word_1_261' title='bbox 576 1831 660 1862; x_wconf 82' lang='lat' dir='ltr'><strong>est:</strong></span> <span class='ocrx_word' id='word_1_262' title='bbox 689 1822 830 1877; x_wconf 78' lang='lat' dir='ltr'><strong>„quod</strong></span> <span class='ocrx_word' id='word_1_263' title='bbox 855 1821 1078 1875; x_wconf 73' lang='lat' dir='ltr'><strong>elephantos</strong></span> <span class='ocrx_word' id='word_1_264' title='bbox 1099 1820 1239 1874; x_wconf 83' lang='lat' dir='ltr'><strong>jaculo</strong></span> <span class='ocrx_word' id='word_1_265' title='bbox 1267 1823 1433 1874; x_wconf 68' lang='lat' dir='ltr'><strong>interfici</strong></span> <span class='ocrx_word' id='word_1_266' title='bbox 1457 1837 1572 1874; x_wconf 85' lang='lat' dir='ltr'><strong>posse</strong></span> <span class='ocrx_word' id='word_1_267' title='bbox 1599 1832 1635 1860; x_wconf 81' lang='lat' dir='ltr'><strong>et</strong></span> <span class='ocrx_word' id='word_1_268' title='bbox 1665 1825 1734 1861; x_wconf 84' lang='lat' dir='ltr'><strong>in-</strong></span> 
     </span>
     <span class='ocr_line' id='line_1_30' title="bbox 263 1877 1733 1935; baseline -0.003 -17"><span class='ocrx_word' id='word_1_269' title='bbox 263 1878 448 1935; x_wconf 72' lang='lat' dir='ltr'><strong>icrfectos</strong></span> <span class='ocrx_word' id='word_1_270' title='bbox 472 1895 549 1919; x_wconf 82' lang='lat' dir='ltr'><strong>esse</strong></span> <span class='ocrx_word' id='word_1_271' title='bbox 570 1879 718 1919; x_wconf 72' lang='lat' dir='ltr'><strong>elicis.“</strong></span> <span class='ocrx_word' id='word_1_272' title='bbox 776 1877 1040 1919; x_wconf 88' lang='lat' dir='ltr'><strong>Sententiam</strong></span> <span class='ocrx_word' id='word_1_273' title='bbox 1062 1877 1191 1929; x_wconf 88' lang='lat' dir='ltr'><strong>hujus</strong></span> <span class='ocrx_word' id='word_1_274' title='bbox 1211 1878 1322 1922; x_wconf 88' lang='lat' dir='ltr'><strong>loci,</strong></span> <span class='ocrx_word' id='word_1_275' title='bbox 1354 1887 1500 1916; x_wconf 84' lang='lat' dir='ltr'><strong>contra</strong></span> <span class='ocrx_word' id='word_1_276' title='bbox 1525 1878 1733 1932; x_wconf 79' lang='lat' dir='ltr'><strong>interpre-</strong></span> 
     </span>
     <span class='ocr_line' id='line_1_31' title="bbox 262 1933 1730 1988; baseline 0.001 -15"><span class='ocrx_word' id='word_1_277' title='bbox 262 1945 348 1985; x_wconf 87' lang='lat' dir='ltr'><strong>tes,</strong></span> <span class='ocrx_word' id='word_1_278' title='bbox 381 1935 453 1974; x_wconf 84' lang='lat' dir='ltr'><strong>hic</strong></span> <span class='ocrx_word' id='word_1_279' title='bbox 477 1938 634 1974; x_wconf 85' lang='lat' dir='ltr'><strong>frustra</strong></span> <span class='ocrx_word' id='word_1_280' title='bbox 660 1935 930 1985; x_wconf 86' lang='lat' dir='ltr'><strong>laborantes,</strong></span> <span class='ocrx_word' id='word_1_281' title='bbox 971 1937 1185 1988; x_wconf 87' lang='lat' dir='ltr'><strong>eleganter</strong></span> <span class='ocrx_word' id='word_1_282' title='bbox 1219 1933 1419 1986; x_wconf 88' lang='lat' dir='ltr'><strong>exposuit</strong></span> <span class='ocrx_word' id='word_1_283' title='bbox 1454 1933 1652 1974; x_wconf 71' lang='lat' dir='ltr'><strong>Wieland.</strong></span> <span class='ocrx_word' id='word_1_284' title='bbox 1681 1934 1730 1974; x_wconf 86' lang='lat' dir='ltr'><strong>in</strong></span> 
     </span>
     <span class='ocr_line' id='line_1_32' title="bbox 263 1988 1728 2046; baseline -0.003 -16"><span class='ocrx_word' id='word_1_285' title='bbox 263 2002 388 2039; x_wconf 79' lang='lat' dir='ltr'><strong>nota3</strong></span> <span class='ocrx_word' id='word_1_286' title='bbox 425 1992 498 2046; x_wconf 89' lang='lat' dir='ltr'><strong>qui</strong></span> <span class='ocrx_word' id='word_1_287' title='bbox 518 1992 654 2045; x_wconf 88' lang='lat' dir='ltr'><strong>ipsam</strong></span> <span class='ocrx_word' id='word_1_288' title='bbox 674 1992 801 2030; x_wconf 90' lang='lat' dir='ltr'><strong>etiam</strong></span> <span class='ocrx_word' id='word_1_289' title='bbox 822 2005 1007 2044; x_wconf 87' lang='lat' dir='ltr'><strong>pugnam</strong></span> <span class='ocrx_word' id='word_1_290' title='bbox 1030 1989 1262 2028; x_wconf 87' lang='lat' dir='ltr'><strong>solitariam</strong></span> <span class='ocrx_word' id='word_1_291' title='bbox 1287 1989 1337 2027; x_wconf 92' lang='lat' dir='ltr'><strong>ab</strong></span> <span class='ocrx_word' id='word_1_292' title='bbox 1361 1988 1536 2029; x_wconf 90' lang='lat' dir='ltr'><strong>homine</strong></span> <span class='ocrx_word' id='word_1_293' title='bbox 1555 1989 1639 2029; x_wconf 87' lang='lat' dir='ltr'><strong>isto</strong></span> <span class='ocrx_word' id='word_1_294' title='bbox 1660 1990 1728 2028; x_wconf 85' lang='lat' dir='ltr'><strong>iu-</strong></span> 
     </span>
     <span class='ocr_line' id='line_1_33' title="bbox 262 2042 1727 2101; baseline 0.001 -15"><span class='ocrx_word' id='word_1_295' title='bbox 262 2058 363 2100; x_wconf 86' lang='lat' dir='ltr'><strong>epto</strong></span> <span class='ocrx_word' id='word_1_296' title='bbox 384 2048 522 2087; x_wconf 88' lang='lat' dir='ltr'><strong>fictam</strong></span> <span class='ocrx_word' id='word_1_297' title='bbox 546 2062 636 2088; x_wconf 88' lang='lat' dir='ltr'><strong>esse</strong></span> <span class='ocrx_word' id='word_1_298' title='bbox 657 2048 822 2087; x_wconf 85' lang='lat' dir='ltr'><strong>statuit.</strong></span> <span class='ocrx_word' id='word_1_299' title='bbox 853 2045 960 2086; x_wconf 87' lang='lat' dir='ltr'><strong>Inde</strong></span> <span class='ocrx_word' id='word_1_300' title='bbox 986 2044 1239 2099; x_wconf 87' lang='lat' dir='ltr'><strong>explicanda</strong></span> <span class='ocrx_word' id='word_1_301' title='bbox 1258 2044 1411 2085; x_wconf 85' lang='lat' dir='ltr'><strong>verba:</strong></span> <span class='ocrx_word' id='word_1_302' title='bbox 1441 2049 1606 2087; x_wconf 77' lang='grc' dir='ltr'><em>τοιαῦτα</em></span> <span class='ocrx_word' id='word_1_303' title='bbox 1624 2042 1727 2101; x_wconf 69' lang='grc' dir='ltr'><strong>ὑπὲρ</strong></span> 
     </span>
     <span class='ocr_line' id='line_1_34' title="bbox 262 2099 1725 2158; baseline -0.003 -12"><span class='ocrx_word' id='word_1_304' title='bbox 262 2105 362 2156; x_wconf 76' lang='grc' dir='ltr'><em>ἐμοῦ</em></span> <span class='ocrx_word' id='word_1_305' title='bbox 396 2109 713 2158; x_wconf 82' lang='grc' dir='ltr'><em>μονομαχοῦντα.</em></span> <span class='ocrx_word' id='word_1_306' title='bbox 755 2104 874 2145; x_wconf 74' lang='grc' dir='ltr'>Βυι).</span> <span class='ocrx_word' id='word_1_307' title='bbox 931 2099 1042 2147; x_wconf 82' lang='grc' dir='ltr'><em>Ἑνὶ,</em></span> <span class='ocrx_word' id='word_1_308' title='bbox 1092 2100 1207 2156; x_wconf 85' lang='lat' dir='ltr'><strong>quod</strong></span> <span class='ocrx_word' id='word_1_309' title='bbox 1245 2115 1360 2140; x_wconf 88' lang='lat' dir='ltr'><strong>nunc</strong></span> <span class='ocrx_word' id='word_1_310' title='bbox 1394 2101 1521 2140; x_wconf 90' lang='lat' dir='ltr'><strong>etiam</strong></span> <span class='ocrx_word' id='word_1_311' title='bbox 1556 2100 1725 2142; x_wconf 86' lang='lat' dir='ltr'><strong>duobus</strong></span> 
     </span>
     <span class='ocr_line' id='line_1_35' title="bbox 263 2157 1726 2212; baseline 0 -13"><span class='ocrx_word' id='word_1_312' title='bbox 263 2160 403 2201; x_wconf 90' lang='lat' dir='ltr'><strong>Codd.</strong></span> <span class='ocrx_word' id='word_1_313' title='bbox 424 2161 576 2201; x_wconf 86' lang='lat' dir='ltr'><strong>Pariss.</strong></span> <span class='ocrx_word' id='word_1_314' title='bbox 600 2159 900 2206; x_wconf 86' lang='lat' dir='ltr'><strong>confirmatur,</strong></span> <span class='ocrx_word' id='word_1_315' title='bbox 941 2172 1075 2211; x_wconf 89' lang='lat' dir='ltr'><strong>usque</strong></span> <span class='ocrx_word' id='word_1_316' title='bbox 1103 2171 1181 2212; x_wconf 85' lang='lat' dir='ltr'><strong>ego</strong></span> <span class='ocrx_word' id='word_1_317' title='bbox 1211 2171 1294 2211; x_wconf 62' lang='lat' dir='ltr'><strong>pro,</strong></span> <span class='ocrx_word' id='word_1_318' title='bbox 1322 2157 1507 2212; x_wconf 84' lang='lat' dir='ltr'><strong>genuina</strong></span> <span class='ocrx_word' id='word_1_319' title='bbox 1535 2159 1726 2199; x_wconf 76' lang='lat' dir='ltr'><strong>lectione</strong></span> 
     </span>
     <span class='ocr_line' id='line_1_36' title="bbox 260 2210 1725 2269; baseline 0 -15"><span class='ocrx_word' id='word_1_320' title='bbox 260 2216 441 2267; x_wconf 88' lang='lat' dir='ltr'><strong>habebo,</strong></span> <span class='ocrx_word' id='word_1_321' title='bbox 468 2216 565 2255; x_wconf 90' lang='lat' dir='ltr'><strong>dum</strong></span> <span class='ocrx_word' id='word_1_322' title='bbox 589 2215 836 2269; x_wconf 89' lang='lat' dir='ltr'><strong>probaverit</strong></span> <span class='ocrx_word' id='word_1_323' title='bbox 859 2214 969 2267; x_wconf 80' lang='lat' dir='ltr'><strong>qui5‚</strong></span> <span class='ocrx_word' id='word_1_324' title='bbox 990 2215 1031 2255; x_wconf 81' lang='grc' dir='ltr'><strong>ἐν</strong></span> <span class='ocrx_word' id='word_1_325' title='bbox 1055 2210 1227 2255; x_wconf 80' lang='grc' dir='ltr'><em>ἆκοντίω</em></span> <span class='ocrx_word' id='word_1_326' title='bbox 1249 2211 1442 2266; x_wconf 80' lang='grc' dir='ltr'><em>φονεύειν</em></span> <span class='ocrx_word' id='word_1_327' title='bbox 1466 2213 1573 2252; x_wconf 88' lang='lat' dir='ltr'><strong>bene</strong></span> <span class='ocrx_word' id='word_1_328' title='bbox 1598 2214 1725 2254; x_wconf 89' lang='lat' dir='ltr'><strong>Grae-</strong></span> 
     </span>
     <span class='ocr_line' id='line_1_37' title="bbox 263 2270 1724 2327; baseline -0.001 -16"><span class='ocrx_word' id='word_1_329' title='bbox 263 2287 311 2312; x_wconf 87' lang='lat' dir='ltr'><strong>ce</strong></span> <span class='ocrx_word' id='word_1_330' title='bbox 339 2273 427 2312; x_wconf 89' lang='lat' dir='ltr'><strong>dici</strong></span> <span class='ocrx_word' id='word_1_331' title='bbox 456 2273 665 2327; x_wconf 86' lang='lat' dir='ltr'><strong>potuisse.</strong></span> <span class='ocrx_word' id='word_1_332' title='bbox 726 2270 826 2312; x_wconf 87' lang='lat' dir='ltr'><strong>Vid.</strong></span> <span class='ocrx_word' id='word_1_333' title='bbox 860 2270 1020 2311; x_wconf 84' lang='lat' dir='ltr'><strong>Adnot.</strong></span> <span class='ocrx_word' id='word_1_334' title='bbox 1055 2270 1108 2310; x_wconf 85' lang='lat' dir='ltr'><strong>ad</strong></span> <span class='ocrx_word' id='word_1_335' title='bbox 1137 2271 1254 2311; x_wconf 88' lang='lat' dir='ltr'><strong>Dial.</strong></span> <span class='ocrx_word' id='word_1_336' title='bbox 1288 2272 1441 2309; x_wconf 88' lang='lat' dir='ltr'><strong>Mortt.</strong></span> <span class='ocrx_word' id='word_1_337' title='bbox 1472 2270 1650 2321; x_wconf 84' lang='lat' dir='ltr'><strong>XXIII,</strong></span> <span class='ocrx_word' id='word_1_338' title='bbox 1683 2277 1724 2316; x_wconf 86' lang='lat'><strong>3.</strong></span> 
     </span>
     <span class='ocr_line' id='line_1_38' title="bbox 262 2326 1724 2383; baseline -0.001 -15"><span class='ocrx_word' id='word_1_339' title='bbox 262 2331 381 2368; x_wconf 88' lang='lat' dir='ltr'><strong>Tom.</strong></span> <span class='ocrx_word' id='word_1_340' title='bbox 405 2330 462 2371; x_wconf 85' lang='grc' dir='ltr'><strong>ΙΙ,</strong></span> <span class='ocrx_word' id='word_1_341' title='bbox 486 2344 582 2383; x_wconf 84' lang='lat' dir='ltr'><strong>pag.</strong></span> <span class='ocrx_word' id='word_1_342' title='bbox 606 2333 699 2372; x_wconf 76' lang='lat'>642.</span> <span class='ocrx_word' id='word_1_343' title='bbox 726 2341 787 2380; x_wconf 87' lang='lat' dir='ltr'><strong>sq.</strong></span> <span class='ocrx_word' id='word_1_344' title='bbox 851 2327 980 2380; x_wconf 79' lang='lat' dir='ltr'><strong>Quod</strong></span> <span class='ocrx_word' id='word_1_345' title='bbox 1010 2337 1148 2366; x_wconf 85' lang='lat' dir='ltr'><strong>autem</strong></span> <span class='ocrx_word' id='word_1_346' title='bbox 1170 2341 1387 2366; x_wconf 87' lang='lat' dir='ltr'><strong>numerum</strong></span> <span class='ocrx_word' id='word_1_347' title='bbox 1419 2326 1601 2379; x_wconf 87' lang='lat' dir='ltr'><strong>aliquem</strong></span> <span class='ocrx_word' id='word_1_348' title='bbox 1631 2330 1724 2366; x_wconf 86' lang='lat' dir='ltr'><strong>ele—-</strong></span> 
     </span>
     <span class='ocr_line' id='line_1_39' title="bbox 262 2382 1721 2438; baseline 0 -16"><span class='ocrx_word' id='word_1_349' title='bbox 262 2385 519 2438; x_wconf 85' lang='lat' dir='ltr'><strong>phantorum</strong></span> <span class='ocrx_word' id='word_1_350' title='bbox 541 2386 581 2427; x_wconf 84' lang='lat' dir='ltr'><strong>h.</strong></span> <span class='ocrx_word' id='word_1_351' title='bbox 604 2388 631 2423; x_wconf 87' lang='lat' dir='ltr'><strong>l.</strong></span> <span class='ocrx_word' id='word_1_352' title='bbox 658 2385 835 2424; x_wconf 68' lang='lat' dir='ltr'><strong>Reitzius</strong></span> <span class='ocrx_word' id='word_1_353' title='bbox 855 2382 1088 2434; x_wconf 82' lang='lat' dir='ltr'><strong>desiderat,</strong></span> <span class='ocrx_word' id='word_1_354' title='bbox 1121 2383 1196 2435; x_wconf 91' lang='lat' dir='ltr'><strong>qui</strong></span> <span class='ocrx_word' id='word_1_355' title='bbox 1216 2382 1266 2421; x_wconf 90' lang='lat' dir='ltr'><strong>ad</strong></span> <span class='ocrx_word' id='word_1_356' title='bbox 1285 2397 1431 2422; x_wconf 90' lang='lat' dir='ltr'><strong>vocem</strong></span> <span class='ocrx_word' id='word_1_357' title='bbox 1466 2385 1721 2422; x_wconf 83' lang='lat' dir='ltr'><strong>numeralem</strong></span> 
     </span>
     <span class='ocr_line' id='line_1_40' title="bbox 264 2438 1722 2493; baseline -0.003 -11"><span class='ocrx_word' id='word_1_358' title='bbox 264 2444 321 2483; x_wconf 78' lang='grc' dir='ltr'><strong>ἑνὶ</strong></span> <span class='ocrx_word' id='word_1_359' title='bbox 352 2443 579 2491; x_wconf 84' lang='lat' dir='ltr'><strong>referatur,</strong></span> <span class='ocrx_word' id='word_1_360' title='bbox 633 2441 677 2479; x_wconf 89' lang='lat' dir='ltr'><strong>id</strong></span> <span class='ocrx_word' id='word_1_361' title='bbox 709 2454 844 2493; x_wconf 87' lang='lat' dir='ltr'><strong>prope</strong></span> <span class='ocrx_word' id='word_1_362' title='bbox 877 2440 994 2479; x_wconf 87' lang='lat' dir='ltr'><strong>abest</strong></span> <span class='ocrx_word' id='word_1_363' title='bbox 1026 2454 1047 2477; x_wconf 90' lang='lat' dir='ltr'><strong>a</strong></span> <span class='ocrx_word' id='word_1_364' title='bbox 1082 2438 1282 2479; x_wconf 85' lang='lat' dir='ltr'><strong>ridiculo.</strong></span> <span class='ocrx_word' id='word_1_365' title='bbox 1341 2438 1524 2477; x_wconf 87' lang='lat' dir='ltr'><strong>Volebat</strong></span> <span class='ocrx_word' id='word_1_366' title='bbox 1554 2439 1722 2478; x_wconf 84' lang='lat' dir='ltr'><strong>scilicet</strong></span> 
     </span>
     <span class='ocr_line' id='line_1_41' title="bbox 262 2495 1720 2550; baseline -0.001 -15"><span class='ocrx_word' id='word_1_367' title='bbox 262 2498 438 2536; x_wconf 70' lang='lat' dir='ltr'><strong>Reitzius</strong></span> <span class='ocrx_word' id='word_1_368' title='bbox 456 2496 762 2550; x_wconf 84' lang='lat' dir='ltr'><strong>repraesentari</strong></span> <span class='ocrx_word' id='word_1_369' title='bbox 783 2497 933 2534; x_wconf 86' lang='lat' dir='ltr'><strong>lectori</strong></span> <span class='ocrx_word' id='word_1_370' title='bbox 964 2495 1109 2534; x_wconf 90' lang='lat' dir='ltr'><strong>miram</strong></span> <span class='ocrx_word' id='word_1_371' title='bbox 1133 2496 1327 2547; x_wconf 81' lang='lat' dir='ltr'><strong>profecto</strong></span> <span class='ocrx_word' id='word_1_372' title='bbox 1359 2495 1584 2547; x_wconf 84' lang='lat' dir='ltr'><strong>imaginem</strong></span> <span class='ocrx_word' id='word_1_373' title='bbox 1617 2495 1720 2533; x_wconf 85' lang='lat' dir='ltr'><strong>Pori</strong></span> 
     </span>
     <span class='ocr_line' id='line_1_42' title="bbox 265 2550 1721 2604; baseline -0.001 -15"><span class='ocrx_word' id='word_1_374' title='bbox 265 2554 412 2592; x_wconf 75' lang='lat' dir='ltr'><strong>duobus</strong></span> <span class='ocrx_word' id='word_1_375' title='bbox 432 2555 598 2593; x_wconf 72' lang='lat' dir='ltr'><strong>tribusve</strong></span> <span class='ocrx_word' id='word_1_376' title='bbox 615 2552 735 2592; x_wconf 80' lang='lat' dir='ltr'><strong>simul</strong></span> <span class='ocrx_word' id='word_1_377' title='bbox 755 2551 1050 2604; x_wconf 85' lang='lat' dir='ltr'><strong>elephantibus</strong></span> <span class='ocrx_word' id='word_1_378' title='bbox 1073 2550 1327 2591; x_wconf 74' lang='lat' dir='ltr'><strong>insidentisz</strong></span> <span class='ocrx_word' id='word_1_379' title='bbox 1359 2550 1488 2603; x_wconf 87' lang='lat' dir='ltr'><strong>probe</strong></span> <span class='ocrx_word' id='word_1_380' title='bbox 1519 2551 1630 2588; x_wconf 85' lang='lat' dir='ltr'><strong>enim</strong></span> <span class='ocrx_word' id='word_1_381' title='bbox 1660 2560 1721 2591; x_wconf 81' lang='lat' dir='ltr'><strong>te-</strong></span> 
     </span>
     <span class='ocr_line' id='line_1_43' title="bbox 265 2606 1718 2664; baseline -0.001 -20"><span class='ocrx_word' id='word_1_382' title='bbox 265 2609 471 2659; x_wconf 79' lang='lat' dir='ltr'><strong>nendum,</strong></span> <span class='ocrx_word' id='word_1_383' title='bbox 512 2610 563 2649; x_wconf 88' lang='lat' dir='ltr'><strong>de</strong></span> <span class='ocrx_word' id='word_1_384' title='bbox 582 2611 808 2664; x_wconf 64' lang='grc' dir='ltr'><em>μονομαχίᾳ</em></span> <span class='ocrx_word' id='word_1_385' title='bbox 840 2622 1074 2647; x_wconf 86' lang='lat' dir='ltr'><strong>sermonem</strong></span> <span class='ocrx_word' id='word_1_386' title='bbox 1106 2622 1207 2647; x_wconf 86' lang='lat' dir='ltr'><strong>esse.</strong></span> <span class='ocrx_word' id='word_1_387' title='bbox 1266 2606 1446 2653; x_wconf 81' lang='lat' dir='ltr'><strong>Pluralis</strong></span> <span class='ocrx_word' id='word_1_388' title='bbox 1480 2606 1718 2657; x_wconf 69' lang='grc' dir='ltr'><em>ἐλέφαντας,</em></span> 
     </span>
     <span class='ocr_line' id='line_1_44' title="bbox 264 2662 1718 2716; baseline 0.001 -15"><span class='ocrx_word' id='word_1_389' title='bbox 264 2664 338 2716; x_wconf 75' lang='lat' dir='ltr'><strong>qni</strong></span> <span class='ocrx_word' id='word_1_390' title='bbox 357 2665 552 2705; x_wconf 64' lang='lat' dir='ltr'><strong>Reilzium</strong></span> <span class='ocrx_word' id='word_1_391' title='bbox 571 2669 676 2705; x_wconf 91' lang='lat' dir='ltr'><strong>male</strong></span> <span class='ocrx_word' id='word_1_392' title='bbox 700 2664 874 2713; x_wconf 88' lang='lat' dir='ltr'><strong>habuit,</strong></span> <span class='ocrx_word' id='word_1_393' title='bbox 908 2664 1189 2703; x_wconf 81' lang='lat' dir='ltr'><strong>universalem</strong></span> <span class='ocrx_word' id='word_1_394' title='bbox 1214 2662 1427 2715; x_wconf 81' lang='lat' dir='ltr'><strong>significat</strong></span> <span class='ocrx_word' id='word_1_395' title='bbox 1449 2664 1718 2715; x_wconf 80' lang='lat' dir='ltr'><strong>sententiam,</strong></span> 
     </span>
     <span class='ocr_line' id='line_1_45' title="bbox 265 2718 1538 2774; baseline 0.002 -16"><span class='ocrx_word' id='word_1_396' title='bbox 265 2719 347 2760; x_wconf 79' lang='lat' dir='ltr'><strong>hoc</strong></span> <span class='ocrx_word' id='word_1_397' title='bbox 369 2730 507 2761; x_wconf 85' lang='lat' dir='ltr'><strong>tamen</strong></span> <span class='ocrx_word' id='word_1_398' title='bbox 528 2725 625 2762; x_wconf 89' lang='lat' dir='ltr'><strong>loco</strong></span> <span class='ocrx_word' id='word_1_399' title='bbox 651 2721 703 2761; x_wconf 84' lang='lat' dir='ltr'><strong>ad</strong></span> <span class='ocrx_word' id='word_1_400' title='bbox 723 2735 809 2761; x_wconf 87' lang='lat' dir='ltr'><strong>rem</strong></span> <span class='ocrx_word' id='word_1_401' title='bbox 831 2720 1054 2774; x_wconf 85' lang='lat' dir='ltr'><strong>specialem</strong></span> <span class='ocrx_word' id='word_1_402' title='bbox 1076 2718 1351 2760; x_wconf 82' lang='lat' dir='ltr'><strong>referendam.</strong></span> <span class='ocrx_word' id='word_1_403' title='bbox 1380 2718 1538 2760; x_wconf 71' lang='lat' dir='ltr'><strong>me.</strong></span> 
     </span>
    </p>
   </div>
   <div class='ocr_carea' id='block_1_3' title="bbox 1827 863 1834 1626">
    <p class='ocr_par' dir='ltr' id='par_1_3' title="bbox 1827 863 1834 1626">
     <span class='ocr_line' id='line_1_46' title="bbox 1827 863 1834 1626; baseline 0 0"><span class='ocrx_word' id='word_1_404' title='bbox 1827 863 1834 1626; x_wconf 95' lang='lat' dir='ltr'><strong> </strong></span> 
     </span>
    </p>
   </div>
  </div>
 </body>
</html>
