1834 3188
362 194 410 225 m
451 192 690 232 QUOMODO
728 193 962 225 ms'romA
998 195 1073 226 srr
1108 184 1306 228 coNscR.
1464 184 1563 236 561

99 295 185 336 mia
205 294 343 342 foret,
374 291 488 332 nihil
517 292 563 331 in
586 301 707 331 textu
733 291 936 343 immuto,
967 293 1221 334 allusionem
1248 303 1439 346 tantum,
1471 311 1561 340 non

97 351 417 401 recitationem,
456 362 546 389 esse
576 347 764 389 credens.
794 349 957 389 Rm‘rz.
1016 350 1083 389 Ad
1106 350 1289 390 nobilem
1313 351 1428 392 hunc
1458 370 1562 394 cur—-

97 423 189 447 sum
213 407 404 446 allusisse
424 404 532 444 mihi
554 404 722 444 videtur
742 405 869 445 etiam
892 405 1013 447 Plato
1033 406 1256 448 Theaetet.
1279 423 1373 463 pag.
1396 415 1486 454 114.
1508 415 1558 453 T.

97 465 157 507 II.
177 464 276 516 Bip.
336 461 466 517 Quod
485 471 623 500 autem
645 475 787 500 versus
810 462 1031 501 Homerici
1057 473 1219 517 partem
1242 466 1410 518 attulit,
1441 468 1485 506 in
1507 483 1559 508 eo

96 520 213 560 haud
234 535 404 572 parvam
427 518 511 558 vim
535 532 624 557 esse
656 517 807 559 sentio.
864 519 1009 558 Docet
1029 520 1141 559 enim
1165 520 1248 571 ita,
1283 520 1396 561 haud
1418 538 1561 563 recen-

95 588 178 616 tem
205 592 292 616 esse
316 575 683 622 observationem,
716 588 840 628 quam
874 573 1032 627 objecit
1060 575 1267 616 historico
1298 578 1441 631 inepte
1473 580 1562 620 fin-

96 634 239 688 genti,
272 632 342 673 sed
362 635 444 685 jam
466 630 641 670 Homero
663 640 819 672 notam.
881 631 1016 671 Simul
1037 633 1285 686 apparebat,
1320 646 1477 688 quanta
1499 641 1559 676 le-

95 690 230 730 vitate
252 691 485 728 Homerum
516 687 764 740 perlegisset
795 688 854 737 is,
900 688 975 742 qui
1009 689 1214 743 exemplis
1247 704 1300 731 ex
1331 705 1382 731 eo
1409 694 1559 746 petitis

93 760 170 786 sua
188 745 387 785 studebat
406 743 682 798 distinguere.
713 744 836 784 Run.

206 801 308 842 Ead.
328 804 357 841 1.
382 804 422 845 5.
451 796 575 853 ’Υπὲρ
599 797 727 841 αὐτοῦ
741 817 779 841 τι
798 800 913 855 ε’γκ.)
941 802 1164 842 Arrianum
1182 801 1449 854 imitabatur,
1481 808 1558 861 qui

94 859 224 898 initio
244 858 345 898 libri
365 857 416 896 de
440 857 568 910 gestis
591 854 823 895 Alexandri
853 871 896 896 se
916 857 1055 910 ipsum
1078 857 1181 909 μάλα
1212 867 1415 912 φορτικῶς
1443 865 1558 906 ἐπαι-

92 922 164 958 νεῖ.
195 916 269 954 LA
290 914 456 953 Cnozss.
516 909 679 958 Αὐτοῦ,
713 911 829 966 quod
846 913 892 952 in
912 913 1022 955 Edd.
1048 914 1118 953 hic
1135 916 1378 970 legebatur,
1413 919 1458 958 in
1487 919 1558 962 αὖ-

91 976 167 1014 τοῦ
185 969 435 1010 mutandum
461 983 573 1019 esse,
616 968 724 1009 bene
749 970 919 1009 monuit
943 970 1118 1010 Belinus.
1149 972 1246 1011 Bu».
1305 971 1445 1016 Αὑτοῦ
1472 979 1556 1030 jam

92 1027 260 1082 reperio
280 1027 324 1065 in
346 1027 396 1066 B.
422 1031 458 1069 1.
479 1032 517 1070 3.
539 1035 579 1066 et
600 1025 648 1067 A.
668 1031 707 1068 2.
767 1025 864 1065 Una
896 1041 917 1067 e
939 1027 1155 1066 veteribus
1178 1028 1282 1068 meis
1302 1030 1440 1072 Editt.
1456 1064 1468 1083 ,
1501 1035 1555 1074 A.

95 1090 161 1136 1.,
195 1098 318 1138 quam
338 1082 516 1122 Reitzius
544 1081 782 1134 interdum,
812 1097 900 1122 non
922 1084 1088 1123 conatis
1115 1084 1234 1136 aliis,
1264 1098 1435 1126 secutus
1468 1100 1556 1144 est,

90 1136 217 1184 αὐτοῦ
239 1139 428 1180 exhibet.
458 1140 615 1180 Lnnm.

204 1196 307 1237 Ead.
329 1200 357 1236 l.
378 1200 416 1239 9.
456 1194 683 1250 Φροιμὶου)
719 1194 806 1234 Ubi
829 1196 874 1235 in
908 1195 1106 1235 omnibus
1136 1194 1232 1236 aliis
1263 1197 1552 1254 editionibus,

90 1254 157 1293 uti
181 1264 222 1294 et
244 1254 288 1290 in
312 1253 393 1291 hac
417 1252 712 1300 salmuriensi,
741 1262 854 1292 recte
872 1255 1037 1307 legatur
1056 1254 1119 1295 ἐπὶ
1139 1255 1237 1296 τέλει
1255 1260 1328 1297 τοῦ
1345 1262 1551 1311 φροιμίου,

92 1311 174 1350 soli
194 1308 621 1350 Amstelaedamensis
641 1308 847 1347 editionis
868 1319 1164 1363 procuratores
1189 1310 1397 1351 dederunt
1416 1333 1556 1368 προοι-

89 1370 186 1422 μίου
200 1397 210 1414 ,
245 1366 383 1419 ignari
404 1366 588 1414 scilicet,
622 1365 804 1404 Graecos
829 1376 870 1404 et
889 1368 1107 1419 προοίμιον
1127 1375 1167 1406 et
1186 1369 1380 1422 φροίμιον
1399 1370 1552 1421 dicere,

91 1434 134 1464 et
168 1423 395 1463 Lucianum
429 1422 556 1460 etiam
587 1436 710 1474 saepe
741 1421 842 1460 alibi
874 1421 957 1462 hoc
986 1423 1196 1465 maluisse.
1237 1424 1362 1466 JENS.
1423 1428 1553 1467 Nihil

88 1479 344 1521 variationis
363 1478 435 1517 hic
455 1479 542 1517 loci
561 1487 784 1518 notaverat
804 1478 942 1519 Solan.
1002 1478 1108 1517 Cum
1130 1494 1229 1519 vero
1252 1481 1404 1522 Jensius
1424 1483 1551 1534 dicat,

89 1539 223 1576 solam
243 1536 378 1575 Amst.
398 1538 538 1589 legere
556 1537 786 1587 προοιμίου,
822 1536 912 1587 ipse
931 1534 1041 1574 Edd.
1066 1537 1243 1586 contuli,
1269 1538 1444 1592 vidique
1467 1555 1555 1580 rec-

92 1602 134 1632 te
163 1592 278 1630 hunc
309 1591 574 1642 observasse,
606 1591 717 1630 Edd.
747 1600 850 1629 vett.
874 1590 1028 1631 habere
1052 1594 1266 1644 φροιμίου·
1298 1606 1472 1648 excepta
1495 1607 1554 1635 ta-

91 1663 188 1688 men
210 1648 337 1687 etiam
359 1647 575 1698 Parisina,
610 1662 718 1702 quae
742 1661 874 1702 aeque
905 1663 951 1687 ac
983 1649 1117 1689 Amst.
1151 1653 1367 1703 προοιμίου
1400 1652 1550 1695 habet:

91 1703 207 1761 quod
229 1704 399 1758 quidem
422 1718 509 1742 non
534 1703 632 1744 ideo
657 1713 777 1752 noto,
810 1713 857 1742 ut
877 1719 970 1743 eum
992 1703 1238 1759 redarguam
1262 1707 1304 1744 in
1326 1722 1370 1746 re
1391 1710 1553 1748 nullius

91 1760 320 1809 momenti,
353 1759 427 1800 sed
451 1770 500 1798 ut
524 1759 783 1799 Graevianam
802 1758 1056 1811 editionem,
1090 1762 1254 1814 alioqui
1280 1764 1458 1814 pessime
1481 1765 1554 1803 ha-

90 1817 223 1856 bitam
263 1831 284 1854 a
314 1815 598 1870 typographis
631 1826 673 1855 et
705 1815 1035 1866 correctoribus,
1089 1816 1162 1855 hic
1190 1832 1409 1868 excusem,
1453 1823 1553 1873 quia

92 1888 217 1912 suum
245 1875 460 1926 προοιμίου
490 1887 542 1910 ex
575 1873 670 1912 Ραν.
702 1870 916 1911 desumere
946 1882 1136 1925 potuere.
1195 1874 1374 1914 Rectius
1415 1887 1554 1916 autem

91 1930 166 1969 hic
193 1939 366 1982 propter
394 1943 674 1979 consensum,
718 1931 912 1981 φροιμίου
939 1928 1007 1966 edi
1029 1939 1185 1968 certum
1211 1940 1298 1979 est,
1332 1931 1460 1987 idque
1481 1948 1557 1972 ae-

96 2000 180 2040 que
200 1987 408 2026 Graecum
428 2000 516 2024 esse
537 1996 666 2038 atque
685 1987 875 2031 alterum,
891 1984 977 2024 vid.
1001 1984 1112 2038 apud
1131 1986 1316 2039 Aesclzyl.
1342 1988 1384 2025 in
1407 1989 1551 2043 Agam.

94 2057 138 2096 p.
162 2048 255 2086 213.
279 2053 321 2082 et
341 2043 386 2081 in
410 2043 559 2096 fragm.
583 2041 738 2082 Gallim.
763 2040 1024 2094 Be‘ntlejarziS‚
1055 2041 1111 2081 N.
1134 2041 1375 2084 CCXXIII.
1415 2050 1498 2087 Τοῦ
1516 2062 1561 2089 τε

95 2103 361 2153 μηθυπλῆγος
383 2102 574 2152 φροίμιον
589 2095 840 2151 Ἀντιλόχου.
874 2099 1038 2136 Rmm.

208 2153 313 2194 Ibid.
353 2153 666 2209 Διαῤῥήδην
703 2157 787 2196 καὶ
828 2155 1020 2206 σαφῶς]
1064 2155 1206 2209 Auget
1245 2154 1329 2195 hoc
1365 2156 1554 2197 hominis

97 2210 428 2258 absurditatem,
464 2211 537 2264 qui
562 2221 703 2263 aperte
733 2210 1034 2263 profitebatur,
1070 2211 1184 2264 quod
1216 2212 1290 2252 alii
1315 2214 1467 2253 callide
1489 2224 1557 2254 te·-

97 2282 194 2323 gere
225 2266 464 2307 studebant.
525 2267 660 2306 Immo
690 2281 788 2306 vero
816 2266 887 2306 hic
922 2277 1094 2314 auctor,
1135 2283 1262 2322 quum
1289 2283 1343 2307 ne
1373 2270 1554 2321 speciem

99 2324 270 2378 quidem
301 2324 391 2362 veri
427 2323 586 2375 scripto
624 2337 701 2361 suo
743 2323 974 2362 conciliare
1005 2322 1216 2374 studeret,
1262 2324 1308 2362 in
1339 2324 1557 2365 historicis

98 2384 225 2435 plane
257 2395 343 2418 non
377 2390 441 2419 est
473 2378 779 2427 numerandus,
821 2378 893 2418 sed
926 2379 978 2417 iis
1006 2379 1242 2418 fabularum
1277 2381 1557 2433 scriptoribus

97 2436 388 2490 adjiciendus,
422 2436 496 2489 qui
521 2450 602 2474 rem
637 2450 687 2475 ex
710 2435 890 2473 historia
915 2435 1092 2487 petitam
1121 2449 1197 2474 suo
1221 2435 1347 2474 modo
1378 2449 1556 2480 ornant:

100 2497 244 2547 quales
266 2503 408 2532 nostra
431 2493 556 2531 etiam
578 2501 713 2530 aetate
734 2492 981 2531 extiterunt.
1014 2492 1133 2533 Run,
1185 2491 1430 2531 Hodienum
1453 2508 1559 2547 quo-

101 2563 205 2603 que,
238 2550 378 2602 spatio
404 2549 591 2602 quinque
614 2558 655 2587 et
675 2546 832 2600 viginti
859 2561 1063 2585 annorum
1085 2548 1135 2585 ab
1160 2547 1238 2587 hac
1259 2547 1466 2602 Rudolplzi
1487 2551 1557 2590 ad-

101 2607 325 2645 notatione
350 2606 585 2658 interjecto‚
646 2603 726 2642 Sed
748 2605 910 2640 malunt
938 2601 1065 2642 hodie
1090 2603 1183 2653 isti,
1219 2618 1325 2657 quae
1352 2617 1414 2644 est
1437 2607 1557 2659 ipso..

100 2676 192 2700 rum
226 2663 412 2716 ingenua
442 2661 670 2709 veracitas,
702 2658 864 2714 poetiS,
898 2671 1021 2713 quam
1056 2658 1298 2713 historicis,
1330 2665 1553 2707 accenseri.

98 2718 259 2758 LmrM.

145 2786 292 2820 Luciam.
320 2786 400 2821 Vol.
428 2789 494 2822 JV.
1189 2772 1232 2812 N
1249 2787 1277 2812 n
