1834 3188
411 187 575 219 VERAE
611 185 886 218 HISTORIAE
921 185 1013 216 LIB.
1050 188 1102 219 ΙΙ.

1349 177 1449 224 289

60 287 316 334 Υακίνθου·
360 284 409 328 τοὶ
440 284 566 329 πολλα
599 290 700 341 γοῦν
724 285 770 341 Ρ)
799 285 952 328 ἐκεῖνον
983 281 1187 341 διήλεγχεν
1208 286 1272 338 (ί)
1301 287 1501 344 ἒλὲγετοῐ)
1517 302 1592 337 ¹¹4·

62 359 105 402 δὲ
135 356 385 412 χαλεπαίνειν
414 350 520 412 αὗτῳ
546 372 566 396 ο
603 351 901 406 Ραδαμανθυς,
942 353 1011 394 καὶ
1030 349 1290 407 ἠπειληκέναι
1307 355 1453 398 πολλά·
1467 375 1501 408 p.
1519 374 1595 410 ¹¹5·

67 443 132 477 mg·
148 427 329 479 ἐκβαλεῖν
350 421 476 467 αὐτὸν
498 425 540 467 ἐκ
556 426 628 477 τῆς
642 419 797 475 νήσου,
826 420 879 475 ἢν
900 425 1064 477 φλυαρῇ
1075 454 1086 472 ,
1117 423 1186 464 καὶ
1204 421 1259 476 μὴ
1283 425 1414 480 θέλῃ”
1425 429 1454 477 ),

66 491 190 550 αφεὶς
211 492 286 547 τὴν
307 494 538 546 εἰρωνείαν,
569 489 814 544 εὐωχεῖσθαι.
877 487 1049 532 Πλάτων
1075 491 1117 532 δὲ
1144 488 1270 543 μόνος
1299 487 1347 533 οὗ
1378 508 1455 534 πα-

848 560 866 569 u
903 553 916 568 Ρ
956 554 967 571 2

62 568 165 620 ρῆν,
198 559 290 605 ἄλλ’
315 561 461 616 ἐλέγετο
490 561 559 602 καὶ
583 556 704 607 αυτὸς
743 558 786 599 ἕν
816 575 864 613 τῃ
890 575 947 599 vn
998 556 1130 601 αὐτου
1154 555 1456 615 ἀναπλασθείσῃ

70 629 187 675 πόλει
211 633 350 681 οἰκεῖν,
381 627 589 685 χρώμενος
608 632 659 684 τῆ
673 628 872 678 πολιτείᾳ,
903 626 973 667 καὶ
991 632 1077 676 τοῖς
1096 625 1248 680 νόμοις,
1281 625 1342 677 οἷς
1362 643 1455 670 συν-

66 702 221 757 ἔγραψε
245 700 286 752 (,
317 694 599 740 πολιτεύεσθαι
618 691 702 749 ὅ)).
768 696 820 734 Οἵ
845 693 978 747 μέντοι
1006 690 1116 748 ἄμφ’
1137 692 1396 751 Ἀριστιππόν
1416 714 1457 741 τε
1483 698 1537 738 18

64 770 134 812 καὶ
148 764 398 816 Ἐπίκουρον
419 761 465 806 τὰ
487 768 626 818 πρῶτα
646 759 749 817 παρ’
770 759 907 809 αὐτοῖς
929 761 1148 816 ἐφέροντο,
1187 759 1299 815 ἡδεῖς
1321 781 1364 806 τε
1388 761 1456 806 ὅν·

62 854 150 888 τες,
180 837 249 878 καὶ
269 833 567 887 κεχαρισμένοι,
598 831 665 874 καὶ
689 825 1045 884 συμποτικώτατοι.
1076 835 1213 884 παρῆν
1232 832 1358 874 δὲκαὶ
1381 834 1458 875 Αἴ-

64 919 204 952 σωπος
231 899 255 944 ὅ
287 898 410 956 Φρύξ.
460 898 590 957 τούτῳ
612 896 654 954 t)
693 898 735 941 δὲ
774 894 850 940 ὅσα
887 897 954 939 καὶ
992 902 1246 955 γελωτοποιῷ
1274 904 1458 954 χρῶνται.

65 970 265 1026 Διογένης
294 969 366 1022 μέν
388 985 433 1023 γε
454 965 475 1009 ὁ
495 962 730 1017 Σινωπεῦς,
761 969 955 1014 τοςοῦτον
975 967 1156 1021 μετέβαλε
1178 972 1253 1009 τοῦ
1274 965 1427 1023 τρόπου
1442 1001 1455 1019 ,

65 1036 162 1088 ὥςτε
184 1041 311 1093 γῆμαι
337 1037 472 1078 Λαΐδα
491 1032 564 1089 τὴν
592 1036 777 1090 ἓταῖραν,
817 1029 1024 1088 ὅρχεῖσθαί
1042 1052 1082 1077 τε
1110 1032 1188 1077 find
1215 1035 1345 1089 μέθης
1359 1041 1458 1078 πολ-

62 1104 241 1158 λάκιςιῑ)
275 1101 562 1158 ἀνιστάμενον,
593 1105 663 1146 καὶ
693 1108 917 1159 παροινεῖν.
947 1107 1028 1145 τῶν
1057 1103 1100 1146 δὲ
1127 1107 1347 1155 Στωϊκῶν,
1387 1098 1459 1147 οὗ·

158 1220 275 1276 ban'te
294 1219 432 1253 zze-'Qum
479 1218 567 1262 p)2
569 1219 693 1263 οὖν]
718 1219 775 1252 Ita
796 1217 1075 1262 5011.etG01·.I
1098 1230 1167 1263 pro
1187 1216 1287 1262 vulg.
1311 1214 1350 1252 δ’
1373 1229 1458 1252 ουν.

163 1268 204 1310 q)
230 1264 246 1299 ἐ
258 1279 278 1299 κ
289 1268 356 1299 εἴν
369 1277 420 1298 ον
446 1263 523 1308 διή
535 1268 553 1299 λ
565 1278 579 1299 ε
589 1266 702 1310 γχεν]
733 1263 886 1311 ,,ἒκείνςο
897 1263 1072 1309 διελέγετο
1087 1267 1127 1297 V
1124 1279 1161 1297 or
1163 1273 1206 1297 ..ei
1218 1263 1404 1305 emendat,
1416 1268 1461 1297 ut

159 1311 303 1345 infrac.
320 1323 374 1354 ²5·
386 1310 411 1344 f.
425 1311 520 1345 Edd.
532 1311 784 1344 nostraenihil
797 1313 985 1347 n111tant.“
1012 1313 1045 1351 r)
1067 1310 1200 1356 θέλῃ]
1220 1308 1456 1353 ἓθέλοιὸοιι.

161 1358 203 1399 s)
229 1369 285 1391 πο
298 1360 316 1391 λ
330 1370 344 1391 ι
356 1370 375 1390 τ
387 1354 436 1391 εύ
448 1369 463 1391 ε
475 1359 532 1391 σθ
544 1370 566 1390 α
578 1359 614 1400 ι]
641 1358 744 1390 abest
762 1358 807 1390 ab
827 1359 920 1401 Aug.
941 1363 977 1389 et
995 1362 1096 1390 recte
1117 1357 1282 1402 quidem,
1307 1362 1349 1389 ut
1367 1355 1462 1389 mihi

161 1403 321 1436 videtur.
371 1403 455 1435 Sive
477 1403 577 1436 enim
595 1409 779 1436 commate
801 1409 888 1447 post
907 1405 1114 1448 συνέγραψε
1130 1403 1266 1446 posito,
1284 1402 1462 1457 quemad-

162 1449 320 1482 modum
343 1454 397 1481 est
417 1449 511 1482 inB.
536 1461 565 1484 1.
586 1461 619 1493 5
640 1452 693 1481 Ιί
691 1458 759 1481 viz
781 1455 815 1482 et
836 1455 1013 1489 recentia,
1038 1450 1178 1482 referas
1196 1446 1463 1484 πολιτεύεσθαι

159 1494 209 1528 ed
226 1492 386 1538 ἐλέγετο,
414 1494 602 1528 claudicat
627 1495 766 1536 orati03
793 1494 870 1527 sive
898 1501 1086 1528 commate
1109 1495 1267 1539 omisso,
1294 1501 1336 1527 ut
1357 1495 1397 1526 in
1415 1496 1462 1528 A.

163 1552 196 1575 1.
218 1546 255 1573 et
271 1552 303 1575 2.
315 1567 325 1584 ‚
351 1539 555 1585 συνέγραψε
579 1537 839 1576 πολιτεύεσθαι
868 1541 1095 1585 conjungas,
1121 1552 1272 1582 vereor,
1298 1545 1342 1574 ut
1369 1539 1463 1574 haec

159 1586 256 1621 Ibene
284 1588 428 1620 Graeca
456 1587 542 1622 sint.
589 1587 695 1621 Nihil
723 1587 843 1620 dicam
863 1587 936 1619 de'
926 1588 1051 1629 Jejuno
1074 1566 1310 1620 Pleonasm⁷o.
1356 1586 1462 1641 Ergo

158 1644 231 1677 pro
249 1639 422 1678 suspecto
442 1638 575 1666 notare
604 1634 744 1678 placuit
762 1633 834 1666 hoc
852 1633 1021 1667 verbum.
1077 1634 1117 1675 t)
1143 1630 1322 1679 τούτῳ]
1347 1630 1464 1676 »τού-

159 1691 236 1713 των
256 1680 418 1713 malesl.
440 1678 558 1727 τούτῳ
575 1680 708 1736 reliqq.
731 1685 769 1712 et
784 1680 824 1713 P.
830 1679 855 1698 ‘⁴
902 1677 1086 1719 11)ὧ’ςτε
1109 1680 1261 1737 γῆμαι
1282 1697 1328 1705 ——
1350 1681 1464 1713 πολ-

162 1722 330 1779 anius]
357 1721 446 1765 ω’ςτε
472 1715 586 1770 γῆμαι
615 1738 681 1769 μεν
702 1725 826 1760 Λαΐδα
853 1738 886 1760 τ.
915 1723 965 1760 ἓτ-
993 1723 1188 1771 ορχεῖσθαι
1214 1724 1254 1761 δὲ
1282 1723 1463 1764 πολλάκις

160 1766 239 1805 ’ὑπό
266 1770 386 1815 μέθης
402 1770 460 1806 οἷν.
490 1781 592 1817 2954.
612 1779 648 1805 et
665 1783 770 1826 5011.
790 1783 876 1805 cum
905 1771 1040 1817 quibus
1070 1773 1262 1817 conspirat
1283 1772 1386 1806 Gorl.
1409 1771 1464 1805 ita

163 1821 304 1861 tamen,
330 1825 371 1851 ut
390 1817 540 1851 omittat
555 1818 667 1851 verba
685 1814 758 1852 υπὸ
776 1817 874 1862 μέθη
879 1830 907 1857 ς.
956 1819 1104 1851 Belznus
1120 1818 1284 1852 saltem
1272 1830 1313 1851 m
1324 1816 1461 1851 Pariss.

161 1844 339 1904 πολλάκις
352 1864 486 1897 melius
506 1870 591 1897 ante
608 1864 721 1897 verba
737 1861 814 1899 ’ὑπὸ
834 1863 953 1909 μέθης
972 1864 1154 1898 collocari
1174 1870 1312 1898 censet.
1342 1859 1465 1898 Εταῖ-

163 1922 235 1954 ραν
252 1916 376 1943 autem
394 1910 475 1954 ipse
493 1910 659 1953 correxi,
686 1922 802 1955 quum
818 1911 922 1955 prius
941 1910 1072 1943 fuisset
1095 1910 1278 1955 scriptum
1295 1908 1462 1955 ἑταίραν,

163 1961 209 1990 ut
230 1958 270 1990 in
290 1957 432 2001 Catapl.
453 1968 486 1991 c.
507 1957 539 1990 6.
557 1963 594 1990 et
619 1958 781 1991 Icarom.
803 1968 834 1990 c.
854 1968 911 2000 31.
959 1957 1082 1990 Recta
1106 1958 1293 2002 scriptura
1316 1962 1463 1991 servata

72 2048 294 2090 cinthum:
326 2052 459 2088 multa
488 2050 736 2090 sanesnillum
796 2041 883 2100 set,
924 2049 1089 2104 legibus
1120 2049 1199 2090 uti.
1268 2049 1465 2103 Aristip—

71 2105 398 2159 1edarguebant.
412 2107 652 2146 Dicebatur
664 2122 737 2146 au-

73 2171 159 2201 tem
200 2163 331 2200 iratus
365 2162 430 2200 illi
469 2162 739 2202 Rhadaman·

73 2218 191 2268 thus,
225 2227 266 2257 et
286 2232 411 2271 saepe
431 2219 617 2257 minatus
636 2235 739 2269 esse,

75 2274 129 2314 de
173 2274 312 2313 insula
352 2289 397 2313 se
429 2275 550 2313 illum
585 2278 743 2328 ejectu-

74 2345 195 2379 rum,
255 2331 293 2369 si
326 2344 461 2384 nugas
490 2345 613 2383 agere
644 2346 744 2383 per-

77 2397 218 2442 geret,
251 2397 295 2426 et
327 2391 462 2426 nollet
494 2362 745 2425 dissimula-

77 2444 200 2482 tione
227 2445 377 2483 omissa
400 2443 635 2484 convivari
652 2444 742 2481 Pla-

81 2507 127 2537 to
161 2502 276 2538 solus
314 2515 401 2540 non
435 2499 604 2550 aderat,
670 2498 744 2538 sed

81 2553 300 2595 dicebatur
323 2557 415 2609 ipse
439 2570 606 2611 quoque
638 2555 743 2594 civi-

81 2619 211 2649 tatem
245 2611 436 2653 habitare
465 2627 488 2650 a
513 2626 557 2651 se
579 2611 744 2652 confic-

81 2675 165 2705 tam
180 2697 192 2717 ,
233 2682 363 2722 eaque
383 2670 520 2708 forma
541 2668 744 2722 reipubli-

84 2737 178 2773 cae,
222 2725 389 2779 eisque,
424 2740 530 2779 quas
551 2725 743 2780 scripsis-

126 2793 276 2826 Lucam.
304 2792 386 2827 VmI
415 2794 485 2827 IV

796 2121 877 2161 pus
897 2106 1067 2161 quidem
1086 2116 1128 2146 et
1142 2107 1359 2158 Epicurus
1377 2107 1465 2159 pri-

797 2178 884 2202 mas
926 2163 997 2202 hic
1034 2163 1253 2213 ferebant,
1311 2175 1464 2201 suaves

798 2219 1017 2269 homines,
1077 2229 1120 2258 et
1163 2219 1364 2273 gratiosi,
1421 2227 1466 2257 et

802 2276 1010 2315 convivae
1036 2275 1261 2314 commodi.
1304 2275 1467 2314 Aderat

801 2332 929 2370 etiam
950 2332 1145 2383 Aesopus
1173 2331 1343 2382 Phryx,
1380 2343 1466 2383 quo

806 2396 852 2424 ut
880 2401 1021 2425 scurra
1049 2386 1298 2425 ridiculario
1331 2395 1469 2423 utun-

802 2452 884 2483 tur.
910 2442 1067 2481 Verum
1087 2443 1335 2494 Sinopensis
1353 2443 1466 2480 Dio-

803 2512 931 2549 genes
951 2498 1009 2535 ita
1029 2498 1211 2535 mutavit
1229 2512 1385 2548 moreS,
1418 2506 1468 2537 ut

801 2553 941 2592 Laida
975 2552 1146 2593 duxerit
1178 2554 1464 2604 meretricem,

802 2609 1027 2663 ebriusque
1065 2622 1189 2662 saepe
1219 2609 1272 2648 ad
1302 2613 1465 2649 saltan-

803 2665 901 2704 dum
923 2676 1170 2719 consurgat,
1205 2676 1247 2705 et
1267 2667 1463 2707 vinolen-

802 2732 864 2762 tas
892 2737 1025 2779 nugas
1049 2732 1158 2777 agat.
1219 2723 1461 2764 Stoicorum

1145 2781 1182 2818 Τ
