1834 3188
387 228 556 261 VERAE
593 228 866 259 HISTORIAE
901 228 994 260 L1B.
1033 227 1063 260 Ῑ.

64 346 136 379 νος
162 325 560 382 καταλαμβάνοντος,
590 324 977 382 ἀποδενδρουμένην.

1346 212 1446 259 237

62 403 141 439 λων
171 396 306 452 ἄκρων
335 396 553 449 ἐξεφύοντο
585 394 724 446 αὐταῖς
757 399 799 438 οῖ
821 395 983 444 κλάδοι,
1016 395 1083 435 καὶ
1107 395 1243 447 μεστοὶ
1263 396 1309 445 g)
1341 393 1448 446 ἦσαν

60 465 256 520 βοτρύων.
289 467 356 506 καὶ
376 464 455 518 μὴν
479 466 632 514 καὶτὰς
649 463 829 516 κεφαλὰς
860 464 1014 517 ἐκόμων
1045 463 1140 511 ἕλιξί
1169 480 1210 504 τε
1241 463 1308 502 καὶ
1338 458 1447 514 φύλ-

61 540 168 584 λοις,
201 536 268 575 καὶ
286 532 466 588 βότρυσι.
498 531 798 586 προςελθόντας
815 534 854 574 δὲ
873 531 978 585 ἡμᾶς
994 527 1222 585 ἠσπάζοντό
1245 547 1283 572 τε
1300 525 1346 582 h)
1377 530 1447 571 καὶ

62 603 308 652 ἐδεξιοῦντο,
338 606 381 644 αἱ
408 605 478 655 μὲν
506 603 663 644 Λύδιον
682 599 718 651 ¹)
735 635 746 653 ‚
789 604 832 642 αἵ
849 604 889 642 δὲ
904 598 1109 651 Ἰνδικὴν,
1145 601 1188 640 αἱ
1206 604 1382 641 πλεῖσται
1405 598 1446 640 δὲ

59 669 132 723 τὴν
148 667 318 712 Ἑλλάδα
341 671 484 724 φωνὴν
506 672 748 725 προϊέμεναι.
780 671 847 710 καὶ
868 671 1036 721 ἐφίλουν
1060 669 1099 709 δὲ
1123 664 1227 720 ἡμᾶς
1248 673 1333 715 τοῖς
1358 664 1448 708 στό-

62 753 182 792 μασιν
199 752 207 761 ·
242 736 263 780 ὁ
288 740 328 780 δὲ
347 741 534 792 φιληθεὶς
553 737 694 780 αὐτίκα
715 740 880 791 ἐμέθυε,
912 739 979 779 καὶ
998 733 1238 788 παράφορος
1255 728 1319 788 ἦν.
1360 734 1448 789 δρέ-

60 814 213 849 πεσθαι
243 810 379 860 μέντοι
411 803 460 849 οὗ
489 813 679 861 παρεῖχον
708 811 780 848 τοῦ
807 811 992 860 καρποῦ,
1037 803 1132 845 ἄλλα
1165 801 1340 858 ἤλγουν,
1377 803 1446 844 καὶ

61 872 212 928 ἐβόων,
246 871 563 928 ἀποσπωμένου·
594 877 638 916 αἰ
669 875 798 917 δὲκαὶ
827 877 1047 929 μίγνυσθαι
1070 871 1167 925 ἡμῖν
1193 870 1444 925 ἐπεθύμουν.

57 945 128 985 καὶ
146 942 217 985 δύο
238 944 340 992 τινὲς
361 947 438 984 τῶν
461 943 629 998 ἑταίρων
651 942 942 997 πλησιάσαντες
970 940 1133 990 αὐταῖς,
1169 937 1241 982 οὐκ
1261 937 1316 981 ἔτ’
1341 935 1567 988 Sam-1³77.

94 1010 103 1023 t
271 1007 281 1023 2
337 1010 346 1025 2
388 1013 398 1028 ²
491 1017 506 1024 ,-
597 1016 606 1029 5
664 1014 672 1027 e
761 1013 794 1027 ,ο
1136 1008 1145 1020 '
1268 1003 1291 1027 k
1387 1006 1395 1019 ¹

58 1016 225 1062 λυοντο,
258 1017 328 1053 αλλ
381 1029 422 1054 εκ
451 1029 532 1053 των
564 1016 730 1054 αιδοιων
754 1013 949 1054 εοέδεντο·
992 1024 1243 1061 συνεφνοντο
1299 1011 1316 1059 )
1347 1024 1445 1062 γαρ,

59 1082 126 1121 καὶ
157 1082 474 1135 συνεῤῥιζοῦντο.
517 1081 585 1122 καὶ
617 1078 696 1133 ἤδη
728 1077 865 1128 αὐτοῖς
892 1078 1033 1121 κλάδοι
1061 1077 1312 1131 ἐπεφύκεσαν
1336 1071 1377 1130 1)
1408 1077 1450 1117 οἲ

61 1144 272 1199 δάκτυλοι,
313 1151 381 1190 καὶ
400 1155 485 1198 ταῖς
500 1150 592 1199 ἕλιξι
611 1146 940 1203 περιπλεκόμενοι
954 1181 964 1199 ,
998 1146 1094 1190 ὅσον
1115 1142 1273 1188 οὐδέπω
1294 1145 1359 1186 καὶ
1379 1139 1448 1184 αὖ-

62 1217 123 1256 rol
140 1214 471 1270 καρποφορήσειν
487 1218 662 1270 ἔμελλον.

723 1215 1018 1265 Καταλιπόντες
1035 1211 1072 1257 δ’
1091 1218 1147 1266 ¹¹¹)
1178 1210 1348 1261 αὖτοὺς,
1383 1213 1447 1254 ἐπὶ
1472 1214 1498 1254 9

62 1287 165 1325 ναῦν
189 1283 410 1339 ἐφεύγομεν
428 1284 499 1339 ¹¹),
531 1287 598 1328 καὶ
615 1292 700 1334 τοῖς
720 1280 1006 1338 ἀπολειφθεῖσι
1027 1280 1277 1339 διηγούμεθα
1301 1278 1449 1323 ἐλθόν-

111 1374 157 1417 g)
184 1373 370 1417 μεστοὶ]
400 1376 456 1407 lta
477 1377 581 1419 Bipp.
601 1381 635 1409 et
663 1375 795 1417 Schm„
821 1377 1088 1419 praemonente
1114 1372 1263 1415 Βεῖίηο,
1291 1382 1310 1404 e
1343 1380 1446 1415 2954.

155 1432 226 1465 pro
242 1421 338 1465 vulg.
362 1421 582 1465 μεσταὶ,ριό
602 1434 673 1466 quo
694 1422 830 1464 μασταὶ
850 1422 887 1454 in
900 1423 939 1453 B.
953 1432 985 1464 3.

1037 1420 1086 1459 hv)
1112 1421 1184 1462 τε]
1211 1417 1312 1462 quod
1331 1418 1446 1460 vulgo

155 1467 281 1507 abest,
306 1467 488 1500 insertum
512 1469 556 1500 ab
586 1468 719 1501 iisdem
745 1479 785 1499 ex
807 1467 886 1500 eod.
911 1467 1024 1508 cod„
1053 1477 1124 1509 quo
1154 1464 1284 1497 eodem
1313 1463 1449 1496 ducere

156 1513 305 1545 videtur
321 1513 431 1546 lectio
450 1512 532 1547 τότε
551 1513 589 1546 in
610 1525 712 1556 5011.
737 1520 817 1546 orta
838 1513 903 1546 illa
924 1524 964 1545 ex
986 1513 1118 1545 ultima
1135 1511 1238 1544 verbi
1261 1507 1449 1553 ἠσπάζον-

154 1570 196 1592 το
217 1558 359 1601 syllaba
382 1560 549 1603 repetita.
597 1560 635 1604 i)
661 1557 827 1602 Λύδιον]
854 1559 987 1602 „Nihil
1011 1569 1030 1589 a
1054 1558 1203 1601 vulgata
1225 1557 1326 1589 abire
1342 1557 1370 1588 J.
1392 1555 1446 1587 Fl.

154 1603 202 1637 Η.
225 1611 260 1637 et
280 1606 320 1638 B.
344 1617 376 1638 2.
397 1612 504 1638 notat
530 1605 722 1641 §olanusf‘
777 1606 826 1647 k)
857 1601 1191 1648 συνεφύοντο]
1221 1599 1447 1645 σννεφύσετο

155 1650 199 1685 Β.
223 1662 253 1694 3.
281 1652 460 1694 singulari
489 1663 625 1685 errore.

682 1650 1075 1698 1)ε’πεφύκεσαν]
1105 1651 1210 1682 Hauc
1232 1660 1355 1681 veram
1373 1648 1452 1680 lec-

156 1697 298 1730 tionem
317 1700 566 1740 praebuerunt
578 1698 696 1733 Codd.
714 1711 778 1743 50¹
789 1711 817 1732 1.
839 1708 938 1743 2954.
960 1697 1113 1730 Gorl.et
1134 1695 1322 1743 exemplar
1333 1694 1452 1727 Scho-

156 1742 284 1776 liastae
312 1744 357 1776 ad
383 1756 413 1777 c.
433 1757 466 1789 9.
487 1745 698 1789 recepitque
719 1746 810 1778 adeo
836 1747 951 1777 Sclzm.
982 1755 1048 1787 pro
1079 1742 1179 1786 vulg.
1206 1743 1320 1786 η’σαν,
1348 1739 1451 1784 quod

153 1800 221 1833 pro
244 1788 468 1834 glossemate
489 1797 544 1824 est
564 1792 789 1826 habendum.
837 1794 900 1833 m)
929 1784 995 1831 δ’]
1024 1787 1063 1823 δὲ
1084 1800 1187 1832 3011·
1237 1789 1286 1832 Ι1)
1312 1786 1367 1831 ἐφ
1382 1784 1452 1821 57²¹-

66 1862 284 1916 Daphnen
311 1863 520 1918 pingunt,
554 1864 731 1917 Apolli-

66 1935 120 1959 ne
142 1923 220 1972 jam
243 1923 322 1972 jam
343 1919 730 1973 comprehendente

66 1977 112 2014 in
132 1977 318 2015 arborem
337 1987 550 2019 mutatam,
612 1979 730 2016 Sum·

69 2032 149 2070 mis
194 2044 330 2072 autem
373 2033 518 2086 digitis
555 2049 728 2075 enasce-

68 2088 223 2126 bantur
259 2089 343 2127 illis
384 2091 577 2142 palmites
612 2091 729 2143 pleni

70 2159 260 2183 uvarum.
322 2146 475 2184 Verum
501 2147 638 2200 capita
664 2157 731 2186 et-

73 2201 153 2238 iam
174 2215 249 2253 pro
269 2215 384 2240 coma
408 2204 634 2242 claviculas
659 2203 730 2242 ha-

68 2255 244 2302 bebant,
296 2268 337 2297 et
378 2259 482 2296 folia
530 2270 570 2298 et
611 2275 729 2301 uvas.

70 2313 292 2352 Caeterum
309 2313 555 2353 accedentes
572 2330 648 2354 nos
668 2330 729 2354 sa-

70 2369 263 2407 lutabant
284 2382 324 2409 et
348 2370 622 2422 prensabant,
656 2386 729 2410 vo·

74 2440 160 2464 cem
193 2428 344 2478 partim
374 2426 584 2478 Lydiam,
628 2441 732 2479 par-

73 2481 148 2520 tim
170 2482 374 2532 Indicam,
408 2484 609 2521 Graecam
631 2498 730 2522 vero

77 2540 301 2592 pleraeque
338 2540 592 2581 emittentes,
653 2539 734 2578 Sed

79 2606 153 2631 nos
187 2596 312 2633 etiam
338 2596 660 2635 osculabantur:
692 2604 735 2634 at

82 2647 138 2696 is,
183 2663 302 2702 quem
338 2656 484 2692 osculo
516 2653 735 2706 contigis-

81 2714 194 2755 sent,
225 2707 457 2747 inebriatus
486 2709 626 2748 statim
658 2709 734 2746 in-

80 2770 194 2800 certo
253 2765 435 2819 vestigio
496 2765 730 2806 oberrabat.

788 1863 1062 1904 vindemiare
1093 1872 1231 1901 tamen
1260 1860 1310 1899 de
1330 1860 1451 1897 fruc-

789 1931 837 1960 tu
854 1935 930 1959 suo
950 1935 1035 1958 non
1060 1918 1342 1973 praebebant,
1377 1914 1452 1954 secl

788 1992 887 2030 prae
939 1976 1085 2015 dolore
1136 1974 1450 2021 exclamabant,

789 2025 838 2074 ἕο
861 2033 1065 2073 detracto.
1128 2030 1346 2085 Quaedam
1379 2038 1453 2067 et·-

787 2091 870 2129 iam
885 2089 1050 2128 misceri
1071 2089 1191 2127 nobis
1207 2085 1452 2139 cupiebant:

791 2162 838 2186 ac
887 2145 971 2184 duo
1019 2145 1190 2198 quidam
1236 2143 1451 2181 sociorum

790 2202 1005 2257 congressi
1026 2202 1128 2247 illis,
1164 2199 1341 2238 dissolvi
1362 2211 1451 2235 non

790 2261 969 2312 amplius
984 2268 1160 2311 potuere
1181 2254 1368 2294 devincti
1383 2267 1452 2306 ge-

789 2316 1005 2354 nitalibus.
1055 2314 1319 2352 Coaluerunt
1339 2324 1453 2348 nem·

790 2387 842 2424 pe
871 2373 979 2420 illis,
1034 2380 1074 2409 et
1104 2370 1205 2421 ipsis
1240 2365 1452 2405 radicibus

789 2427 992 2479 permixti
1014 2436 1138 2464 sunt:
1171 2428 1339 2477 jamque
1363 2423 1453 2473 pal-

790 2485 914 2521 mites
938 2483 990 2520 iis
1016 2482 1120 2519 facti
1149 2489 1268 2519 erant
1301 2477 1451 2531 digiti,

793 2549 832 2578 et
857 2538 1076 2577 claviculis
1113 2535 1310 2588 implexi,
1346 2537 1453 2585 jam-

790 2598 872 2648 jam
917 2595 1101 2632 fructum
1134 2603 1174 2631 et
1208 2591 1290 2643 ipsi
1320 2590 1451 2628 laturi

792 2650 1059 2689 videbantur.
1119 2648 1210 2687 Nos
1232 2657 1369 2686 autem
1389 2660 1452 2685 re-

789 2707 904 2746 lictis
933 2707 1020 2744 illis
1051 2705 1102 2744 ad
1126 2704 1267 2743 navim
1288 2704 1449 2758 fugere,

792 2774 834 2804 et
873 2763 969 2815 his,
1025 2763 1100 2818 qui
1136 2769 1447 2810 remanserant,

1042 320 1121 367 ἀπὸ
1145 322 1188 367 δὲ
1206 326 1285 366 τῶν
1305 320 1446 366 δακτύ-
1461 344 1494 378 p.
1510 333 1569 379 „⁷5-
