1834 3188
438 192 525 223 IN
595 191 1242 224 nnnmo'rimum.
1479 183 1580 231 375

121 291 173 331 Il.
196 293 258 341 A,
289 293 356 334 37.
382 286 427 338 ὃς
446 286 614 343 Χρύσην
635 285 938 344 ἇμφιβέβηκας,
969 290 1039 343 qui
1062 287 1230 345 Chrysen
1250 289 1420 346 undique
1437 297 1577 345 tueris,

123 347 153 386 i.
186 361 222 386 e.
256 346 394 384 tuitus
426 359 492 396 es,
531 356 574 386 et
605 345 742 385 adhuc
772 346 929 396 tueris,
973 359 1088 385 more
1120 347 1389 387 aoristorum.
1449 350 1576 391 Addo

121 403 174 443 11.
198 408 255 453 A,
277 407 369 445 107.
396 404 630 457 δεδεγμένος
659 402 902 455 excipiens,
937 400 1071 452 (licet
1098 401 1158 440 ibi
1188 403 1402 456 passivum
1438 408 1578 447 active

121 457 421 512 exponendum
437 489 447 506 ,
481 459 622 511 qualia
645 461 776 496 multa
798 457 915 497 dedit
934 458 1038 498 Jens.
1062 458 1205 498 Lectt.
1225 460 1410 500 Lucian.
1431 475 1472 514 p,
1495 467 1580 506 246

120 538 177 546 —
206 517 278 565 7.)
312 515 440 554 Conf.
463 515 584 554 Iliad.
607 522 663 564 A,
687 519 781 558 434.
800 517 938 566 μυρίαι
954 512 1184 567 ἑστήκασιν,
1214 518 1437 557 innumerae
1454 529 1573 558 stant.

119 573 178 610 Et
199 570 268 609 adi
296 572 470 610 omnino
495 582 638 610 notam
667 571 709 610 S.
738 570 974 610 Clarckiiad
997 572 1046 611 11.
1066 576 1122 621 A,
1147 576 1214 616 34.
1235 573 1307 626 qui
1327 572 1433 612 illud
1463 584 1580 613 tem-

118 642 200 681 pus
219 642 414 680 praesens
436 628 707 679 praeteritum
728 627 892 681 egregie
912 628 1098 665 illustrat
1118 642 1169 667 ex
1190 629 1303 682 Virg.
1324 629 1431 671 Aen.
1454 636 1493 679 2,
1514 638 1578 674 12,

344 684 591 738 Quamquam
622 686 775 722 animus
793 685 1006 722 meminisse
1034 684 1181 733 horret,
1215 685 1397 739 luctuque
1417 688 1576 741 refugit.

118 739 178 778 Et
198 754 249 779 ex
270 739 384 779 Ovicl.
408 742 515 781 Met.
536 741 587 787 V,
605 745 700 783 677.
720 739 769 778 de
786 739 999 777 Pieridum
1021 740 1064 776 in
1086 741 1202 792 picas
1222 743 1579 794 metamorph0512

339 797 456 835 Nunc
476 813 626 850 quoque
641 798 681 834 in
699 795 859 834 alitibus
868 795 1077 850 facundia
1092 799 1227 849 prisca
1249 801 1445 837 remansit.

121 852 209 891 Ubi
236 862 406 899 monet,
448 867 655 905 nuperum
697 852 969 904 interpretem
1003 852 1157 889 frustra
1189 863 1282 893 tunc
1317 856 1447 904 velle,
1498 871 1578 909 pro

120 926 223 949 nunc
239 940 250 958 ‚
281 909 390 962 legi,
423 908 544 961 quia,
576 909 612 946 si
636 908 837 946 retineres
861 924 984 958 nunc,
1018 907 1243 946 dicendum
1268 919 1374 949 esset
1396 923 1579 960 remanet,

119 978 207 1002 non
241 967 423 1003 remansit
449 974 527 1003 etc.
571 979 676 1017 quae
708 967 822 1002 lectu
853 964 979 1017 digna
1015 962 1064 1003 de
1092 963 1342 1016 hujusmodi
1378 968 1581 1020 temporis

117 1029 330 1074 potestate
350 1020 460 1073 apud
482 1020 704 1061 Clare-Mum
722 1019 831 1061 vide.
863 1021 1026 1059 RErrz.
1087 1021 1316 1070 Dubitavi‚
1351 1036 1450 1061 num
1468 1025 1583 1078 ἐγρη-

119 1073 247 1132 γόρως
269 1076 470 1127 probum3
504 1077 576 1117 sed
598 1077 724 1115 habet
744 1077 932 1129 Alciplzr.
956 1077 1039 1116 III.
1063 1078 1144 1129 Ep.
1167 1082 1234 1120 38.
1258 1092 1299 1129 p.
1321 1080 1414 1122 256,
1456 1080 1581 1118 IDEM

120 1136 162 1172 in
182 1133 294 1173 Add.
317 1144 351 1171 et
377 1132 525 1186 Cor-rig.
585 1134 634 1171 In
657 1133 903 1186 Alciplzrone
932 1133 1140 1185 Ber-glerus
1162 1133 1330 1185 quidem
1365 1135 1584 1190 ἐγρηγορὸς

120 1191 320 1228 maluisse
339 1189 531 1236 videtur;
566 1189 637 1228 sed
663 1189 897 1241 IVagnerus,
929 1188 980 1226 ad
1003 1189 1118 1227 hunc
1136 1189 1311 1228 Luciani
1327 1193 1464 1229 locum
1485 1206 1583 1245 pro·

122 1260 303 1293 vocans,
334 1246 439 1284 RIss.
459 1246 691 1295 librorum,
723 1245 948 1283 lectionem
979 1245 1180 1285 servavit.
1242 1246 1393 1299 Neque
1426 1246 1471 1285 id
1505 1248 1584 1286 in·-

120 1302 254 1353 juria:
289 1315 383 1339 nam
409 1311 471 1340 est
492 1301 574 1340 hoc
598 1300 857 1340 Adverbium
891 1300 1106 1353 Adjectivi
1128 1300 1367 1357 ἐγρήγορος,
1410 1302 1462 1343 de
1494 1317 1581 1358 quo

121 1356 340 1396 adeundus
361 1357 530 1397 Lobcck.
556 1356 606 1396 ad
629 1357 836 1410 Phrynich.
864 1371 905 1410 p.
933 1362 1023 1400 119.
1045 1372 1108 1411 sq.
1139 1359 1298 1400 LmrM.

233 1425 375 1465 Easl.1.
391 1430 428 1468 8.
451 1424 813 1479 Παραπολόμενον)
842 1425 1015 1479 Castigo
1034 1423 1405 1479 παραπολεύμενον.
1429 1429 1583 1470 Bnon.

119 1482 227 1521 Mes.
249 1482 381 1535 Regg·
407 1485 530 1524 2954.
551 1492 592 1520 et
611 1486 735 1525 3011.
760 1480 1144 1534 παραπολούμενον,
1185 1482 1392 1533 probante
1424 1484 1578 1524 Belino.

118 1538 218 1578 Bw.
278 1538 532 1576 Lectionem
555 1538 859 1587 Parisiensem,
892 1537 1026 1576 Belini
1043 1537 1250 1590 judicium
1276 1549 1446 1578 secutus
1468 1554 1582 1579 rece·

119 1593 188 1646 pit
211 1593 506 1645 Schmieclerus5
537 1594 833 1639 festinantius,
874 1603 923 1632 ut
943 1594 1050 1631 mihi
1080 1593 1250 1646 quidem
1275 1595 1459 1636 videtur.
1519 1597 1582 1634 Ut:

120 1650 232 1689 enim
252 1649 616 1702 παραπολούμενον
636 1650 679 1687 in
699 1664 771 1696 eo,
808 1664 930 1703 quem
953 1650 1224 1689 Schmiedcrus
1246 1652 1439 1700 confert,
1480 1654 1581 1691 loco

121 1706 232 1743 infra
257 1721 292 1744 c.
316 1712 384 1748 21.
407 1706 513 1744 bene
536 1720 627 1743 cum
647 1705 772 1744 verbo
792 1704 976 1758 περιόψει
999 1706 1208 1755 concinit,
1250 1717 1298 1744 ut
1320 1706 1425 1746 adeo
1449 1721 1583 1761 quae-

121 1776 291 1815 cunque
321 1761 403 1800 alia
433 1761 562 1799 lectio
596 1762 698 1800 huic
724 1762 1017 1814 posthabenda
1049 1762 1124 1811 sit,
1165 1763 1221 1799 ita
1244 1762 1286 1801 h.
1306 1766 1335 1801 1.
1369 1774 1458 1802 tum
1488 1763 1582 1816 ipsa

120 1818 360 1856 sententiae
395 1827 569 1868 natura,
617 1828 706 1856 tum
734 1819 860 1856 etiam
894 1818 1201 1856 concinnitatis
1231 1821 1321 1869 lex,
1373 1833 1478 1870 quae
1512 1834 1584 1859 se-

121 1888 255 1927 quens
277 1871 610 1927 φιλοσοφήσαντα
628 1874 780 1926 respici
801 1873 941 1924 jubet,
981 1875 1209 1912 manifesto
1243 1874 1421 1928 requirit
1450 1875 1585 1914 Aori-

120 1940 252 1979 stum,
285 1931 484 1983 repudiat
511 1931 730 1971 Futurum.
793 1930 982 1968 Omnino
1018 1940 1157 1968 autem
1195 1930 1466 1970 memorabile
1495 1941 1579 1982 est,

120 1986 164 2023 in
187 1997 369 2039 utroque
390 1989 487 2025 loco
511 1986 685 2025 eandem
710 2000 800 2024 esse
819 1985 1020 2025 lectionis
1044 1986 1311 2036 varietatem,
1346 1988 1402 2025 ita
1426 1998 1582 2037 tamen,

119 2051 170 2079 ut
192 2041 234 2081 h.
256 2047 283 2082 ].
302 2041 654 2094 παραπολόμενον,
688 2043 764 2080 illo
791 2034 888 2081 ve‘ro
913 2040 1278 2096 παραπολούμενον
1295 2074 1306 2092 ,
1339 2046 1584 2096 plerorum-

123 2111 205 2150 que
240 2099 444 2136 librorum
485 2101 540 2137 sit
569 2101 711 2138 lectio.
779 2097 905 2137 Unde
939 2099 1102 2138 moneri
1137 2109 1298 2152 potest,
1339 2101 1583 2156 quicunque

121 2153 300 2191 monitis
323 2165 460 2206 patet,
495 2169 546 2193 ne
571 2155 742 2194 incaute
765 2169 786 2192 a
809 2155 995 2209 vulgatis
1015 2155 1197 2195 recedat.
1230 2157 1388 2195 Lnnm.

233 2209 333 2249 Ead.
357 2213 385 2249 l.
411 2215 474 2252 10.
512 2212 722 2261 Θαυμάσια
739 2208 886 2265 ἡλίκα)
929 2211 1027 2250 Vid.
1063 2226 1188 2265 supra
1222 2213 1364 2250 Somn.
1393 2227 1429 2251 c.
1451 2214 1490 2256 5.
1514 2214 1583 2252 vel

118 2271 158 2309 6.
181 2275 222 2305 et
245 2276 352 2304 nott.
377 2267 428 2304 ad
451 2281 485 2304 c.
508 2272 575 2309 76.
597 2267 723 2319 hujus
746 2267 936 2308 Hermot.
968 2268 1137 2306 SOLAN.

232 2322 334 2362 End.
353 2325 378 2362 1.
403 2327 466 2364 14.
499 2321 649 2376 Σχεδὸν
673 2325 821 2364 εἴκοσιν
841 2323 934 2378 ἔτη)
977 2322 1138 2363 Confer
1160 2323 1271 2361 infra
1301 2323 1429 2378 hujus
1459 2324 1581 2366 Dial.

119 2393 155 2418 c.
176 2382 245 2423 59.
267 2380 297 2417 f.
332 2379 527 2418 Sonus.-

230 2435 333 2474 Ibicl.
384 2433 515 2476 Οὕὸὲν
547 2431 678 2489 ἷίλλῳ)
719 2433 969 2488 Legendum
1004 2433 1111 2478 ἄλλο.
1153 2437 1296 2478 Bnon.
1360 2436 1444 2477 Sed
1470 2435 1580 2475 illud

118 2489 212 2534 ἄλλο
231 2495 312 2545 jam
335 2491 484 2530 inveni
512 2491 556 2528 in
584 2490 795 2542 plerisque
820 2490 913 2530 edd.
946 2493 1109 2532 Rm'rZ.

233 2549 332 2600 Peg.
351 2553 389 2591 6.
410 2550 438 2587 l.
463 2553 500 2589 1.
529 2544 859 2598 ΓΤπυμνήμοιτα)
902 2546 1034 2585 Cicero
1064 2548 1176 2586 filius
1209 2548 1363 2587 Tironi
1387 2549 1466 2587 sub
1500 2554 1577 2599 16,

120 2608 187 2646 21.
216 2613 318 2641 extr.
351 2605 445 2644 Pelo
468 2620 492 2641 a
514 2615 566 2651 te,
602 2613 638 2641 11!
671 2619 788 2655 quam
821 2603 1012 2641 celerrime
1040 2605 1136 2642 milzi
1161 2605 1346 2645 librarius
1374 2608 1576 2653 mittatur,

119 2663 295 2699 maxime
315 2659 468 2713 quidem
504 2660 697 2699 Graccus.-
741 2659 903 2697 mnltnm
932 2659 1027 2698 mihi
1057 2663 1156 2699 enim
1187 2664 1347 2715 cripitur
1372 2677 1509 2715 operae
1538 2664 1578 2700 in

120 2715 384 2756 cmscribemlis
401 2717 720 2772 hypomnematis.
752 2715 885 2754 GESN.
