1834 3188
252 188 352 233 702
610 198 1368 231 ADNOTATIONES

246 313 345 350 mo,
387 307 451 337 est
482 296 565 337 hoc
594 296 639 336 in
672 300 770 337 loco
800 299 1026 352 impunitas.
1097 298 1335 353 Praecipue
1377 309 1517 341 autem
1552 302 1722 344 videtur

245 356 350 397 Μαι
343 354 466 395 czst
483 369 578 393 cum
598 354 832 407 interprete
855 354 1084 395 offendisse
1107 354 1159 393 ad
1179 357 1476 412 πεπραγμένου,
1503 359 1620 414 quod
1642 375 1720 414 pro

246 413 343 466 ipso
366 413 483 450 facto
504 420 686 465 uterque
707 409 928 464 adspexit,
960 411 1038 451 ubi
1055 415 1335 469 πεπραγμένος
1355 413 1538 470 (namin
1561 431 1722 456 mascu-

244 471 339 509 lino
372 468 444 507 hic
472 468 754 533 πεπραγμένου
789 467 973 518 dicitur)
1002 469 1060 508 sit
1083 470 1177 524 ipse
1209 470 1486 521 interfector,
1519 471 1604 512 hoc
1627 474 1721 526 qui-

247 525 340 566 dem
369 526 413 564 in
433 528 544 567 loco.
604 524 863 578 Saepissime
884 525 1038 565 Graeci
1058 527 1255 591 perfecto
1278 529 1451 580 passivo
1477 543 1555 583 pro
1576 531 1720 570 activo

244 592 440 622 utuntur.
500 581 709 623 Lucianus
740 581 785 620 id
820 581 927 620 facit
955 583 1125 640 passim.
1185 583 1260 625 Sic
1291 585 1336 622 in
1370 584 1560 639 Nigrino
1591 590 1718 637 910.

244 638 308 682 Σῦ
329 636 405 695 γαρ
426 635 565 693 ὀλίγα,
596 640 665 681 καὶ
690 637 765 681 σ’σα
788 636 877 681 οἷόν
897 655 937 681 τε
957 640 1034 692 ἦν,
1064 638 1273 695 τυγχάνεις
1295 646 1346 697 τῇ
1363 641 1500 699 μνήμη
1523 656 1722 699 συγκεκο-

242 697 455 752 μισμένος,
489 697 553 735 Tu
572 698 674 735 enim
689 711 844 750 pauca,
876 706 911 735 et
937 706 1089 737 tantum
1111 709 1307 766 quantum
1325 709 1418 752 pote
1433 709 1539 751 erat,
1569 717 1721 741 memo-

243 756 306 793 ria
327 751 561 807 complexus
589 763 716 793 tecum
733 752 904 824 αιζβτνες
923 767 1002 806 pro
1033 768 1342 807 συγκεκομικως
1400 755 1499 799 Lib.
1521 762 1561 801 2.
1586 757 1721 798 Verae

243 810 363 849 Hist.
388 823 477 862 cap.
497 815 565 853 33.
596 803 729 858 Οὗτος
749 810 826 865 γὰρ
858 808 944 863 δὴ’
928 807 1020 864 α’ρχε
1025 808 1155 864 ιπαρ’
1189 809 1348 861 αυτοῖς,
1382 809 1589 866 σατράπας
1615 812 1718 864 δυό,

241 868 310 910 καὶ
338 863 548 921 υπάρχους
575 867 873 920 πεποιημένος,
916 866 957 906 Is
986 870 1086 908 enim
1115 867 1225 923 apud
1254 868 1348 908 illos
1378 881 1534 923 regnat,
1569 869 1722 910 duobus

241 925 414 992 satrapis
432 934 467 962 et
483 923 700 993 praefectis
719 926 871 964 creatis.
929 925 980 963 Iu
1003 926 1266 969 Tox.c.11.
1298 926 1378 968 ε’ση
1406 927 1498 980 μὲν,
1530 920 1564 969 ὠ
1592 925 1720 978 Τόξα-

241 999 296 1036 ρι,
329 998 377 1023 ου
403 986 561 1034 φαῦλον
582 979 627 1023 τὸ
645 981 760 1037 ε’ργον
781 977 898 1034 οἷνδρὶ
921 983 991 1036 σίῳ
1015 982 1098 1031 σοὶ,
1126 1006 1183 1013 —-
1211 999 1250 1024 τε
1255 983 1485 1036 θηγμὲνους
1501 998 1721 1038 παρεσκευ-

240 1039 400 1094 ασμένῳ
419 1054 516 1087 τους
538 1033 707 1092 λογους,
739 1037 810 1077 Est
830 1037 999 1092 quidem,
1023 1054 1046 1078 ο
1072 1040 1233 1078 Toxar
1209 1056 1244 1088 ι,
1272 1056 1330 1078 res
1344 1039 1454 1079 haud
1471 1056 1598 1094 parva
1618 1043 1716 1092 vir-‚o

239 1081 383 1150 qualis
397 1106 440 1134 iu
462 1111 500 1133 es
508 1124 521 1145 ,
550 1106 738 1148 paratam
759 1093 917 1134 habenti
938 1097 1154 1134 orationem
1176 1095 1311 1135 solerti
1330 1098 1523 1138 acumine.
1566 1097 1721 1138 Aelia-

239 1169 313 1192 nus
337 1152 412 1192 VI.
437 1156 596 1193 Ποικιλ
618 1166 652 1195 c.
673 1157 738 1194 11.
774 1153 827 1193 Οἱ
845 1150 887 1193 δὲ
921 1168 996 1193 ουκ
1024 1150 1197 1204 η’θελον,
1229 1150 1416 1205 δηλονότι
1432 1155 1718 1223 πεπειραμένοι

239 1206 391 1260 αὐτου,
423 1222 501 1262 pro
521 1207 818 1263 πεπειρακότες.
875 1207 1081 1248 Diodorus
1100 1207 1184 1249 Sic.
1205 1209 1282 1248 lib.
1305 1209 1380 1249 IV.
1403 1223 1495 1264 cap.
1515 1215 1584 1255 69.
1606 1207 1716 1252 Ἐπί.

237 1283 357 1322 γονοι
376 1263 452 1319 τὴν
471 1268 677 1320 στρατείαν
700 1267 881 1318 ἐπιφανῆ
898 1265 1171 1317 πεποιημένοι
1219 1266 1291 1305 Sic
1308 1267 1577 1335 πεποιημένος
1597 1265 1718 1321 εὕχας

238 1321 353 1376 apud
373 1321 554 1363 eundem
577 1323 653 1364 lib.
672 1324 723 1364 V.
747 1337 837 1375 cap.
860 1325 930 1367 58.
961 1321 1149 1391 Polybius
1166 1321 1243 1363 lib.
1266 1323 1301 1362 I.
1329 1319 1531 1377 Ρωμαῖοι
1557 1325 1716 1394 Τυῤῥη.

235 1377 338 1429 νοῦς
359 1376 438 1432 ὑφ’
459 1376 612 1429 αὖτοῦς
633 1397 830 1449 πεποιημε
814 1380 919 1421 έ·νοι
951 1388 1015 1429 et,
1047 1395 1145 1428 τους
1167 1382 1480 1433 Καρχηδονίους
1497 1378 1624 1424 πολλα
1640 1382 1716 1435 μέ-

235 1455 288 1491 ρη
313 1441 386 1490 τῆς
412 1434 574 1507 Λιβύης
601 1453 767 1490 υπηκοα
793 1454 840 1478 πε
826 1453 990 1489 εεποιημ
975 1437 1100 1485 έ.νους
1163 1436 1325 1489 Dionys
1356 1437 1502 1479 Halia.
1530 1437 1604 1478 lib.
1635 1439 1713 1482 IV.

234 1492 466 1549 αρχα.ιολογ
499 1491 602 1535 Ἐὰν
623 1491 776 1550 εὑρεθῇ
795 1493 1175 1559 παρεσκευασμένος
1203 1491 1318 1535 ὅπλα.
1377 1494 1451 1534 Sic
1472 1496 1714 1549 κεκτημένος

233 1551 391 1616 passim
411 1565 489 1604 pro
510 1549 703 1601 domino,
722 1566 815 1589 cum
841 1549 1011 1614 proprie
1035 1550 1070 1588 is
1091 1551 1148 1588 sit
1166 1549 1378 1603 κεκτηκώς.
1430 1550 1557 1591 Nec
1545 1566 1590 1590 m
1611 1552 1711 1590 Par-

234 1606 401 1660 ticipiis
432 1616 623 1656 tantum,
666 1606 741 1646 sed
769 1607 895 1645 etiam
926 1607 972 1643 in
1003 1605 1262 1645 Indicativis
1295 1615 1480 1645 utuntur
1510 1607 1706 1661 passivo,

233 1678 361 1705 sensu
391 1663 536 1703 activi.
595 1663 835 1704 Lucianus
824 1677 870 1700 in
902 1663 974 1701 De
1004 1662 1236 1702 saltatione
1264 1677 1356 1715 cap.
1381 1667 1450 1706 79.
1479 1659 1546 1705 ‘H
1565 1666 1637 1716 μέν
1665 1681 1710 1718 γε

230 1722 411 1775 Βακχικὴ
445 1719 606 1774 ὄρχησις
630 1723 859 1774 κεχείρωται
880 1721 973 1767 τούς
995 1713 1266 1788 ἀνθρώπους,
1299 1719 1526 1772 perspicue
1544 1733 1621 1773 pro
1645 1738 1710 1764 κε-

228 1782 407 1833 χείρωκε.
466 1777 519 1816 In
548 1778 683 1817 Deor.
715 1776 901 1835 dialogis
929 1775 1030 1815 VII.
1062 1774 1136 1817 fin.
1165 1772 1345 1843 Ράβδον
1379 1793 1470 1818 τινα
1491 1779 1711 1831 πεποίηται

227 1836 464 1889 θαυμασίαν
487 1851 560 1885 την
581 1832 778 1888 δύναμιν,
809 1836 835 1890 ᾑ
853 1838 1108 1886 ψυχαγωγεῖ,
1142 1833 1209 1874 καὶ
1226 1830 1392 1887 κατάγει
1406 1850 1504 1882 τους
1522 1850 1708 1890 νεκρους,

227 1895 381 1947 virgam
400 1890 719 1946 quandamfecit
737 1891 997 1939 Mercurius,
1022 1891 1191 1944 mir'fica
1207 1888 1420 1943 pollentem
1435 1891 1487 1939 υἱ,
1510 1906 1588 1957 qua
1609 1894 1708 1931 ani-

227 1966 315 1990 mas
333 1949 404 1989 sub
427 1949 557 1987 tristia
576 1958 694 1986 ιανια
699 1965 730 1987 ·α
746 1951 879 1989 mittit.
933 1946 1043 1985 Sic’
1025 1948 1191 2000 επεποίη
1194 1963 1237 1989 το
1258 1959 1336 2011 pro
1359 1945 1595 2000 ἐπεποιήκει
1612 1948 1709 1988 No-

226 2018 304 2046 ster
318 2005 386 2046 in:
419 2003 697 2044 Prometheus
718 2019 759 2044 es
783 2005 828 2043 in
860 2002 1015 2044 verbis.
1075 2001 1268 2044 Itidem'
1256 2017 1301 2040 m
1330 2002 1585 2044 Infinitivo:
1618 2005 1707 2044 ite-

226 2078 322 2102 rum
357 2061 501 2102 Noster
529 2061 576 2100 in
607 2062 878 2134 Hermotimo
908 2075 940 2100 e.
968 2063 1037 2103 54·
1076 2061 1181 2102 Φασι
1212 2060 1317 2114 γέτοι
1354 2061 1547 2111 Φειδίαν,
1579 2058 1703 2129 ὄνυχα

226 2119 354 2174 μόνον
373 2120 533 2168 λέοντος
555 2116 716 2170 ἰδόντα,
747 2116 820 2160 ἄπ’
845 2119 999 2161 ἐκείνου
1019 2114 1334 2182 ἀναλελογίσθαι
1348 2113 1527 2169 ηλίκος
1509 2114 1561 2159 οἶν
1581 2114 1603 2159 ὁ
1623 2123 1704 2168 πᾶς

225 2177 328 2219 λέων
349 2195 390 2232 γ
375 2178 517 2218 §.vomo
579 2176 616 2213 E
649 2175 864 2214 contrario
898 2171 1020 2222 αλους
1049 2174 1093 2212 in
1129 2174 1271 2212 activa
1293 2174 1452 2223 forma,
1486 2173 1702 2239 significa-

229 2234 351 2272 tione
385 2233 552 2286 passiva
580 2232 708 2284 poni,
744 2246 866 2271 nemo
898 2231 1046 2270 harum
1078 2231 1298 2270 literarum
1326 2230 1491 2281 peritus
1514 2230 1700 2285 ignorat.

224 2289 292 2329 Ita
325 2288 509 2337 ἑαλωκώς
537 2291 651 2328 valet
680 2298 829 2341 captus
863 2287 978 2342 apud
1003 2287 1195 2327 Νοςιιιιιη
1219 2287 1264 2325 in
1294 2285 1584 2339 Philopseude
1605 2302 1637 2328 c.
1656 2292 1696 2331 2.

224 2346 324 2385 Ηιιο
347 2347 526 2386 referam
551 2360 723 2398 quoque
744 2344 811 2395 id,
847 2344 996 2398 quod
986 2359 1029 2382 ln
1055 2343 1274 2383 Glossario
1293 2342 1479 2397 legitur,
1510 2343 1699 2383 Absum-

222 2414 353 2457 ptum,
385 2400 742 2444 καταναλώσαντα·
774 2416 852 2441 nec
872 2401 1051 2441 sentiam
1075 2416 1170 2440 cum
1195 2400 1410 2451 Ῑῖιιῖοαηίο,
1442 2399 1695 2439 emendante

222 2462 570 2524 καταναλωθέντα.
629 2460 725 2513 Ego
748 2458 1014 2508 existimem,
1044 2457 1144 2512 quia
1163 2453 1517 2507 καταναλώσαντα,
1550 2470 1695 2510 quam-

224 2517 291 2556 vis
310 2516 355 2554 in
378 2517 517 2555 activa
547 2517 706 2566 forma,
739 2525 951 2568 repertum
985 2514 1119 2554 fuerit
1148 2513 1470 2568 significatione
1495 2512 1687 2566 passiva,

225 2582 450 2624 proptelea
470 2548 745 2626 potissimu’m
769 2573 902 2611 fuisse
922 2581 1133 2611 notatum.
1183 2571 1294 2610 Nam
1315 2570 1514 2637 profecto
1536 2568 1690 2607 iterum

226 2628 354 2668 habes
376 2629 520 2669 idem'
509 2643 554 2667 ιιι
577 2629 797 2668 Glossario
819 2629 1016 2668 Graeco-
1029 2628 1208 2678 Latino,
1239 2622 1586 2674 καταναλώσαντα,
1620 2624 1690 2662 ab·

226 2696 431 2739 sumptum.
494 2685 717 2726 Caete1um
749 2685 864 2739 quod
895 2698 1067 2724 monere
1095 2685 1183 2724 fere
1207 2684 1366 2723 oblitus
1388 2695 1520 2729 eram,
1549 2683 1684 2730 locus,

228 2756 313 2796 quo
338 2741 388 2782 de
414 2741 592 2795 agimus,
626 2743 700 2794 ita,
722 2757 769 2782 ac
790 2757 867 2782 nos
887 2757 981 2782 eum
1003 2755 1129 2795 supra
1149 2740 1383 2795 posuimus,
1416 2710 1689 2792 distinguen-
