1834 3188
293 220 393 266 492
648 232 1402 265 ADNOTATIONES

294 330 454 382 scripto
487 328 746 383 Bodlejano,
779 331 854 384 qui
881 330 980 369 olim
1013 331 1063 371 E.
1098 331 1156 369 D.
1193 330 1341 372 Clarkii
1369 334 1527 383 suerat,
1570 333 1746 389 Greworii

291 388 381 426 Na:
379 389 536 425 ianzeni
567 388 752 426 carmina
777 387 1025 426 continente
1052 387 1179 426 simul
1210 403 1303 426 cum
1327 389 1534 441 Scholiis,
1565 400 1744 444 utraque

293 458 317 483 e
340 442 528 492 decimo,
560 452 609 480 ut
636 442 800 495 judicat
831 445 879 483 T.
904 443 1162 500 Gaisfordus‚
1195 448 1351 486 seculo.
1410 445 1578 487 Scholii
1605 457 1745 485 autem

294 499 427 537 instar
456 497 560 537 haec
591 498 766 538 Luciam*
791 498 916 539 verba
948 503 1151 554 leguntur
1181 501 1254 542 fol.
1281 507 1348 546 83.
1372 501 1411 541 b.
1434 502 1486 541 ad
1509 517 1550 543 v.
1588 505 1744 552 Ζεῦξις.

294 555 415 609 Quae
445 568 698 607 quamquam
737 570 825 594 non
856 558 1035 594 multum
1068 557 1297 596 conferunt
1331 557 1382 596 ad
1410 558 1541 610 ipsius
1571 559 1747 599 Luciam·

293 621 455 650 textum
479 611 777 650 illustrandum
796 621 838 651 et
857 611 1189 665 emendandum,
1221 614 1321 666 quia
1341 623 1429 652 tum
1450 615 1745 662 vitiosissime,

292 676 382 704 tum
409 667 722 706 mutationibus
743 668 910 721 aliquot
935 669 1083 718 factis,
1115 677 1163 707 ut
1177 658 1356 710 'Luciani
1371 684 1416 709 ea
1436 684 1526 710 esse
1550 670 1747 709 dissimu-

291 725 502 774 laxentur,
537 722 747 777 descripta
776 734 901 764 sunt:
933 733 1095 774 tamen,
1128 739 1181 765 ne
1202 725 1395 779 partibus
1419 727 1522 766 meis
1543 730 1630 765 ullo
1650 741 1748 766 mo-

294 778 350 817 do
373 777 513 818 deesse
544 779 712 831 videar,
747 790 940 819 accurate
962 791 1002 820 et
1025 784 1148 834 plene
1176 797 1222 822 ea
1248 782 1320 822 hic
1342 797 1513 823 exarare
1534 786 1673 836 placet
1694 782 1747 822 ad

295 834 417 873 fidem
439 835 656 890 Catalogi,
690 851 814 890 quem
831 836 1239 893 GaifforchcsOxonii
1265 839 1400 878 edidit
1422 845 1624 891 a.1812.,
1655 839 1746 879 sive

292 891 490 930 Notitiae
523 893 947 946 Manuscriptorum,
982 895 1096 947 quia
1129 895 1217 935 Cel.
1240 896 1290 934 E.
1310 897 1367 937 D
1387 895 1539 936 Clarke
1565 910 1746 949 compa-
1801 940 1808 943 ,

292 947 374 986 rati
400 947 446 985 in
481 947 743 988 bibliotheca
776 948 1008 1001 Bodlejana
1037 961 1328 1002 asservantur,
1371 953 1418 992 P.
1449 953 1484 991 I.
1519 968 1562 1006 p.
1593 958 1659 997 37.
1682 967 1742 1021 sq.

293 1006 416 1053 ζευξις
434 1033 631 1044 .........
658 1003 791 1074 γράφε
819 1003 1131 1074 γενόμενος·τά
1161 1008 1230 1061 μὲν
1254 1006 1420 1062 δημώδη
1442 1026 1508 1051 και
1533 1007 1651 1050 κοινοὶ
1672 1006 1746 1050 οὐκ

291 1059 477 1115 ἔγραφε
458 1060 486 1114 η“
504 1059 579 1103 όσα
605 1078 712 1104 πανυ
735 1060 866 1134 ρ’λίγα·
899 1059 962 1104 αἐὶ
985 1064 1027 1105 δὲ
1053 1071 1304 1106 καινοποιεῖν
1324 1066 1505 1118 ε’πειρᾶτο
1533 1068 1601 1107 καί
1618 1082 1654 1106 τι
1678 1066 1747 1115 ξέ-

291 1134 365 1158 νον
392 1118 458 1158 καὶ
487 1115 705 1160 αλλόκοτον
733 1116 947 1174 ἐπινοήσας
978 1120 1155 1161 ἔπεκεῖνο
1182 1138 1255 1173 την
1283 1126 1354 1173 τῆς
1381 1122 1516 1174 τέχνης
1536 1119 1745 1191 ἀκρίβειαν

292 1175 567 1217 ἐπεδείκνυτο·
596 1178 765 1227 θηλείαν
791 1175 865 1217 οὐν
880 1177 1005 1218 ι’ππον
1025 1177 1244 1244 κένταυρον
1265 1174 1286 1218 ὁ
1308 1175 1428 1227 ζεύξις
1446 1180 1633 1230 ἐποίησεν
1654 1175 1749 1220 ἄνα·

291 1231 519 1283 τρέφουσαν
547 1248 649 1300 προς
669 1233 722 1273 ε’τι
751 1233 940 1273 παιδίω’“
923 1249 1228 1301 ιπποκενταυρω
1261 1231 1414 1286 διδύμω
1444 1232 1591 1286 κομιδὴ
1616 1251 1748 1287 νηπιω

291 1292 362 1339 τῆς
383 1285 540 1336 εἰκόνος
568 1285 713 1341 ταύτης
735 1284 987 1359 ἀντίγραφον
1015 1285 1194 1342 αθήνησι
1216 1290 1352 1358 γέγονε
1373 1289 1475 1344 πρὸς
1491 1289 1618 1344 αὐτὴν
1642 1293 1750 1334 ἐκεί-

292 1360 368 1395 νην
386 1340 545 1398 ακριβεῖ
560 1349 610 1397 τῆ
626 1344 797 1399 στάθμη·
818 1343 862 1387 τὸ
875 1363 950 1399 γαρ
965 1343 1186 1416 ἀρχέτυπον
1207 1343 1390 1396 ασύλας
1369 1364 1388 1388 ο
1407 1349 1594 1401 ῤ’ωμαίων
1615 1362 1749 1403 στρατ-

292 1417 391 1454 ηγος
420 1399 516 1453 μετὰ
537 1406 619 1442 τῶν
652 1405 780 1443 αλλων
812 1400 965 1444 σκύλων
991 1405 1047 1451 εἰς
1069 1399 1243 1445 Ἰταλίαν
1273 1401 1516 1446 ἀπέστειλεν·
1547 1410 1630 1447 εἶτα
1657 1405 1748 1459 περὶ

291 1458 457 1509 μελαίαν
484 1456 691 1500 καταδύσει
713 1463 784 1511 τῆς
811 1455 985 1508 όλκαδος
1011 1476 1141 1501 παντα
1159 1461 1226 1501 καὶ
1250 1458 1323 1513 τὴν
1345 1459 1507 1515 γραφὴν
1527 1458 1749 1503 ἀπολέσθαι

291 1514 462 1567 λέγεται·
491 1512 604 1566 μόλις
631 1518 671 1556 δὲ
701 1512 905 1569 γράφουσι
929 1519 1164 1568 καλλίμαχος
1190 1517 1257 1557 καὶ
1282 1522 1473 1569 καλαισης
1503 1517 1578 1570 τὴν
1611 1515 1746 1559 εἰκόνα

290 1575 362 1621 τῆς
391 1568 547 1618 εἰκόνος
580 1568 727 1619 οὕτως·
758 1573 822 1613 ἐπὶ
847 1577 968 1625 χλοῆς
998 1569 1201 1620 εὐθαλοῦς
1228 1570 1258 1624 ἢ
1284 1577 1524 1640 κενταῦρος
1556 1571 1654 1626 αὕτη
1681 1590 1748 1615 πε·

290 1627 455 1678 ποίηται
477 1625 549 1679 όλη
572 1627 642 1680 μὲν
661 1644 708 1679 τη
729 1630 852 1669 ἴππιω
877 1629 1014 1697 χαμαὶ
1025 1629 1183 1694 κειμένη
1214 1629 1281 1669 καὶ
1303 1624 1562 1671 αποτέτανται
1586 1632 1640 1679 εἰς
1658 1647 1746 1672 του·

290 1684 395 1724 πίσω
418 1686 459 1724 οἵ
478 1681 602 1731 πόδες
626 1680 669 1725 vd
692 1684 735 1725 δὲ
759 1701 968 1753 γυναικιον
992 1681 1089 1726 ὅσον
1114 1680 1237 1737 αὐτῆς
1257 1682 1384 1738 ἡρέμα
1403 1687 1516 1740 έπεγε
1510 1688 1665 1754 ίγερται
1681 1687 1749 1728 καὶ

291 1737 513 1792 ἐπαγκόνος
535 1740 634 1781 ἔστι·
667 1742 709 1782 οἱ
724 1741 766 1782 δὲ
783 1738 903 1790 πόδες
932 1744 974 1784 οἱ
993 1742 1217 1811 ἔμπροσθεν
1239 1740 1367 1783 οὐκέτι
1382 1743 1449 1783 καὶ
1469 1738 1582 1784 αὐτοὶ
1600 1739 1744 1784 oinom-

292 1799 366 1861 δην
387 1799 475 1837 οἱον
494 1797 732 1868 ε’πιπλευρον
746 1799 950 1850 κειμένης·
981 1795 1072 1839 ἄλλο
1096 1798 1164 1850 μὲν
1187 1795 1424 1848 ὖκλαζοντι’
1412 1801 1510 1840 εὀικε
1538 1804 1746 1852 καμπυλος

290 1848 560 1905 υπεσταλμενη
582 1858 633 1905 τῆ
644 1852 780 1928 ὄπλη·
813 1852 835 1896 ὁ
856 1855 896 1895 δε
919 1851 1038 1895 παλιν
1058 1855 1308 1896 έπανισταται
1329 1856 1397 1896 καὶ
1415 1853 1651 1908 τουδοῖφους
1670 1853 1746 1897 ἆν-

292 1907 588 1979 τιλαμβάνεται·
619 1914 700 1952 οἱοι
719 1913 818 1952 εἰσιν
838 1913 880 1952 οἷ
893 1912 1010 1952 ι’πποι
1027 1908 1268 1964 πειρώμενοι
1290 1909 1520 1978 ἀναπηδᾶν·
1553 1918 1637 1953 τοῖν
1658 1929 1745 1954 νεο-

292 1971 406 2018 γνοῖν
430 1965 470 2007 δὲ
491 1963 534 2006 τὸ
556 1966 624 2018 μὲν
651 1968 725 2020 ε’χει
746 1973 831 2015 ταῖς
852 1964 1044 2036 ἄγκαλαις
1063 1968 1130 2008 καὶ
1147 1967 1281 2020 τρέφει
1295 1963 1567 2039 ἆνᾷρωπικῶς
1587 1968 1744 2034 ἐπέχου-

293 2035 344 2063 σα
358 2021 427 2064 τὸν
448 2028 677 2092 γυναικεῖον
700 2021 881 2091 μασθὸν·
911 2020 955 2065 τό
977 2024 1052 2065 δὲΓ
1039 2024 1175 2076 ε’τερον
1193 2024 1237 2064 ἐκ
1263 2027 1333 2075 τῆς
1354 2025 1480 2065 ι’ππου
1505 2021 1670 2076 θηλαζει
1690 2027 1747 2075 εἰς

290 2076 361 2119 τὸν
381 2076 558 2119 πωλικὸν
577 2076 727 2149 τρόπον
747 2077 831 2122 ἄνω
860 2079 902 2121 δὲ
919 2083 992 2131 τῆς
1013 2077 1168 2127 εἰκόνος
1185 2077 1274 2121 οἷον
1295 2097 1347 2128 ως
1369 2076 1447 2122 ἀπό
1466 2096 1574 2128 τινος
1593 2087 1747 2134 σκοπῆς

292 2135 609 2204 ἱπποκένταυρος
629 2133 732 2189 ἀνὴρ
769 2137 922 2188 ἐκείνης
953 2134 1102 2188 δηλαδὴ
1126 2139 1196 2186 τῆς
1223 2153 1270 2177 τα
1300 2137 1430 2190 βρέφη
1454 2138 1747 2190 τιθηνουμένης

293 2188 494 2232 ἐπικύπτει
514 2195 640 2245 γελῶν
666 2190 832 2245 οὗχόλος
852 2189 1095 2244 φαινόμενος
1115 2188 1201 2261 ἆλὶλῖ
1226 2194 1282 2240 εἰς
1304 2195 1425 2245 μέσον
1445 2194 1603 2242 λέοντος
1625 2193 1742 2246 σκύμ-

292 2264 367 2289 νον
388 2248 486 2316 έχων
510 2249 552 2290 ἐν
577 2253 628 2300 τῆ
648 2251 755 2297 δεξιᾶ
780 2266 833 2297 ως
859 2252 900 2290 δε
923 2250 1091 2298 §signam
1120 2246 1168 2289 τοὶ
1188 2249 1339 2302 βρέφη
1370 2248 1414 2292 τό
1437 2249 1479 2291 δὲ
1503 2247 1741 2301 θαυμαστὸν

291 2308 364 2345 τοῦ
386 2301 593 2354 ζεύξιδος
580 2302 641 2346 ότι
657 2303 703 2346 τὸ
722 2306 906 2347 ποικίλον
925 2310 996 2357 τῆς
1014 2305 1183 2358 τέχνης’
1166 2322 1208 2346 εν
1224 2322 1294 2356 μια
1311 2303 1503 2347 ὑποθέσει
1523 2307 1740 2354 ἐπεδείξατο

290 2362 416 2401 ι’ππον
436 2358 655 2414 σωβαρὸν’
639 2360 778 2435 ἄγριον
792 2360 935 2415 κομιδὴ
947 2367 1083 2403 λασιον
1103 2366 1152 2413 τῆ
1162 2364 1274 2415 χαίτη
1287 2364 1449 2416 στέρνον
1469 2378 1509 2402 τε
1528 2379 1592 2403 και
1603 2378 1740 2414 ωμους

290 2413 398 2469 όμμα
417 2418 615 2484 θηριωδὲς
640 2420 705 2460 καὶ
725 2417 866 2487 ἄγριον
886 2419 960 2470 τὴν
979 2418 1050 2460 δὲ
1041 2419 1163 2459 ι’ππον
1189 2435 1272 2459 οιαι
1294 2424 1369 2459 τῶν
1388 2423 1584 2460 θετταλῶν
1605 2415 1738 2459 ἆνεπί-

289 2475 404 2522 βατοι
423 2469 633 2526 ἆδμητες”
611 2492 666 2516 ετι
683 2475 942 2528 καθύπερθεν
961 2471 1157 2527 ημίτομον
1174 2488 1380 2529 γυναικος·
1413 2474 1487 2516 ὅσα
1505 2474 1545 2515 δὲ
1565 2474 1643 2514 τῶν
1661 2472 1739 2515 νώ*

290 2545 370 2568 των
392 2531 462 2579 ἐξω
483 2534 690 2584 σατυρωδη
717 2533 782 2573 καὶ
806 2533 908 2585 μίξις
923 2547 982 2579 τις
1007 2528 1116 2572 καὶ’
1093 2530 1247 2586 αρμογή
1267 2536 1344 2572 τῶν
1364 2544 1566 2582 σωματων.
1597 2551 1653 2559 --
1682 2530 1736 2568 In

290 2582 357 2621 hia
388 2599 496 2637 quae
527 2590 596 2625 vel
620 2598 817 2641 receptu,
859 2591 926 2628 vel
956 2597 1066 2627 certe
1092 2597 1265 2638 notatu,
1299 2586 1449 2640 dignae
1478 2584 1737 2624 videbuntur

292 2640 498 2735 ἒεοῑίξῐιεε
521 2643 687 2695 variae,
718 2659 788 2685 eas
820 2644 902 2685 hoc
920 2643 1070 2701 signo:
1100 2619 1406 2685 Bodl.1iotatas
1429 2642 1537 2682 locis
1557 2642 1645 2681 suis
1664 2641 1737 2681 iu-

323 2709 386 2734 ica
419 2710 443 2736 0
495 2698 653 2741 me.
