1834 3188
253 180 354 228 376
606 189 1362 224 ADNo'rA'rioNEs

364 288 469 330 Ead.
490 291 578 334 123.
615 285 719 332 Οὗδὲ
740 288 837 343 ὄναρ
857 288 966 340 etc.)
1008 288 1171 326 Tantae
1191 285 1445 330 intentionis
1469 293 1710 344 exemplum

257 348 347 400 ipse
372 346 478 388 vidi.
536 347 716 387 Juvenis
751 345 958 398 optimus,
1002 343 1074 396 qui
1114 342 1319 382 Graevium
1354 345 1578 397 audiebat,
1623 361 1717 386 cum

255 405 388 443 serius
407 402 458 442 ad
493 402 635 442 studia
662 403 878 441 literarum
909 400 1094 439 animum
1124 400 1423 452 applicuisset,
1465 412 1548 440 tam
1578 402 1715 443 vehe-

257 470 417 500 menter
435 458 583 498 iisdem
608 468 698 497 turn
720 458 846 497 dabat
869 470 1035 508 operam
1050 487 1061 505 ,
1094 466 1142 494 ut
1164 466 1294 494 noctu
1319 455 1528 497 dormiens
1544 487 1554 503 ‚
1589 473 1718 510 quae-

256 530 425 570 cunque
446 514 634 554 interdiu
651 514 845 568 legisset,
876 512 1094 552 recitaret:
1127 511 1262 550 donec
1283 512 1332 550 ab
1354 514 1499 552 amicis
1520 514 1717 553 medicis-

257 587 338 625 que
363 572 552 610 monitus
572 571 733 608 remisit
758 568 904 624 aliqud
927 568 977 608 de
998 569 1134 607 nimio
1168 569 1244 606 illo
1266 568 1432 617 studio,
1471 580 1519 608 ut
1547 574 1717 609 valetu-

256 629 361 671 dini
384 627 684 670 detrimentum
718 626 817 666 inde
852 635 1050 678 capturae
1084 627 1335 665 consuleret.
1378 625 1544 668 SOLAN.
1613 627 1717 666 Non

256 684 370 736 cepit
391 683 495 723 haec
519 681 642 722 verba
664 683 871 735 interpres
893 682 1032 735 prior,
1065 691 1251 730 venem,
1286 681 1383 721 adeo
1405 693 1446 720 ut
1469 685 1594 721 somni
1612 699 1718 736 quo-

254 758 325 795 que
344 741 599 792 parcissimus
619 739 716 777 mihi
738 742 842 778 visus
860 741 939 788 sis‚·
971 752 1063 775 cum
1084 736 1328 790 significent
1343 771 1353 788 ‚
1393 755 1439 776 ne
1454 755 1524 791 per
1541 754 1717 777 somnum

253 796 408 851 quidem
426 811 596 848 unquam
614 795 811 835 relaxasti
828 806 862 833 ie
881 795 931 832 ab
956 793 1089 833 labor-c
1104 811 1116 833 .·
1146 793 1287 831 fraudi
1312 794 1375 832 illi
1398 795 1483 832 fuit
1506 791 1604 848 ὄναρ
1624 794 1717 832 sine

257 851 601 903 praepositione,
634 851 815 905 ideoque
848 865 1012 889 sensum
1037 864 1121 888 non
1149 849 1396 900 inveniens,
1437 867 1611 890 somnum
1644 850 1721 889 sibi

251 907 472 961 indulgere,
506 907 741 960 significari
766 906 969 954 credidit3
1003 905 1073 946 sed
1097 903 1194 959 ὄναρ
1216 906 1324 945 idem
1348 921 1459 956 esse,
1494 906 1609 958 quod
1633 902 1718 947 κατ’

252 965 372 1017 ὄναρ,
405 965 500 1017 quis
522 965 683 1002 Graece
703 964 839 1002 sciens
875 964 1071 1016 ignorare
1106 962 1280 1014 potest?
1321 963 1463 1002 Noster
1494 962 1546 1001 de
1578 964 1715 1002 Merc-

251 1020 380 1060 cond.
403 1034 439 1061 e.
465 1024 530 1062 17.
555 1030 597 1059 et
622 1019 772 1061 Pseud.
800 1034 832 1057 c.
857 1023 926 1063 49.
963 1016 1016 1067 ὥς
1045 1016 1143 1070 ὄναρ
1168 1017 1276 1071 παρὰ
1294 1024 1365 1060 τοῦ
1393 1023 1496 1060 θεοῦ
1527 1015 1714 1060 οἷκούων·

250 1078 360 1115 Tim·
391 1091 426 1115 C·
447 1081 514 1119 20.
538 1076 568 1116 f.
591 1074 651 1118 ὅτι
672 1074 726 1130 μὴ
762 1073 860 1129 ὅναρ
880 1079 1151 1115 πλουτοῦσιν·
1183 1085 1225 1113 et
1242 1075 1333 1116 ΑΕΖ.
1356 1076 1405 1113 V.
1431 1076 1488 1115 H.
1510 1075 1622 1124 XII,
1646 1080 1716 1118 63.

249 1132 348 1181 ὄναρ
372 1130 473 1187 αὐτῇ
493 1133 721 1186 συνεγένετο
750 1154 804 1162 —-
831 1148 901 1186 per
920 1133 1112 1169 somnium
1134 1146 1221 1168 cum
1241 1130 1314 1169 illa
1342 1148 1417 1169 rem
1435 1131 1583 1170 habuit.
1617 1133 1715 1170 Plu-

249 1204 292 1227 xa
320 1189 404 1230 Bos
434 1188 485 1228 de
512 1188 652 1241 ellipsi
684 1203 726 1241 p.
747 1193 844 1232 301.
886 1187 985 1227 Alia
1012 1185 1245 1241 Lexicogr.
1277 1186 1376 1226 ideo
1409 1190 1533 1241 plura
1563 1185 1717 1227 addere

249 1259 337 1284 non
364 1245 444 1286 erit
463 1257 629 1297 operae.
661 1245 825 1288 RmTz.

360 1311 463 1353 Ead.
483 1314 511 1353 1.
533 1316 572 1357 4.
610 1308 752 1360 Οὕτως
777 1310 898 1363 ὅλος)
939 1311 1176 1366 Dialogus,
1215 1324 1337 1364 quem
1369 1309 1574 1350 Lucianus
1603 1310 1718 1349 Her-

248 1368 498 1417 motimum,
543 1368 634 1408 sive
666 1367 717 1409 de
747 1369 904 1418 Sectis,
945 1368 1187 1421 inscripsit,
1231 1376 1291 1406 est
1324 1365 1437 1404 haud
1469 1365 1597 1406 dubie
1626 1379 1716 1404 non

246 1423 376 1464 modo
400 1424 840 1476 circumspectissimi,
871 1440 1016 1465 verum
1035 1425 1161 1464 etiam
1184 1423 1414 1462 acutissimi
1436 1422 1601 1476 ingenii
1624 1422 1715 1460 foe-

246 1493 339 1519 tus:
373 1494 626 1532 quamquam
653 1495 739 1519 non
765 1481 944 1535 ignoro,
976 1495 1101 1534 quam
1136 1493 1307 1531 prorsus
1339 1493 1523 1517 seorsum
1552 1477 1717 1530 judicet

246 1537 291 1575 P.
316 1536 464 1577 Petiius
480 1537 556 1577 IV.
576 1537 818 1576 Miscellan.
845 1537 1021 1576 Observ.
1053 1551 1087 1574 c.
1116 1541 1152 1580 1.
1188 1537 1244 1573 At
1264 1534 1368 1573 haec
1391 1533 1639 1585 disquisitio
1661 1532 1713 1571 ab

249 1593 449 1633 instituto
480 1601 626 1630 nostro
658 1601 722 1632 est
751 1593 903 1633 aliena.
964 1593 1015 1632 In
1048 1592 1132 1630 hoc
1160 1590 1308 1631 libello
1341 1604 1435 1628 cum
1466 1589 1715 1629 Hermotimo

250 1647 419 1688 Stoicae
460 1647 716 1700 disciplinae
747 1658 955 1688 sectatore
993 1663 1078 1689 rem
1112 1663 1154 1687 se
1187 1646 1342 1685 habere
1385 1646 1511 1700 fingit
1540 1655 1713 1692 auctor,

250 1717 429 1757 cumque
451 1718 501 1744 eo
525 1718 652 1756 quum
674 1703 723 1743 de
753 1705 882 1743 variis
903 1705 1028 1744 sectis
1043 1735 1054 1752 ,
1089 1714 1178 1743 tum
1200 1702 1251 1741 de
1284 1700 1534 1741 difficultate
1556 1710 1599 1741 et
1627 1702 1717 1740 fere

250 1756 464 1816 ῑῖδυνάτςο,
499 1770 612 1798 certo
641 1760 893 1800 inveniendi
925 1760 1169 1799 verissimae
1195 1757 1493 1810 philosophiae
1523 1756 1716 1809 discipli-

250 1831 345 1855 nam
370 1817 595 1869 optimam,
630 1815 831 1868 disputat,
892 1816 1040 1869 Itaque
1075 1816 1149 1854 ubi
1168 1816 1351 1855 Lucieno
1372 1814 1585 1866 professus
1606 1821 1718 1853 esset

250 1873 545 1918 Hermotimus,
590 1887 633 1911 se
667 1872 940 1925 pilosophiae
976 1872 1162 1911 animum
1193 1886 1316 1909 suum
1345 1869 1603 1922 applicuisse
1631 1872 1714 1920 jam

251 1927 432 1976 dudum,
483 1942 734 1983 omnemque
771 1930 810 1967 ei
846 1928 1098 1981 disciplinae
1129 1927 1261 1966 vitam
1294 1939 1421 1978 porro
1453 1924 1715 1973 dicaturum,

249 1994 297 2022 ut
329 1983 496 2023 tandem
531 1984 738 2023 bonorum
771 1999 823 2024 ex
854 2000 901 2024 ea
931 1983 1236 2039 profluentium
1259 1994 1430 2034 compos
1461 1980 1601 2032 fieret3
1642 1994 1716 2019 re*

249 2039 432 2094 spondet
453 2040 698 2090 Lucienus,
729 2041 811 2080 sibi
830 2041 952 2086 satis,
988 2055 1041 2079 ex
1062 2038 1226 2087 multis,
1262 2051 1367 2090 quae
1391 2035 1551 2086 adfert,
1584 2051 1716 2090 argu-

248 2096 405 2135 mentis
427 2110 670 2148 persuasum
691 2111 801 2146 esse,
836 2111 930 2135 eum
954 2097 1063 2136 serio
1087 2093 1391 2149 philosophiae
1416 2108 1436 2131 a
1460 2096 1593 2133 multo
1614 2102 1714 2130 tem-

251 2167 351 2203 pore
379 2153 511 2191 fuisse
535 2151 741 2194 deditum.
801 2159 946 2202 Λοκεῑς
974 2154 1015 2194 δέ
1034 2168 1122 2205 μοι,
1164 2151 1326 2204 pergit,
1368 2145 1456 2191 ἄλλ’
1492 2145 1587 2191 ου’ὄὲ
1612 2148 1712 2201 ὄναρ

249 2209 341 2249 ποτὲ
364 2204 518 2251 ἀνιέναι
541 2207 729 2257 σεαυτὸν,
774 2207 901 2259 οὕτως
921 2208 1019 2256 ὅλως
1039 2207 1140 2249 εἶναι
1159 2209 1199 2248 ἐν
1218 2212 1273 2263 τῷ
1295 2205 1505 2259 πράγματι,
1565 2205 1713 2244 Posset

250 2266 341 2318 quis
366 2265 595 2317 suspicari,
628 2265 850 2304 Luc-ianam.
870 2266 1087 2317 scripsisse
1112 2262 1217 2311 ὅλος.
1284 2262 1422 2309 Οὕτως
1441 2259 1533 2309 ὅλος
1549 2259 1652 2304 εἶναι
1670 2261 1712 2301 ἐν

250 2326 303 2372 τῷ
321 2321 539 2376 πράγματι,
570 2321 667 2360 adeo
691 2332 793 2361 totus
814 2324 855 2361 ιή
877 2325 1026 2376 negotio
1050 2338 1147 2369 esse,
1180 2319 1344 2358 scilicet
1368 2318 1522 2358 videris.
1587 2317 1708 2371 Ut..i¹¹

253 2379 380 2415 Deos.
407 2377 635 2420 DiaLXH.
664 2378 839 2417 Veneris
859 2389 899 2416 et
921 2377 1077 2431 cupid,
1104 2377 1173 2414 fin.
1197 2375 1354 2415 dicitur
1372 2375 1492 2413 Rhea
1516 2370 1586 2424 ὅλη
1610 2372 1712 2413 οὐσα

251 2435 291 2472 ἓν
314 2432 515 2491 τῷἌττῃ,
547 2443 588 2472 et
611 2433 808 2474 similiter
837 2434 952 2476 alibi.
1015 2432 1093 2473 Sed
1116 2433 1217 2471 satis
1250 2430 1426 2483 probum
1463 2437 1525 2468 est
1557 2430 1712 2481 vulga-

253 2500 363 2529 tuin:
397 2491 455 2528 sic
486 2491 536 2527 de
561 2490 796 2530 Saltatione
822 2505 855 2531 c.
875 2498 912 2535 3.
947 2488 1008 2533 Σύ
1037 2490 1097 2538 δὲ,
1138 2490 1206 2530 καὶ
1231 2484 1287 2529 δι’
1321 2483 1545 2537 ὀφθαλμῶν
1576 2484 1709 2532 ἔοικας

252 2543 350 2591 ὅλως
373 2549 666 2596 δεδουλῶσθαι,
703 2548 763 2586 Tu
779 2562 865 2586 vero
888 2559 992 2588 totus
1024 2556 1190 2600 quantus
1212 2561 1268 2593 es,
1300 2542 1441 2581 videris
1471 2543 1510 2578 in
1539 2543 1709 2579 servitu—-

251 2612 323 2638 iem.
345 2601 535 2642 redactus.
597 2603 668 2642 Sic
699 2603 743 2640 iu
767 2603 901 2642 Deor.
925 2603 1041 2642 Dial.
1062 2601 1180 2640 xlx.
1202 2601 1230 2637 f.
1265 2600 1407 2636 Diana
1431 2596 1588 2634 dicitur
1608 2594 1710 2644 ὅλως

251 2654 350 2707 πρὸς
371 2661 417 2711 τῇ
434 2657 547 2713 θήρᾳ
578 2657 701 2707 εἶναι,
737 2659 795 2699 nil
825 2662 899 2699 nisi
918 2670 1094 2699 venarum
1114 2672 1272 2703 curat-c,-
1302 2669 1343 2690 se
1373 2663 1501 2690 totam
1531 2653 1705 2690 venatui

254 2712 489 2753 maiam-0„
524 2713 759 2753 1bid.i)201
799 2716 893 2756 xx.
917 2715 954 2771 g.
983 2718 1044 2761 15.
1080 2715 1156 2756 Καὶ
1180 2708 1200 2754 ὁ
1222 2708 1450 2764 aestates,
1484 2707 1584 2758 ὅλως
1608 2725 1704 2761 παρ·
