<?xml version="1.0" encoding="UTF-8"?>
<!DOCTYPE html PUBLIC "-//W3C//DTD XHTML 1.0 Transitional//EN"
    "http://www.w3.org/TR/xhtml1/DTD/xhtml1-transitional.dtd">
<html xmlns="http://www.w3.org/1999/xhtml" xml:lang="en" lang="en">
 <head>
  <title>
</title>
<meta http-equiv="Content-Type" content="text/html;charset=utf-8" />
  <meta name='ocr-system' content='tesseract 3.04.00' />
  <meta name='ocr-capabilities' content='ocr_page ocr_carea ocr_par ocr_line ocrx_word'/>
</head>
<body>
  <div class='ocr_page' id='page_1' title='image "./operagraecaetlat04luciuoft_0592.png"; bbox 0 0 1834 3188; ppageno 0'>
   <div class='ocr_carea' id='block_1_1' title="bbox 266 213 1372 260">
    <p class='ocr_par' dir='ltr' id='par_1_1' title="bbox 266 213 1372 260">
     <span class='ocr_line' id='line_1_1' title="bbox 266 213 1372 260; baseline -0.007 -1"><span class='ocrx_word' id='word_1_1' title='bbox 266 213 365 260; x_wconf 84' lang='lat'>546</span> <span class='ocrx_word' id='word_1_2' title='bbox 616 221 1372 254; x_wconf 53' lang='lat' dir='ltr'>anso‘rnr1onlzs</span> 
     </span>
    </p>
   </div>
   <div class='ocr_carea' id='block_1_2' title="bbox 266 317 1729 2741">
    <p class='ocr_par' dir='ltr' id='par_1_2' title="bbox 267 317 1728 1168">
     <span class='ocr_line' id='line_1_2' title="bbox 267 317 1717 376; baseline -0.001 -14"><span class='ocrx_word' id='word_1_3' title='bbox 267 337 345 362; x_wconf 79' lang='lat' dir='ltr'>nec</span> <span class='ocrx_word' id='word_1_4' title='bbox 394 320 769 376; x_wconf 86' lang='lat' dir='ltr'>praetereundum,</span> <span class='ocrx_word' id='word_1_5' title='bbox 828 333 905 359; x_wconf 86' lang='lat' dir='ltr'>nec</span> <span class='ocrx_word' id='word_1_6' title='bbox 951 317 1229 372; x_wconf 83' lang='lat' dir='ltr'>rejiciendum</span> <span class='ocrx_word' id='word_1_7' title='bbox 1277 319 1488 361; x_wconf 76' lang='lat' dir='ltr'>existimo.</span> <span class='ocrx_word' id='word_1_8' title='bbox 1542 321 1717 363; x_wconf 60' lang='lat' dir='ltr'>Gnmav.</span> 
     </span>
     <span class='ocr_line' id='line_1_3' title="bbox 267 375 1721 432; baseline 0 -16"><span class='ocrx_word' id='word_1_9' title='bbox 267 386 514 432; x_wconf 64' lang='grc' dir='ltr'>Διαιρεῖυ</span> <span class='ocrx_word' id='word_1_10' title='bbox 545 382 620 427; x_wconf 77' lang='grc' dir='ltr'><em>εἰς</em></span> <span class='ocrx_word' id='word_1_11' title='bbox 650 376 739 419; x_wconf 80' lang='grc' dir='ltr'>δύο</span> <span class='ocrx_word' id='word_1_12' title='bbox 771 385 974 416; x_wconf 87' lang='lat' dir='ltr'>contextu</span> <span class='ocrx_word' id='word_1_13' title='bbox 995 375 1173 415; x_wconf 83' lang='lat' dir='ltr'>docente</span> <span class='ocrx_word' id='word_1_14' title='bbox 1193 375 1235 417; x_wconf 91' lang='lat' dir='ltr'>h.</span> <span class='ocrx_word' id='word_1_15' title='bbox 1255 378 1283 415; x_wconf 87' lang='lat' dir='ltr'>l.</span> <span class='ocrx_word' id='word_1_16' title='bbox 1307 376 1546 430; x_wconf 77' lang='lat' dir='ltr'>significat:</span> <span class='ocrx_word' id='word_1_17' title='bbox 1580 377 1721 431; x_wconf 84' lang='lat' dir='ltr'>dupli·</span> 
     </span>
     <span class='ocr_line' id='line_1_4' title="bbox 269 432 1722 487; baseline -0.003 -10"><span class='ocrx_word' id='word_1_18' title='bbox 269 452 356 477; x_wconf 89' lang='lat' dir='ltr'>cem</span> <span class='ocrx_word' id='word_1_19' title='bbox 383 436 588 474; x_wconf 79' lang='lat' dir='ltr'>historiae</span> <span class='ocrx_word' id='word_1_20' title='bbox 623 434 746 473; x_wconf 84' lang='lat' dir='ltr'>finem</span> <span class='ocrx_word' id='word_1_21' title='bbox 779 446 1029 487; x_wconf 87' lang='lat' dir='ltr'><strong>proponere.</strong></span> <span class='ocrx_word' id='word_1_22' title='bbox 1087 432 1244 471; x_wconf 87' lang='lat' dir='ltr'>Monet</span> <span class='ocrx_word' id='word_1_23' title='bbox 1273 442 1411 471; x_wconf 86' lang='lat' dir='ltr'>autem</span> <span class='ocrx_word' id='word_1_24' title='bbox 1440 432 1523 472; x_wconf 87' lang='lat' dir='ltr'>hoc</span> <span class='ocrx_word' id='word_1_25' title='bbox 1551 444 1722 484; x_wconf 84' lang='lat' dir='ltr'>auctor,</span> 
     </span>
     <span class='ocr_line' id='line_1_5' title="bbox 269 488 1725 547; baseline -0.001 -16"><span class='ocrx_word' id='word_1_26' title='bbox 269 494 391 547; x_wconf 80' lang='lat' dir='ltr'>quia,</span> <span class='ocrx_word' id='word_1_27' title='bbox 424 491 603 530; x_wconf 85' lang='lat' dir='ltr'>admissa</span> <span class='ocrx_word' id='word_1_28' title='bbox 637 491 716 528; x_wconf 83' lang='lat' dir='ltr'>ista</span> <span class='ocrx_word' id='word_1_29' title='bbox 742 488 981 533; x_wconf 64' lang='lat' dir='ltr'>divisione,v</span> <span class='ocrx_word' id='word_1_30' title='bbox 1018 488 1090 527; x_wconf 89' lang='lat' dir='ltr'>isti</span> <span class='ocrx_word' id='word_1_31' title='bbox 1122 490 1346 542; x_wconf 79' lang='lat' dir='ltr'>scriptores</span> <span class='ocrx_word' id='word_1_32' title='bbox 1377 489 1539 543; x_wconf 86' lang='lat' dir='ltr'>aliquid</span> <span class='ocrx_word' id='word_1_33' title='bbox 1569 489 1725 529; x_wconf 85' lang='lat' dir='ltr'>habere</span> 
     </span>
     <span class='ocr_line' id='line_1_6' title="bbox 270 545 1728 599; baseline -0.004 -11"><span class='ocrx_word' id='word_1_34' title='bbox 270 549 523 588; x_wconf 84' lang='lat' dir='ltr'>videbantur</span> <span class='ocrx_word' id='word_1_35' title='bbox 552 545 854 587; x_wconf 76' lang='lat' dir='ltr'>excusationis.</span> <span class='ocrx_word' id='word_1_36' title='bbox 916 545 1111 585; x_wconf 80' lang='lat' dir='ltr'>Ceterum</span> <span class='ocrx_word' id='word_1_37' title='bbox 1138 559 1222 583; x_wconf 88' lang='lat' dir='ltr'>non</span> <span class='ocrx_word' id='word_1_38' title='bbox 1250 560 1442 599; x_wconf 78' lang='lat' dir='ltr'>possum&gt;</span> <span class='ocrx_word' id='word_1_39' title='bbox 1487 547 1589 599; x_wconf 86' lang='lat' dir='ltr'>quin</span> <span class='ocrx_word' id='word_1_40' title='bbox 1617 546 1728 599; x_wconf 84' lang='lat' dir='ltr'>adji-</span> 
     </span>
     <span class='ocr_line' id='line_1_7' title="bbox 270 601 1720 657; baseline -0.001 -13"><span class='ocrx_word' id='word_1_41' title='bbox 270 607 374 645; x_wconf 79' lang='lat' dir='ltr'>ciam</span> <span class='ocrx_word' id='word_1_42' title='bbox 395 605 551 657; x_wconf 75' lang='lat' dir='ltr'>Josephi</span> <span class='ocrx_word' id='word_1_43' title='bbox 567 608 719 650; x_wconf 86' lang='lat' dir='ltr'>locum,</span> <span class='ocrx_word' id='word_1_44' title='bbox 751 601 802 641; x_wconf 89' lang='lat' dir='ltr'>de</span> <span class='ocrx_word' id='word_1_45' title='bbox 818 601 1071 651; x_wconf 84' lang='lat' dir='ltr'>rationibus,</span> <span class='ocrx_word' id='word_1_46' title='bbox 1107 601 1258 655; x_wconf 78' lang='lat' dir='ltr'>quibus</span> <span class='ocrx_word' id='word_1_47' title='bbox 1283 602 1404 640; x_wconf 88' lang='lat' dir='ltr'>multi</span> <span class='ocrx_word' id='word_1_48' title='bbox 1425 602 1475 640; x_wconf 88' lang='lat' dir='ltr'>ad</span> <span class='ocrx_word' id='word_1_49' title='bbox 1498 603 1720 642; x_wconf 87' lang='lat' dir='ltr'>historiam</span> 
     </span>
     <span class='ocr_line' id='line_1_8' title="bbox 270 658 1722 715; baseline 0.001 -16"><span class='ocrx_word' id='word_1_50' title='bbox 270 660 530 700; x_wconf 83' lang='lat' dir='ltr'>scribendam</span> <span class='ocrx_word' id='word_1_51' title='bbox 552 659 827 700; x_wconf 87' lang='lat' dir='ltr'>adducantur.</span> <span class='ocrx_word' id='word_1_52' title='bbox 888 659 1063 713; x_wconf 87' lang='lat' dir='ltr'>Antiqu.</span> <span class='ocrx_word' id='word_1_53' title='bbox 1090 659 1122 696; x_wconf 90' lang='lat' dir='ltr'>I.</span> <span class='ocrx_word' id='word_1_54' title='bbox 1149 658 1199 696; x_wconf 92' lang='lat' dir='ltr'>ab</span> <span class='ocrx_word' id='word_1_55' title='bbox 1226 658 1372 698; x_wconf 78' lang='lat' dir='ltr'>initio:</span> <span class='ocrx_word' id='word_1_56' title='bbox 1411 659 1519 708; x_wconf 77' lang='grc' dir='ltr'><em>Τινὲς</em></span> <span class='ocrx_word' id='word_1_57' title='bbox 1546 660 1615 712; x_wconf 77' lang='grc' dir='ltr'>μὲν</span> <span class='ocrx_word' id='word_1_58' title='bbox 1645 658 1722 715; x_wconf 68' lang='grc' dir='ltr'>γάρ</span> 
     </span>
     <span class='ocr_line' id='line_1_9' title="bbox 268 710 1725 770; baseline -0.001 -11"><span class='ocrx_word' id='word_1_59' title='bbox 268 715 577 769; x_wconf 79' lang='grc' dir='ltr'><em>ἐπιδεικνύμενοι</em></span> <span class='ocrx_word' id='word_1_60' title='bbox 607 716 736 770; x_wconf 88' lang='grc' dir='ltr'><em>λόγων</em></span> <span class='ocrx_word' id='word_1_61' title='bbox 766 713 993 769; x_wconf 81' lang='grc' dir='ltr'><em>δεινότητα,</em></span> <span class='ocrx_word' id='word_1_62' title='bbox 1033 717 1100 757; x_wconf 78' lang='grc' dir='ltr'>καὶ</span> <span class='ocrx_word' id='word_1_63' title='bbox 1130 714 1202 766; x_wconf 80' lang='grc' dir='ltr'>τὴν</span> <span class='ocrx_word' id='word_1_64' title='bbox 1230 711 1304 757; x_wconf 75' lang='grc' dir='ltr'>ἄπ’</span> <span class='ocrx_word' id='word_1_65' title='bbox 1335 710 1460 768; x_wconf 67' lang='grc' dir='ltr'><em>αὐτῆς</em></span> <span class='ocrx_word' id='word_1_66' title='bbox 1490 713 1725 769; x_wconf 82' lang='grc' dir='ltr'><em>θηρώμενοι</em></span> 
     </span>
     <span class='ocr_line' id='line_1_10' title="bbox 270 769 1724 828; baseline 0 -14"><span class='ocrx_word' id='word_1_67' title='bbox 270 773 412 823; x_wconf 76' lang='grc' dir='ltr'><em>δόξαν,</em></span> <span class='ocrx_word' id='word_1_68' title='bbox 444 774 509 814; x_wconf 83' lang='grc' dir='ltr'>ἐπὶ</span> <span class='ocrx_word' id='word_1_69' title='bbox 525 777 640 814; x_wconf 80' lang='grc' dir='ltr'><em>τοῦτο</em></span> <span class='ocrx_word' id='word_1_70' title='bbox 660 777 731 825; x_wconf 79' lang='grc' dir='ltr'><em>τῆς</em></span> <span class='ocrx_word' id='word_1_71' title='bbox 750 775 931 828; x_wconf 74' lang='grc' dir='ltr'><em>παιδείας</em></span> <span class='ocrx_word' id='word_1_72' title='bbox 947 770 990 813; x_wconf 79' lang='grc' dir='ltr'><em>τὸ</em></span> <span class='ocrx_word' id='word_1_73' title='bbox 1013 773 1129 826; x_wconf 82' lang='grc' dir='ltr'><em>μέρος</em></span> <span class='ocrx_word' id='word_1_74' title='bbox 1158 769 1332 825; x_wconf 78' lang='grc' dir='ltr'><em>ὁρμῶσιν</em></span> <span class='ocrx_word' id='word_1_75' title='bbox 1348 785 1357 794; x_wconf 87' lang='grc'><em>·</em></span> <span class='ocrx_word' id='word_1_76' title='bbox 1400 770 1509 814; x_wconf 68' lang='grc' dir='ltr'><em>ἄλλοι</em></span> <span class='ocrx_word' id='word_1_77' title='bbox 1537 773 1578 815; x_wconf 82' lang='grc' dir='ltr'>δὲ</span> <span class='ocrx_word' id='word_1_78' title='bbox 1606 770 1724 827; x_wconf 75' lang='grc' dir='ltr'><em>χάριν</em></span> 
     </span>
     <span class='ocr_line' id='line_1_11' title="bbox 272 825 1724 883; baseline -0.001 -11"><span class='ocrx_word' id='word_1_79' title='bbox 272 833 438 878; x_wconf 64' lang='grc' dir='ltr'><em>ἐκείνοις</em></span> <span class='ocrx_word' id='word_1_80' title='bbox 458 831 666 882; x_wconf 81' lang='grc' dir='ltr'><em>φέροντες,</em></span> <span class='ocrx_word' id='word_1_81' title='bbox 696 830 785 882; x_wconf 85' lang='grc' dir='ltr'><em>περὶ</em></span> <span class='ocrx_word' id='word_1_82' title='bbox 807 830 863 871; x_wconf 76' lang='grc' dir='ltr'>ὠν</span> <span class='ocrx_word' id='word_1_83' title='bbox 880 827 952 881; x_wconf 80' lang='grc' dir='ltr'>τὴν</span> <span class='ocrx_word' id='word_1_84' title='bbox 972 825 1211 882; x_wconf 76' lang='grc' dir='ltr'><em>ἀναγραφὴν</em></span> <span class='ocrx_word' id='word_1_85' title='bbox 1227 827 1326 870; x_wconf 81' lang='grc' dir='ltr'><em>εἶναι</em></span> <span class='ocrx_word' id='word_1_86' title='bbox 1355 831 1625 883; x_wconf 82' lang='grc' dir='ltr'><em>συμβέβηκεν,</em></span> <span class='ocrx_word' id='word_1_87' title='bbox 1652 830 1724 871; x_wconf 84' lang='grc' dir='ltr'>τὸν</span> 
     </span>
     <span class='ocr_line' id='line_1_12' title="bbox 272 882 1722 941; baseline -0.001 -13"><span class='ocrx_word' id='word_1_88' title='bbox 272 889 328 935; x_wconf 81' lang='grc' dir='ltr'>εἰς</span> <span class='ocrx_word' id='word_1_89' title='bbox 347 883 472 939; x_wconf 77' lang='grc' dir='ltr'><em>αὐτὴν</em></span> <span class='ocrx_word' id='word_1_90' title='bbox 490 884 618 927; x_wconf 89' lang='grc' dir='ltr'><em>πόνον</em></span> <span class='ocrx_word' id='word_1_91' title='bbox 639 887 705 927; x_wconf 85' lang='grc' dir='ltr'>καὶ</span> <span class='ocrx_word' id='word_1_92' title='bbox 721 882 820 941; x_wconf 71' lang='grc' dir='ltr'><em>ὑπὲρ</em></span> <span class='ocrx_word' id='word_1_93' title='bbox 845 883 1013 939; x_wconf 84' lang='grc' dir='ltr'><em>δύναμιν</em></span> <span class='ocrx_word' id='word_1_94' title='bbox 1033 884 1272 937; x_wconf 77' lang='grc' dir='ltr'><em>ὖπέστησαν.</em></span> <span class='ocrx_word' id='word_1_95' title='bbox 1304 887 1377 927; x_wconf 86' lang='grc' dir='ltr'><em>εἰσὶ</em></span> <span class='ocrx_word' id='word_1_96' title='bbox 1397 883 1435 928; x_wconf 86' lang='grc' dir='ltr'>δ’</span> <span class='ocrx_word' id='word_1_97' title='bbox 1457 888 1598 935; x_wconf 76' lang='grc' dir='ltr'><em>οἵτινες</em></span> <span class='ocrx_word' id='word_1_98' title='bbox 1616 885 1722 940; x_wconf 74' lang='grc' dir='ltr'><em>ἐβιά-</em></span> 
     </span>
     <span class='ocr_line' id='line_1_13' title="bbox 274 938 1726 997; baseline -0.001 -11"><span class='ocrx_word' id='word_1_99' title='bbox 274 951 431 996; x_wconf 78' lang='grc' dir='ltr'><em>σθησαν</em></span> <span class='ocrx_word' id='word_1_100' title='bbox 446 938 519 984; x_wconf 73' lang='grc' dir='ltr'>ὑπ’</span> <span class='ocrx_word' id='word_1_101' title='bbox 543 940 668 995; x_wconf 74' lang='grc' dir='ltr'><em>αὐτῆς</em></span> <span class='ocrx_word' id='word_1_102' title='bbox 685 946 758 994; x_wconf 80' lang='grc' dir='ltr'><em>τῆς</em></span> <span class='ocrx_word' id='word_1_103' title='bbox 776 948 854 984; x_wconf 78' lang='grc' dir='ltr'>τῶν</span> <span class='ocrx_word' id='word_1_104' title='bbox 873 941 1113 995; x_wconf 77' lang='grc' dir='ltr'><em>πραγμάτων</em></span> <span class='ocrx_word' id='word_1_105' title='bbox 1133 938 1328 997; x_wconf 76' lang='grc' dir='ltr'><em>οἷνάγκης,</em></span> <span class='ocrx_word' id='word_1_106' title='bbox 1362 940 1423 990; x_wconf 80' lang='grc' dir='ltr'>οἷς</span> <span class='ocrx_word' id='word_1_107' title='bbox 1440 945 1726 997; x_wconf 81' lang='grc' dir='ltr'><em>πραττομένοις</em></span> 
     </span>
     <span class='ocr_line' id='line_1_14' title="bbox 270 997 1723 1055; baseline 0 -14"><span class='ocrx_word' id='word_1_108' title='bbox 270 1000 514 1053; x_wconf 81' lang='grc' dir='ltr'><em>παρέτυχον,</em></span> <span class='ocrx_word' id='word_1_109' title='bbox 546 1004 668 1040; x_wconf 82' lang='grc' dir='ltr'><em>ταῦτα</em></span> <span class='ocrx_word' id='word_1_110' title='bbox 685 1004 823 1055; x_wconf 82' lang='grc' dir='ltr'><em>γραφῇ</em></span> <span class='ocrx_word' id='word_1_111' title='bbox 841 997 1014 1054; x_wconf 76' lang='grc' dir='ltr'><em>δηλούσῃ</em></span> <span class='ocrx_word' id='word_1_112' title='bbox 1031 1002 1269 1053; x_wconf 80' lang='grc' dir='ltr'><em>περιλαβεῖν.</em></span> <span class='ocrx_word' id='word_1_113' title='bbox 1300 998 1470 1048; x_wconf 74' lang='grc' dir='ltr'><em>πολλοὺς</em></span> <span class='ocrx_word' id='word_1_114' title='bbox 1492 999 1613 1042; x_wconf 78' lang='grc' dir='ltr'><em>δὲκαὶ</em></span> <span class='ocrx_word' id='word_1_115' title='bbox 1630 1018 1723 1054; x_wconf 78' lang='grc' dir='ltr'><em>χρη·</em></span> 
     </span>
     <span class='ocr_line' id='line_1_15' title="bbox 272 1051 1726 1112; baseline 0.001 -15"><span class='ocrx_word' id='word_1_116' title='bbox 272 1059 399 1110; x_wconf 86' lang='grc' dir='ltr'><em>σίμων</em></span> <span class='ocrx_word' id='word_1_117' title='bbox 421 1056 587 1110; x_wconf 78' lang='grc' dir='ltr'><em>μέγεθος</em></span> <span class='ocrx_word' id='word_1_118' title='bbox 609 1053 873 1109; x_wconf 81' lang='grc' dir='ltr'><em>πραγμάτων,</em></span> <span class='ocrx_word' id='word_1_119' title='bbox 907 1057 948 1097; x_wconf 80' lang='grc' dir='ltr'>ἐν</span> <span class='ocrx_word' id='word_1_120' title='bbox 971 1051 1113 1112; x_wconf 71' lang='grc' dir='ltr'><em>ἆγνοὶᾳ</em></span> <span class='ocrx_word' id='word_1_121' title='bbox 1132 1057 1323 1108; x_wconf 82' lang='grc' dir='ltr'><em>κειμένων</em></span> <span class='ocrx_word' id='word_1_122' title='bbox 1345 1054 1618 1110; x_wconf 72' lang='grc' dir='ltr'><em>προῦτρεψεν,</em></span> <span class='ocrx_word' id='word_1_123' title='bbox 1650 1055 1726 1111; x_wconf 76' lang='grc' dir='ltr'>τὴν</span> 
     </span>
     <span class='ocr_line' id='line_1_16' title="bbox 271 1110 1544 1168; baseline -0.003 -13"><span class='ocrx_word' id='word_1_124' title='bbox 271 1114 363 1168; x_wconf 89' lang='grc' dir='ltr'><em>περὶ</em></span> <span class='ocrx_word' id='word_1_125' title='bbox 382 1110 512 1153; x_wconf 78' lang='grc' dir='ltr'><em>αὐτῶν</em></span> <span class='ocrx_word' id='word_1_126' title='bbox 534 1115 710 1162; x_wconf 82' lang='grc' dir='ltr'><em>ἱστορίαν</em></span> <span class='ocrx_word' id='word_1_127' title='bbox 730 1114 784 1160; x_wconf 84' lang='grc' dir='ltr'>εἰς</span> <span class='ocrx_word' id='word_1_128' title='bbox 800 1111 941 1164; x_wconf 82' lang='grc' dir='ltr'><em>κοινὴν</em></span> <span class='ocrx_word' id='word_1_129' title='bbox 962 1110 1154 1162; x_wconf 80' lang='grc' dir='ltr'><em>ὠφέλειαν</em></span> <span class='ocrx_word' id='word_1_130' title='bbox 1168 1114 1390 1166; x_wconf 77' lang='grc' dir='ltr'><em>ἐξενεγκεῖν.</em></span> <span class='ocrx_word' id='word_1_131' title='bbox 1423 1114 1544 1151; x_wconf 76' lang='lat' dir='ltr'>Run.</span> 
     </span>
    </p>

    <p class='ocr_par' dir='ltr' id='par_1_3' title="bbox 269 1166 1729 1491">
     <span class='ocr_line' id='line_1_17' title="bbox 383 1166 1724 1223; baseline 0.001 -16"><span class='ocrx_word' id='word_1_132' title='bbox 383 1167 483 1207; x_wconf 79' lang='lat' dir='ltr'>Ead.</span> <span class='ocrx_word' id='word_1_133' title='bbox 507 1171 534 1206; x_wconf 92' lang='lat' dir='ltr'>l.</span> <span class='ocrx_word' id='word_1_134' title='bbox 556 1173 593 1211; x_wconf 85' lang='grc'>7.</span> <span class='ocrx_word' id='word_1_135' title='bbox 615 1166 708 1209; x_wconf 79' lang='grc' dir='ltr'><em>“Εν</em></span> <span class='ocrx_word' id='word_1_136' title='bbox 735 1167 825 1222; x_wconf 72' lang='grc' dir='ltr'>γὰρ</span> <span class='ocrx_word' id='word_1_137' title='bbox 858 1169 1034 1223; x_wconf 74' lang='grc' dir='ltr'><em>ἔργον]</em></span> <span class='ocrx_word' id='word_1_138' title='bbox 1072 1169 1218 1206; x_wconf 84' lang='lat' dir='ltr'>Posuit</span> <span class='ocrx_word' id='word_1_139' title='bbox 1239 1168 1322 1207; x_wconf 92' lang='lat' dir='ltr'>hoc</span> <span class='ocrx_word' id='word_1_140' title='bbox 1347 1179 1496 1208; x_wconf 85' lang='lat' dir='ltr'>auctor</span> <span class='ocrx_word' id='word_1_141' title='bbox 1513 1169 1607 1208; x_wconf 90' lang='lat' dir='ltr'>sine</span> <span class='ocrx_word' id='word_1_142' title='bbox 1627 1185 1724 1223; x_wconf 88' lang='lat' dir='ltr'>pro-</span> 
     </span>
     <span class='ocr_line' id='line_1_18' title="bbox 272 1223 1726 1278; baseline 0.001 -14"><span class='ocrx_word' id='word_1_143' title='bbox 272 1224 445 1264; x_wconf 85' lang='lat' dir='ltr'>batione</span> <span class='ocrx_word' id='word_1_144' title='bbox 469 1233 511 1263; x_wconf 88' lang='lat' dir='ltr'>et</span> <span class='ocrx_word' id='word_1_145' title='bbox 537 1223 911 1265; x_wconf 82' lang='lat' dir='ltr'>demonstratione.</span> <span class='ocrx_word' id='word_1_146' title='bbox 971 1224 1185 1264; x_wconf 84' lang='lat' dir='ltr'>Afferebat</span> <span class='ocrx_word' id='word_1_147' title='bbox 1217 1224 1261 1262; x_wconf 91' lang='lat' dir='ltr'>id</span> <span class='ocrx_word' id='word_1_148' title='bbox 1296 1224 1467 1278; x_wconf 87' lang='lat' dir='ltr'>quidem</span> <span class='ocrx_word' id='word_1_149' title='bbox 1497 1225 1619 1264; x_wconf 88' lang='lat' dir='ltr'>notio</span> <span class='ocrx_word' id='word_1_150' title='bbox 1652 1226 1726 1265; x_wconf 89' lang='lat' dir='ltr'>hi-</span> 
     </span>
     <span class='ocr_line' id='line_1_19' title="bbox 270 1279 1725 1335; baseline 0.001 -15"><span class='ocrx_word' id='word_1_151' title='bbox 270 1281 446 1331; x_wconf 88' lang='lat' dir='ltr'>storiae,</span> <span class='ocrx_word' id='word_1_152' title='bbox 489 1295 611 1335; x_wconf 87' lang='lat' dir='ltr'>quam</span> <span class='ocrx_word' id='word_1_153' title='bbox 642 1281 726 1319; x_wconf 87' lang='lat' dir='ltr'>sibi</span> <span class='ocrx_word' id='word_1_154' title='bbox 762 1281 1087 1327; x_wconf 84' lang='lat' dir='ltr'>informaverat;</span> <span class='ocrx_word' id='word_1_155' title='bbox 1133 1279 1206 1319; x_wconf 90' lang='lat' dir='ltr'>sed</span> <span class='ocrx_word' id='word_1_156' title='bbox 1240 1295 1324 1334; x_wconf 90' lang='lat' dir='ltr'>quo</span> <span class='ocrx_word' id='word_1_157' title='bbox 1356 1284 1447 1334; x_wconf 87' lang='lat' dir='ltr'>jure</span> <span class='ocrx_word' id='word_1_158' title='bbox 1476 1280 1521 1320; x_wconf 87' lang='lat' dir='ltr'>id</span> <span class='ocrx_word' id='word_1_159' title='bbox 1550 1282 1725 1334; x_wconf 88' lang='lat' dir='ltr'>fecerit,</span> 
     </span>
     <span class='ocr_line' id='line_1_20' title="bbox 269 1336 1725 1392; baseline 0.003 -17"><span class='ocrx_word' id='word_1_160' title='bbox 269 1337 444 1390; x_wconf 85' lang='lat' dir='ltr'>insuper</span> <span class='ocrx_word' id='word_1_161' title='bbox 459 1336 744 1390; x_wconf 88' lang='lat' dir='ltr'>quaerendum</span> <span class='ocrx_word' id='word_1_162' title='bbox 771 1346 870 1378; x_wconf 87' lang='lat' dir='ltr'>erat.</span> <span class='ocrx_word' id='word_1_163' title='bbox 912 1338 1007 1376; x_wconf 88' lang='lat' dir='ltr'>Hoc</span> <span class='ocrx_word' id='word_1_164' title='bbox 1023 1336 1149 1376; x_wconf 87' lang='lat' dir='ltr'>modo</span> <span class='ocrx_word' id='word_1_165' title='bbox 1172 1347 1282 1377; x_wconf 89' lang='lat' dir='ltr'>certe</span> <span class='ocrx_word' id='word_1_166' title='bbox 1303 1338 1487 1377; x_wconf 88' lang='lat' dir='ltr'>refutare</span> <span class='ocrx_word' id='word_1_167' title='bbox 1519 1352 1606 1378; x_wconf 90' lang='lat' dir='ltr'>non</span> <span class='ocrx_word' id='word_1_168' title='bbox 1629 1350 1725 1392; x_wconf 79' lang='lat' dir='ltr'>pot·</span> 
     </span>
     <span class='ocr_line' id='line_1_21' title="bbox 271 1393 1729 1448; baseline 0.003 -16"><span class='ocrx_word' id='word_1_169' title='bbox 271 1403 360 1432; x_wconf 85' lang='lat' dir='ltr'>erat</span> <span class='ocrx_word' id='word_1_170' title='bbox 399 1393 529 1444; x_wconf 82' lang='lat' dir='ltr'>alios,</span> <span class='ocrx_word' id='word_1_171' title='bbox 584 1394 659 1447; x_wconf 89' lang='lat' dir='ltr'>qui</span> <span class='ocrx_word' id='word_1_172' title='bbox 696 1394 822 1434; x_wconf 87' lang='lat' dir='ltr'>aliam</span> <span class='ocrx_word' id='word_1_173' title='bbox 859 1394 1002 1433; x_wconf 85' lang='lat' dir='ltr'>animo</span> <span class='ocrx_word' id='word_1_174' title='bbox 1042 1393 1263 1434; x_wconf 86' lang='lat' dir='ltr'>notionem</span> <span class='ocrx_word' id='word_1_175' title='bbox 1308 1393 1729 1448; x_wconf 84' lang='lat' dir='ltr'>comprehenderant.</span> 
     </span>
     <span class='ocr_line' id='line_1_22' title="bbox 270 1450 389 1491; baseline -0.008 0"><span class='ocrx_word' id='word_1_176' title='bbox 270 1450 389 1491; x_wconf 77' lang='lat' dir='ltr'>Rvn.</span> 
     </span>
    </p>

    <p class='ocr_par' dir='ltr' id='par_1_4' title="bbox 269 1502 1726 1729">
     <span class='ocr_line' id='line_1_23' title="bbox 382 1502 1725 1564; baseline 0.001 -18"><span class='ocrx_word' id='word_1_177' title='bbox 382 1506 482 1546; x_wconf 72' lang='lat' dir='ltr'>Earl.</span> <span class='ocrx_word' id='word_1_178' title='bbox 505 1509 533 1547; x_wconf 91' lang='lat' dir='ltr'>l.</span> <span class='ocrx_word' id='word_1_179' title='bbox 556 1511 592 1550; x_wconf 85' lang='lat'>9.</span> <span class='ocrx_word' id='word_1_180' title='bbox 624 1502 759 1563; x_wconf 78' lang='grc' dir='ltr'>Λῦτό)</span> <span class='ocrx_word' id='word_1_181' title='bbox 789 1508 950 1547; x_wconf 88' lang='lat' dir='ltr'>Forsan</span> <span class='ocrx_word' id='word_1_182' title='bbox 982 1503 1102 1564; x_wconf 70' lang='grc' dir='ltr'><em>αὐτῷ.</em></span> <span class='ocrx_word' id='word_1_183' title='bbox 1161 1506 1242 1546; x_wconf 91' lang='lat' dir='ltr'>Sed</span> <span class='ocrx_word' id='word_1_184' title='bbox 1265 1507 1377 1547; x_wconf 86' lang='lat' dir='ltr'>nihil</span> <span class='ocrx_word' id='word_1_185' title='bbox 1397 1517 1532 1549; x_wconf 87' lang='lat' dir='ltr'>muto.</span> <span class='ocrx_word' id='word_1_186' title='bbox 1591 1509 1725 1548; x_wconf 86' lang='lat' dir='ltr'>Proba</span> 
     </span>
     <span class='ocr_line' id='line_1_24' title="bbox 271 1561 1726 1618; baseline 0.004 -16"><span class='ocrx_word' id='word_1_187' title='bbox 271 1562 380 1602; x_wconf 85' lang='lat' dir='ltr'>enim</span> <span class='ocrx_word' id='word_1_188' title='bbox 403 1564 526 1601; x_wconf 85' lang='lat' dir='ltr'>etiam</span> <span class='ocrx_word' id='word_1_189' title='bbox 550 1567 734 1617; x_wconf 79' lang='lat' dir='ltr'>vulgata.</span> <span class='ocrx_word' id='word_1_190' title='bbox 769 1565 939 1605; x_wconf 41' lang='lat' dir='ltr'>Soram,</span> <span class='ocrx_word' id='word_1_191' title='bbox 999 1565 1153 1618; x_wconf 79' lang='lat' dir='ltr'>Longe</span> <span class='ocrx_word' id='word_1_192' title='bbox 1175 1574 1360 1616; x_wconf 84' lang='lat' dir='ltr'>praestat</span> <span class='ocrx_word' id='word_1_193' title='bbox 1390 1561 1514 1614; x_wconf 75' lang='grc' dir='ltr'><em>αὕτὸ,</em></span> <span class='ocrx_word' id='word_1_194' title='bbox 1547 1564 1574 1602; x_wconf 88' lang='lat' dir='ltr'>i.</span> <span class='ocrx_word' id='word_1_195' title='bbox 1597 1580 1633 1606; x_wconf 87' lang='lat' dir='ltr'>e.</span> <span class='ocrx_word' id='word_1_196' title='bbox 1657 1567 1726 1609; x_wconf 81' lang='grc' dir='ltr'>καὶ</span> 
     </span>
     <span class='ocr_line' id='line_1_25' title="bbox 269 1615 1723 1673; baseline 0.003 -15"><span class='ocrx_word' id='word_1_197' title='bbox 269 1615 367 1660; x_wconf 72' lang='grc' dir='ltr'><em>αὐτὸ</em></span> <span class='ocrx_word' id='word_1_198' title='bbox 391 1617 435 1660; x_wconf 81' lang='grc' dir='ltr'><em>τὸ</em></span> <span class='ocrx_word' id='word_1_199' title='bbox 467 1619 655 1671; x_wconf 85' lang='grc' dir='ltr'><em>τερπνὸν,</em></span> <span class='ocrx_word' id='word_1_200' title='bbox 696 1635 773 1673; x_wconf 87' lang='lat' dir='ltr'>pro</span> <span class='ocrx_word' id='word_1_201' title='bbox 803 1620 1085 1660; x_wconf 85' lang='lat' dir='ltr'>Nominativo</span> <span class='ocrx_word' id='word_1_202' title='bbox 1115 1620 1367 1661; x_wconf 85' lang='lat' dir='ltr'>habendum.</span> <span class='ocrx_word' id='word_1_203' title='bbox 1435 1621 1526 1661; x_wconf 87' lang='lat' dir='ltr'>Nec</span> <span class='ocrx_word' id='word_1_204' title='bbox 1556 1621 1606 1662; x_wconf 86' lang='lat' dir='ltr'>de</span> <span class='ocrx_word' id='word_1_205' title='bbox 1635 1625 1723 1662; x_wconf 84' lang='lat' dir='ltr'>ulla</span> 
     </span>
     <span class='ocr_line' id='line_1_26' title="bbox 271 1675 1014 1729; baseline 0.008 -17"><span class='ocrx_word' id='word_1_206' title='bbox 271 1675 508 1714; x_wconf 85' lang='lat' dir='ltr'>mutatione</span> <span class='ocrx_word' id='word_1_207' title='bbox 532 1676 819 1729; x_wconf 84' lang='lat' dir='ltr'>cogitandum.</span> <span class='ocrx_word' id='word_1_208' title='bbox 859 1678 1014 1718; x_wconf 76' lang='lat' dir='ltr'><strong>LEHM.</strong></span> 
     </span>
    </p>

    <p class='ocr_par' dir='ltr' id='par_1_5' title="bbox 266 1730 1726 2232">
     <span class='ocr_line' id='line_1_27' title="bbox 378 1730 1726 1788; baseline 0.001 -14"><span class='ocrx_word' id='word_1_209' title='bbox 378 1730 480 1769; x_wconf 78' lang='grc' dir='ltr'><em>Εαιῐ.</em></span> <span class='ocrx_word' id='word_1_210' title='bbox 515 1734 630 1775; x_wconf 80' lang='lat'>1-10.</span> <span class='ocrx_word' id='word_1_211' title='bbox 675 1730 828 1782; x_wconf 67' lang='grc' dir='ltr'>Κάλλος</span> <span class='ocrx_word' id='word_1_212' title='bbox 853 1732 970 1781; x_wconf 68' lang='grc' dir='ltr'><em>ἆθλ.)</em></span> <span class='ocrx_word' id='word_1_213' title='bbox 1014 1735 1178 1788; x_wconf 64' lang='lat' dir='ltr'>Quintil.</span> <span class='ocrx_word' id='word_1_214' title='bbox 1212 1734 1347 1782; x_wconf 81' lang='lat' dir='ltr'>VIII,</span> <span class='ocrx_word' id='word_1_215' title='bbox 1379 1740 1428 1783; x_wconf 83' lang='lat'>3,</span> <span class='ocrx_word' id='word_1_216' title='bbox 1461 1738 1525 1777; x_wconf 88' lang='lat'>10.</span> <span class='ocrx_word' id='word_1_217' title='bbox 1557 1734 1726 1776; x_wconf 70' lang='lat' dir='ltr'>Pulcher</span> 
     </span>
     <span class='ocr_line' id='line_1_28' title="bbox 269 1786 1725 1846; baseline 0.005 -22"><span class='ocrx_word' id='word_1_218' title='bbox 269 1786 452 1840; x_wconf 75' lang='lat' dir='ltr'>adspectu</span> <span class='ocrx_word' id='word_1_219' title='bbox 477 1786 622 1827; x_wconf 72' lang='lat' dir='ltr'>athleta</span> <span class='ocrx_word' id='word_1_220' title='bbox 631 1819 643 1838; x_wconf 86' lang='lat'><strong><em>,</em></strong></span> <span class='ocrx_word' id='word_1_221' title='bbox 677 1792 740 1829; x_wconf 85' lang='lat' dir='ltr'>cui</span> <span class='ocrx_word' id='word_1_222' title='bbox 761 1789 927 1829; x_wconf 80' lang='lat' dir='ltr'>lacertos</span> <span class='ocrx_word' id='word_1_223' title='bbox 954 1795 1184 1832; x_wconf 62' lang='lat' dir='ltr'>exa-&#39;citatio</span> <span class='ocrx_word' id='word_1_224' title='bbox 1212 1793 1421 1846; x_wconf 69' lang='lat' dir='ltr'>expressit,</span> <span class='ocrx_word' id='word_1_225' title='bbox 1455 1789 1556 1830; x_wconf 79' lang='lat' dir='ltr'>idem</span> <span class='ocrx_word' id='word_1_226' title='bbox 1590 1803 1725 1831; x_wconf 80' lang='lat' dir='ltr'>certa·-</span> 
     </span>
     <span class='ocr_line' id='line_1_29' title="bbox 268 1846 1726 1900; baseline 0.005 -21"><span class='ocrx_word' id='word_1_227' title='bbox 268 1846 365 1882; x_wconf 79' lang='lat' dir='ltr'>mini</span> <span class='ocrx_word' id='word_1_228' title='bbox 380 1847 571 1896; x_wconf 75' lang='lat' dir='ltr'>paratior.</span> <span class='ocrx_word' id='word_1_229' title='bbox 632 1848 790 1884; x_wconf 86' lang='lat' dir='ltr'>Totum</span> <span class='ocrx_word' id='word_1_230' title='bbox 820 1847 940 1884; x_wconf 87' lang='lat' dir='ltr'>illum</span> <span class='ocrx_word' id='word_1_231' title='bbox 965 1851 1105 1886; x_wconf 84' lang='lat' dir='ltr'>locum</span> <span class='ocrx_word' id='word_1_232' title='bbox 1128 1862 1390 1887; x_wconf 89' lang='lat' dir='ltr'>communem</span> <span class='ocrx_word' id='word_1_233' title='bbox 1415 1846 1465 1886; x_wconf 87' lang='lat' dir='ltr'>de</span> <span class='ocrx_word' id='word_1_234' title='bbox 1488 1848 1726 1900; x_wconf 89' lang='lat' dir='ltr'>pulchritu-</span> 
     </span>
     <span class='ocr_line' id='line_1_30' title="bbox 270 1897 1724 1956; baseline 0.006 -21"><span class='ocrx_word' id='word_1_235' title='bbox 270 1897 370 1937; x_wconf 88' lang='lat' dir='ltr'>dine</span> <span class='ocrx_word' id='word_1_236' title='bbox 394 1900 620 1940; x_wconf 85' lang='lat' dir='ltr'>utilitatem</span> <span class='ocrx_word' id='word_1_237' title='bbox 643 1913 929 1956; x_wconf 87' lang='lat' dir='ltr'>consequente</span> <span class='ocrx_word' id='word_1_238' title='bbox 951 1905 1025 1956; x_wconf 90' lang='lat' dir='ltr'>qui</span> <span class='ocrx_word' id='word_1_239' title='bbox 1049 1906 1281 1954; x_wconf 85' lang='lat' dir='ltr'>tractarint,</span> <span class='ocrx_word' id='word_1_240' title='bbox 1298 1903 1516 1942; x_wconf 82' lang='lat' dir='ltr'>laudamus</span> <span class='ocrx_word' id='word_1_241' title='bbox 1541 1903 1590 1942; x_wconf 92' lang='lat' dir='ltr'>ad</span> <span class='ocrx_word' id='word_1_242' title='bbox 1615 1907 1724 1955; x_wconf 87' lang='lat' dir='ltr'>ejus-</span> 
     </span>
     <span class='ocr_line' id='line_1_31' title="bbox 270 1953 1723 2012; baseline 0.003 -19"><span class='ocrx_word' id='word_1_243' title='bbox 270 1953 361 1993; x_wconf 88' lang='lat' dir='ltr'>dem</span> <span class='ocrx_word' id='word_1_244' title='bbox 385 1954 550 2007; x_wconf 79' lang='lat' dir='ltr'>Quintil.</span> <span class='ocrx_word' id='word_1_245' title='bbox 574 1958 692 1998; x_wconf 82' lang='lat' dir='ltr'>VIII.</span> <span class='ocrx_word' id='word_1_246' title='bbox 714 1973 774 2012; x_wconf 85' lang='lat' dir='ltr'>pr·</span> <span class='ocrx_word' id='word_1_247' title='bbox 801 1963 864 2002; x_wconf 86' lang='lat'>19.</span> <span class='ocrx_word' id='word_1_248' title='bbox 899 1961 1035 2002; x_wconf 73' lang='lat' dir='ltr'><strong>GESN.</strong></span> <span class='ocrx_word' id='word_1_249' title='bbox 1077 1962 1233 2000; x_wconf 87' lang='lat' dir='ltr'>Sensus</span> <span class='ocrx_word' id='word_1_250' title='bbox 1255 1975 1340 1999; x_wconf 89' lang='lat' dir='ltr'>non</span> <span class='ocrx_word' id='word_1_251' title='bbox 1367 1970 1451 2000; x_wconf 87' lang='lat' dir='ltr'>est:</span> <span class='ocrx_word' id='word_1_252' title='bbox 1486 1959 1723 2011; x_wconf 84' lang='lat' dir='ltr'>pulchritu-</span> 
     </span>
     <span class='ocr_line' id='line_1_32' title="bbox 268 2010 1719 2068; baseline 0.005 -21"><span class='ocrx_word' id='word_1_253' title='bbox 268 2010 408 2049; x_wconf 86' lang='lat' dir='ltr'>dinem</span> <span class='ocrx_word' id='word_1_254' title='bbox 440 2015 622 2052; x_wconf 82' lang='lat' dir='ltr'>naturali</span> <span class='ocrx_word' id='word_1_255' title='bbox 645 2015 827 2068; x_wconf 84' lang='lat' dir='ltr'>quodam</span> <span class='ocrx_word' id='word_1_256' title='bbox 860 2015 1035 2055; x_wconf 86' lang='lat' dir='ltr'>vinculo</span> <span class='ocrx_word' id='word_1_257' title='bbox 1057 2031 1150 2055; x_wconf 89' lang='lat' dir='ltr'>cum</span> <span class='ocrx_word' id='word_1_258' title='bbox 1172 2016 1325 2056; x_wconf 87' lang='lat' dir='ltr'>robore</span> <span class='ocrx_word' id='word_1_259' title='bbox 1347 2026 1422 2057; x_wconf 83' lang='lat' dir='ltr'>etc.</span> <span class='ocrx_word' id='word_1_260' title='bbox 1450 2018 1719 2068; x_wconf 82' lang='lat' dir='ltr'>conjunctam</span> 
     </span>
     <span class='ocr_line' id='line_1_33' title="bbox 267 2070 1719 2121; baseline 0.003 -17"><span class='ocrx_word' id='word_1_261' title='bbox 267 2079 376 2116; x_wconf 89' lang='lat' dir='ltr'>esse,</span> <span class='ocrx_word' id='word_1_262' title='bbox 409 2077 457 2105; x_wconf 92' lang='lat' dir='ltr'>ut</span> <span class='ocrx_word' id='word_1_263' title='bbox 477 2070 636 2120; x_wconf 85' lang='lat' dir='ltr'>cepisse</span> <span class='ocrx_word' id='word_1_264' title='bbox 656 2071 825 2111; x_wconf 90' lang='lat' dir='ltr'>videtur</span> <span class='ocrx_word' id='word_1_265' title='bbox 849 2070 1050 2111; x_wconf 71' lang='lat' dir='ltr'>Gesner-us,</span> <span class='ocrx_word' id='word_1_266' title='bbox 1081 2096 1136 2103; x_wconf 93' lang='lat'>—-</span> <span class='ocrx_word' id='word_1_267' title='bbox 1168 2097 1218 2102; x_wconf 94' lang='lat'>—</span> <span class='ocrx_word' id='word_1_268' title='bbox 1250 2074 1382 2111; x_wconf 88' lang='lat' dir='ltr'>Immo</span> <span class='ocrx_word' id='word_1_269' title='bbox 1404 2087 1502 2111; x_wconf 89' lang='lat' dir='ltr'>vero</span> <span class='ocrx_word' id='word_1_270' title='bbox 1526 2070 1719 2121; x_wconf 83' lang='lat' dir='ltr'>affirmat,</span> 
     </span>
     <span class='ocr_line' id='line_1_34' title="bbox 266 2122 1717 2183; baseline 0.005 -24"><span class='ocrx_word' id='word_1_271' title='bbox 266 2122 302 2159; x_wconf 92' lang='lat' dir='ltr'>si</span> <span class='ocrx_word' id='word_1_272' title='bbox 334 2122 515 2162; x_wconf 85' lang='lat' dir='ltr'>athletae</span> <span class='ocrx_word' id='word_1_273' title='bbox 535 2137 699 2176; x_wconf 85' lang='lat' dir='ltr'>praeter</span> <span class='ocrx_word' id='word_1_274' title='bbox 729 2127 841 2166; x_wconf 87' lang='lat' dir='ltr'>vires</span> <span class='ocrx_word' id='word_1_275' title='bbox 864 2136 905 2167; x_wconf 84' lang='lat' dir='ltr'>et</span> <span class='ocrx_word' id='word_1_276' title='bbox 931 2130 1111 2183; x_wconf 84' lang='lat' dir='ltr'>reliquas</span> <span class='ocrx_word' id='word_1_277' title='bbox 1134 2129 1217 2181; x_wconf 88' lang='lat' dir='ltr'>ipsi</span> <span class='ocrx_word' id='word_1_278' title='bbox 1243 2128 1496 2168; x_wconf 85' lang='lat' dir='ltr'>necessarias</span> <span class='ocrx_word' id='word_1_279' title='bbox 1523 2128 1717 2180; x_wconf 78' lang='lat' dir='ltr'>virtutes,</span> 
     </span>
     <span class='ocr_line' id='line_1_35' title="bbox 268 2178 1403 2232; baseline 0.006 -16"><span class='ocrx_word' id='word_1_280' title='bbox 268 2178 394 2217; x_wconf 86' lang='lat' dir='ltr'>etiam</span> <span class='ocrx_word' id='word_1_281' title='bbox 417 2180 694 2231; x_wconf 82' lang='lat' dir='ltr'>pulchritudo</span> <span class='ocrx_word' id='word_1_282' title='bbox 718 2183 795 2232; x_wconf 87' lang='lat' dir='ltr'>sit,</span> <span class='ocrx_word' id='word_1_283' title='bbox 830 2183 935 2222; x_wconf 86' lang='lat' dir='ltr'>bene</span> <span class='ocrx_word' id='word_1_284' title='bbox 955 2184 998 2222; x_wconf 87' lang='lat' dir='ltr'>id</span> <span class='ocrx_word' id='word_1_285' title='bbox 1020 2200 1062 2224; x_wconf 91' lang='lat' dir='ltr'>se</span> <span class='ocrx_word' id='word_1_286' title='bbox 1084 2186 1249 2225; x_wconf 86' lang='lat' dir='ltr'>habere.</span> <span class='ocrx_word' id='word_1_287' title='bbox 1283 2187 1403 2224; x_wconf 76' lang='lat' dir='ltr'>Run.</span> 
     </span>
    </p>

    <p class='ocr_par' dir='ltr' id='par_1_6' title="bbox 266 2234 1724 2741">
     <span class='ocr_line' id='line_1_36' title="bbox 379 2234 1724 2296; baseline 0.005 -19"><span class='ocrx_word' id='word_1_288' title='bbox 379 2235 481 2277; x_wconf 76' lang='lat' dir='ltr'>Ibid,</span> <span class='ocrx_word' id='word_1_289' title='bbox 519 2234 644 2280; x_wconf 76' lang='grc' dir='ltr'><em>Οὐδὲν</em></span> <span class='ocrx_word' id='word_1_290' title='bbox 669 2238 841 2281; x_wconf 82' lang='grc' dir='ltr'><em>κωλύσει</em></span> <span class='ocrx_word' id='word_1_291' title='bbox 866 2236 942 2292; x_wconf 66' lang='grc' dir='ltr'>ἀφ’</span> <span class='ocrx_word' id='word_1_292' title='bbox 964 2237 1209 2295; x_wconf 60' lang='grc' dir='ltr'>ρΗρακλεόυς</span> <span class='ocrx_word' id='word_1_293' title='bbox 1239 2244 1422 2296; x_wconf 76' lang='grc' dir='ltr'><em>γενέσθαι</em></span> <span class='ocrx_word' id='word_1_294' title='bbox 1447 2239 1724 2296; x_wconf 81' lang='grc' dir='ltr'><em>Νικόστρατον</em></span> 
     </span>
     <span class='ocr_line' id='line_1_37' title="bbox 266 2286 1721 2352; baseline 0.004 -21"><span class='ocrx_word' id='word_1_295' title='bbox 266 2288 335 2331; x_wconf 64' lang='lat' dir='ltr'>&#39;cdv</span> <span class='ocrx_word' id='word_1_296' title='bbox 351 2286 548 2334; x_wconf 80' lang='grc' dir='ltr'><em>Ἰσιδότου</em></span> <span class='ocrx_word' id='word_1_297' title='bbox 567 2295 766 2348; x_wconf 80' lang='grc' dir='ltr'><em>γεννάδαν</em></span> <span class='ocrx_word' id='word_1_298' title='bbox 786 2295 906 2347; x_wconf 81' lang='grc' dir='ltr'><em>ὄντα)</em></span> <span class='ocrx_word' id='word_1_299' title='bbox 938 2298 1022 2336; x_wconf 86' lang='lat' dir='ltr'>Hic</span> <span class='ocrx_word' id='word_1_300' title='bbox 1043 2301 1164 2338; x_wconf 84' lang='lat' dir='ltr'>locus</span> <span class='ocrx_word' id='word_1_301' title='bbox 1186 2300 1317 2352; x_wconf 85' lang='lat' dir='ltr'>prima</span> <span class='ocrx_word' id='word_1_302' title='bbox 1340 2299 1449 2337; x_wconf 86' lang='lat' dir='ltr'>facie</span> <span class='ocrx_word' id='word_1_303' title='bbox 1471 2297 1641 2337; x_wconf 80' lang='lat' dir='ltr'>videtur</span> <span class='ocrx_word' id='word_1_304' title='bbox 1659 2313 1721 2337; x_wconf 89' lang='lat' dir='ltr'>sa-</span> 
     </span>
     <span class='ocr_line' id='line_1_38' title="bbox 268 2349 1720 2409; baseline 0.006 -25"><span class='ocrx_word' id='word_1_305' title='bbox 268 2360 347 2409; x_wconf 67' lang='lat' dir='ltr'>nus</span> <span class='ocrx_word' id='word_1_306' title='bbox 368 2357 409 2386; x_wconf 88' lang='lat' dir='ltr'>et</span> <span class='ocrx_word' id='word_1_307' title='bbox 428 2349 615 2404; x_wconf 83' lang='lat' dir='ltr'>integer,</span> <span class='ocrx_word' id='word_1_308' title='bbox 646 2362 688 2391; x_wconf 92' lang='lat' dir='ltr'>at</span> <span class='ocrx_word' id='word_1_309' title='bbox 708 2362 928 2406; x_wconf 86' lang='lat' dir='ltr'>postquam</span> <span class='ocrx_word' id='word_1_310' title='bbox 952 2356 1140 2394; x_wconf 81' lang='lat' dir='ltr'>exactius</span> <span class='ocrx_word' id='word_1_311' title='bbox 1163 2355 1455 2408; x_wconf 81' lang='lat' dir='ltr'>praecedentia</span> <span class='ocrx_word' id='word_1_312' title='bbox 1476 2365 1517 2394; x_wconf 87' lang='lat' dir='ltr'>et</span> <span class='ocrx_word' id='word_1_313' title='bbox 1536 2369 1720 2408; x_wconf 86' lang='lat' dir='ltr'>sequen-</span> 
     </span>
     <span class='ocr_line' id='line_1_39' title="bbox 267 2405 1720 2463; baseline 0.008 -24"><span class='ocrx_word' id='word_1_314' title='bbox 267 2411 326 2440; x_wconf 81' lang='lat' dir='ltr'>tia</span> <span class='ocrx_word' id='word_1_315' title='bbox 346 2405 598 2454; x_wconf 85' lang='lat' dir='ltr'>examinavi,</span> <span class='ocrx_word' id='word_1_316' title='bbox 631 2408 737 2447; x_wconf 87' lang='lat' dir='ltr'>mihi</span> <span class='ocrx_word' id='word_1_317' title='bbox 762 2409 930 2448; x_wconf 86' lang='lat' dir='ltr'>videtur</span> <span class='ocrx_word' id='word_1_318' title='bbox 951 2410 1091 2451; x_wconf 89' lang='lat' dir='ltr'>deesse</span> <span class='ocrx_word' id='word_1_319' title='bbox 1112 2426 1194 2450; x_wconf 86' lang='lat' dir='ltr'>una</span> <span class='ocrx_word' id='word_1_320' title='bbox 1218 2412 1400 2459; x_wconf 84' lang='lat' dir='ltr'>literula‚</span> <span class='ocrx_word' id='word_1_321' title='bbox 1421 2420 1469 2449; x_wconf 90' lang='lat' dir='ltr'>ut</span> <span class='ocrx_word' id='word_1_322' title='bbox 1493 2411 1597 2450; x_wconf 88' lang='lat' dir='ltr'>bene</span> <span class='ocrx_word' id='word_1_323' title='bbox 1619 2424 1720 2463; x_wconf 88' lang='lat' dir='ltr'>qua-</span> 
     </span>
     <span class='ocr_line' id='line_1_40' title="bbox 269 2455 1720 2521; baseline 0.008 -27"><span class='ocrx_word' id='word_1_324' title='bbox 269 2455 359 2496; x_wconf 87' lang='lat' dir='ltr'>dret</span> <span class='ocrx_word' id='word_1_325' title='bbox 380 2459 431 2498; x_wconf 88' lang='lat' dir='ltr'>ad</span> <span class='ocrx_word' id='word_1_326' title='bbox 462 2475 625 2501; x_wconf 88' lang='lat' dir='ltr'>sensum</span> <span class='ocrx_word' id='word_1_327' title='bbox 657 2465 861 2512; x_wconf 80' lang='lat' dir='ltr'>auctoris,</span> <span class='ocrx_word' id='word_1_328' title='bbox 894 2467 967 2520; x_wconf 89' lang='lat' dir='ltr'>qui</span> <span class='ocrx_word' id='word_1_329' title='bbox 996 2468 1090 2506; x_wconf 81' lang='lat' dir='ltr'>talis</span> <span class='ocrx_word' id='word_1_330' title='bbox 1122 2478 1205 2506; x_wconf 82' lang='lat' dir='ltr'>est:</span> <span class='ocrx_word' id='word_1_331' title='bbox 1238 2470 1271 2506; x_wconf 82' lang='lat' dir='ltr'>si</span> <span class='ocrx_word' id='word_1_332' title='bbox 1292 2467 1542 2521; x_wconf 72' lang='lat' dir='ltr'>pulchritudo</span> <span class='ocrx_word' id='word_1_333' title='bbox 1565 2477 1598 2504; x_wconf 83' lang='lat' dir='ltr'>et</span> <span class='ocrx_word' id='word_1_334' title='bbox 1621 2469 1720 2506; x_wconf 79' lang='lat' dir='ltr'>vires</span> 
     </span>
     <span class='ocr_line' id='line_1_41' title="bbox 269 2521 1721 2576; baseline 0.007 -25"><span class='ocrx_word' id='word_1_335' title='bbox 269 2528 501 2555; x_wconf 78' lang='lat' dir='ltr'>concurrant</span> <span class='ocrx_word' id='word_1_336' title='bbox 527 2521 567 2557; x_wconf 83' lang='lat' dir='ltr'>in</span> <span class='ocrx_word' id='word_1_337' title='bbox 586 2521 752 2572; x_wconf 70' lang='lat' dir='ltr'>athleta,</span> <span class='ocrx_word' id='word_1_338' title='bbox 786 2539 862 2561; x_wconf 85' lang='lat' dir='ltr'>non</span> <span class='ocrx_word' id='word_1_339' title='bbox 892 2526 963 2562; x_wconf 81' lang='lat' dir='ltr'>erit</span> <span class='ocrx_word' id='word_1_340' title='bbox 992 2525 1243 2576; x_wconf 64' lang='lat' dir='ltr'>spernendzmz</span> <span class='ocrx_word' id='word_1_341' title='bbox 1268 2525 1346 2563; x_wconf 75' lang='lat' dir='ltr'>tale</span> <span class='ocrx_word' id='word_1_342' title='bbox 1364 2525 1618 2571; x_wconf 80' lang='lat' dir='ltr'>consortium,</span> <span class='ocrx_word' id='word_1_343' title='bbox 1652 2523 1721 2561; x_wconf 71' lang='lat' dir='ltr'>secl</span> 
     </span>
     <span class='ocr_line' id='line_1_42' title="bbox 271 2567 1717 2631; baseline 0.008 -22"><span class='ocrx_word' id='word_1_344' title='bbox 271 2567 499 2622; x_wconf 66' lang='lat' dir='ltr'>dfformitas</span> <span class='ocrx_word' id='word_1_345' title='bbox 526 2577 567 2614; x_wconf 85' lang='lat' dir='ltr'>in</span> <span class='ocrx_word' id='word_1_346' title='bbox 595 2577 763 2627; x_wconf 69' lang='lat' dir='ltr'>athleta,</span> <span class='ocrx_word' id='word_1_347' title='bbox 797 2579 912 2619; x_wconf 85' lang='lat' dir='ltr'>moclo</span> <span class='ocrx_word' id='word_1_348' title='bbox 936 2581 1052 2619; x_wconf 77' lang='lat' dir='ltr'>robur</span> <span class='ocrx_word' id='word_1_349' title='bbox 1074 2583 1260 2619; x_wconf 72' lang='lat' dir='ltr'>invictum</span> <span class='ocrx_word' id='word_1_350' title='bbox 1280 2592 1315 2619; x_wconf 81' lang='lat' dir='ltr'>et</span> <span class='ocrx_word' id='word_1_351' title='bbox 1341 2581 1577 2631; x_wconf 56' lang='lat' dir='ltr'>mperientia</span> <span class='ocrx_word' id='word_1_352' title='bbox 1598 2579 1717 2628; x_wconf 75' lang='lat' dir='ltr'>adsit,</span> 
     </span>
     <span class='ocr_line' id='line_1_43' title="bbox 270 2628 1720 2690; baseline 0.01 -30"><span class='ocrx_word' id='word_1_353' title='bbox 270 2638 345 2662; x_wconf 80' lang='lat' dir='ltr'>non</span> <span class='ocrx_word' id='word_1_354' title='bbox 362 2628 561 2680; x_wconf 76' lang='lat' dir='ltr'>impediet,</span> <span class='ocrx_word' id='word_1_355' title='bbox 594 2650 670 2686; x_wconf 80' lang='lat' dir='ltr'>quo</span> <span class='ocrx_word' id='word_1_356' title='bbox 691 2638 817 2674; x_wconf 82' lang='lat' dir='ltr'>minus</span> <span class='ocrx_word' id='word_1_357' title='bbox 832 2639 1009 2689; x_wconf 81' lang='lat' dir='ltr'>praemia</span> <span class='ocrx_word' id='word_1_358' title='bbox 1030 2648 1213 2690; x_wconf 79' lang='lat' dir='ltr'>reportet,</span> <span class='ocrx_word' id='word_1_359' title='bbox 1245 2648 1279 2675; x_wconf 80' lang='lat' dir='ltr'>et</span> <span class='ocrx_word' id='word_1_360' title='bbox 1299 2636 1459 2688; x_wconf 80' lang='lat' dir='ltr'>insignis</span> <span class='ocrx_word' id='word_1_361' title='bbox 1478 2636 1720 2675; x_wconf 66' lang='lat' dir='ltr'>existimetur-</span> 
     </span>
     <span class='ocr_line' id='line_1_44' title="bbox 270 2679 1717 2741; baseline 0.011 -27"><span class='ocrx_word' id='word_1_362' title='bbox 270 2679 429 2721; x_wconf 77' lang='lat' dir='ltr'>athleta.</span> <span class='ocrx_word' id='word_1_363' title='bbox 491 2686 626 2737; x_wconf 77' lang='lat' dir='ltr'>Igitur</span> <span class='ocrx_word' id='word_1_364' title='bbox 656 2691 697 2728; x_wconf 87' lang='lat' dir='ltr'>in</span> <span class='ocrx_word' id='word_1_365' title='bbox 721 2701 814 2731; x_wconf 91' lang='lat' dir='ltr'>toto</span> <span class='ocrx_word' id='word_1_366' title='bbox 842 2707 891 2732; x_wconf 88' lang='lat' dir='ltr'>eo</span> <span class='ocrx_word' id='word_1_367' title='bbox 913 2693 1116 2731; x_wconf 86' lang='lat' dir='ltr'>sermonis</span> <span class='ocrx_word' id='word_1_368' title='bbox 1146 2702 1304 2741; x_wconf 82' lang='lat' dir='ltr'>tractu,</span> <span class='ocrx_word' id='word_1_369' title='bbox 1339 2693 1477 2729; x_wconf 89' lang='lat' dir='ltr'>nullus</span> <span class='ocrx_word' id='word_1_370' title='bbox 1510 2700 1570 2728; x_wconf 90' lang='lat' dir='ltr'>est</span> <span class='ocrx_word' id='word_1_371' title='bbox 1597 2694 1717 2730; x_wconf 88' lang='lat' dir='ltr'>locus</span> 
     </span>
    </p>
   </div>
   <div class='ocr_carea' id='block_1_3' title="bbox 270 2736 1717 2805">
    <p class='ocr_par' dir='ltr' id='par_1_7' title="bbox 270 2736 1717 2805">
     <span class='ocr_line' id='line_1_45' title="bbox 270 2736 1717 2805; baseline 0.007 -29"><span class='ocrx_word' id='word_1_372' title='bbox 270 2738 476 2777; x_wconf 80' lang='lat' dir='ltr'>mentioni</span> <span class='ocrx_word' id='word_1_373' title='bbox 503 2736 552 2779; x_wconf 82' lang='lat' dir='ltr'>de</span> <span class='ocrx_word' id='word_1_374' title='bbox 575 2745 810 2789; x_wconf 85' lang='lat' dir='ltr'>nobilitate.</span> <span class='ocrx_word' id='word_1_375' title='bbox 871 2748 974 2789; x_wconf 83' lang='lat' dir='ltr'>Ideo</span> <span class='ocrx_word' id='word_1_376' title='bbox 993 2747 1035 2790; x_wconf 84' lang='grc' dir='ltr'><em>τὸ</em></span> <span class='ocrx_word' id='word_1_377' title='bbox 1057 2745 1134 2801; x_wconf 70' lang='grc' dir='ltr'>ἀφ’</span> <span class='ocrx_word' id='word_1_378' title='bbox 1152 2747 1401 2805; x_wconf 65' lang='grc' dir='ltr'><em>“Ηρακλεόυς</em></span> <span class='ocrx_word' id='word_1_379' title='bbox 1422 2747 1606 2803; x_wconf 82' lang='grc' dir='ltr'><em>γενέσθαι</em></span> <span class='ocrx_word' id='word_1_380' title='bbox 1627 2761 1717 2788; x_wconf 86' lang='lat' dir='ltr'>non</span> 
     </span>
    </p>
   </div>
  </div>
 </body>
</html>
