1834 3188
408 176 458 205 m
496 173 664 205 VERAE
701 174 965 205 nisTonrAE
1004 174 1093 207 mn,
1130 176 1179 208 Πἰ
1419 164 1516 211 687

171 270 276 311 Hid,
309 272 597 321 Διασωθὲντα)
630 271 779 310 Utitur
799 271 866 310 his
893 265 1068 318 Luciani
1091 273 1229 313 verbis
1253 273 1342 316 Jac.
1363 273 1515 314 Elsner.

57 329 108 368 ad
132 330 267 382 Epist.
291 331 394 370 Petr.
419 329 511 381 III,
533 334 598 372 20.
634 343 719 382 quo
752 327 924 381 probet,
957 332 1208 382 διασωθῆναι
1236 331 1434 384 usurpari
1466 331 1518 373 de

58 403 131 436 eo,
163 387 236 442 qui
263 389 404 424 salvus
427 385 470 422 in
502 387 690 439 aliquem
717 387 858 426 locum
887 386 1104 438 pervenit,
1137 387 1165 428 i.
1184 401 1218 428 e.
1243 402 1294 427 ex
1321 388 1516 440 periculo

57 448 126 483 vel
154 442 378 497 naufragio
401 450 591 481 servatus
622 451 708 489 est;
751 450 799 479 ut
820 442 964 482 Actor.
988 442 1139 494 XVII,
1165 448 1234 488 44.
1262 447 1519 498 διασωθῆναι

53 503 117 543 ἐπὶ
134 498 207 553 τὴν
233 505 332 554 γῆν,
366 498 532 553 triaque
549 499 631 537 alia
655 496 900 537 testimonia
929 497 1127 550 adducit,
1159 514 1267 553 quae
1289 515 1377 539 non
1396 515 1512 554 repen

55 568 163 607 tam,
197 571 274 595 nec
294 554 485 610 augebo,
519 554 619 609 quia
648 553 758 593 hanc
779 553 1138 610 significationem
1163 557 1325 611 ubique
1345 557 1514 597 obviam

53 614 171 654 novi.
199 613 363 652 Rmrz.

50 740 77 779 S
167 681 269 736 Pag.
293 684 388 726 309.
423 682 451 720 l.
478 684 515 724 1.
556 676 813 736 Τηλεγόνου)
856 679 984 720 Conf.
1019 680 1121 722 inst.
1161 680 1214 722 de
1242 681 1345 725 Salt.
1379 696 1416 723 c.
1440 685 1512 727 46.

85 753 218 778 OLAN.

165 794 267 834 Ead.
289 796 319 834 1.
344 799 383 839 7.
402 791 584 849 “Ὄμηρος
605 791 718 848 εἷπε)
750 792 906 848 Odyss.
931 798 989 845 Ε,
1012 798 1081 839 57.
1124 796 1293 835 Soram.

164 873 316 914 Ead.1.
335 878 373 917 9.
402 870 662 923 Ἐπελέξατο)
693 873 741 911 In
763 872 961 912 omnibus
980 874 1102 913 libris
1125 874 1288 914 nostris
1312 882 1401 913 erat
1419 869 1513 917 ὗπε-

49 934 199 982 δέξατο,
217 929 332 983 quod
350 945 442 968 cum
463 929 564 969 ferri
584 943 671 968 non
692 929 843 982 possit,
864 930 925 969 sic
946 930 1216 972 mutavimus,
1248 929 1359 970 Vide
1376 931 1512 970 Dian.

48 991 181 1030 Matr.
202 988 254 1028 V.
282 996 324 1025 et
344 985 506 1024 Anach.
527 1001 561 1027 c.
586 991 655 1029 21.
716 986 918 1038 Suspicor
937 996 1103 1035 tamen,
1135 987 1269 1026 fuisse
1293 1001 1314 1026 a
1331 986 1514 1027 Luciano

46 1046 255 1099 scriptum
271 1041 506 1092 ὗπελέξατο,
541 1052 588 1080 ut
605 1043 757 1098 furtim
775 1043 826 1080 ab
848 1057 896 1082 ea
920 1042 1060 1084 lectam
1080 1043 1305 1097 epistolam
1328 1053 1512 1083 notaret.

47 1102 129 1142 Sed
152 1100 253 1154 quia
279 1114 364 1139 vox
383 1114 429 1138 ea
451 1114 473 1137 a
494 1101 638 1149 nullo,
674 1097 788 1153 quod
810 1098 981 1153 quidem
1003 1101 1156 1151 sciam,
1180 1099 1514 1154 Lexicographo

50 1159 270 1198 observata
293 1165 377 1206 est,
409 1170 487 1195 nec
509 1154 584 1194 ubi
606 1154 720 1209 apud
742 1155 848 1194 alios
869 1167 1062 1197 auctores
1083 1165 1297 1208 occurrat,
1327 1156 1420 1209 ipse
1440 1171 1514 1195 an-

47 1212 313 1260 notaverim,
345 1227 434 1252 eam
463 1212 509 1250 in
539 1221 702 1251 textum
732 1211 921 1265 recipere
948 1227 1035 1253 non
1056 1227 1147 1252 sum
1174 1227 1312 1252 ausus.
1345 1213 1513 1254 Sosin.

46 1269 324 1325 ΓΤπεδεξσιτο)
357 1268 476 1323 Quid
495 1267 578 1307 sibi
600 1267 706 1307 velit
733 1264 949 1318 ὑπεδέξατο
969 1283 991 1308 a
1025 1270 1068 1309 vi
1090 1269 1210 1309 verbi
1232 1270 1347 1323 ἔλαβε
1369 1269 1514 1309 diver-

47 1344 164 1378 sum,
194 1340 281 1365 non
316 1324 669 1365 comminiscebar
703 1324 842 1375 aliud,
879 1340 1004 1379 quam
1041 1326 1158 1380 quod
1184 1326 1238 1365 in.
1262 1326 1515 1380 interpreta-

49 1386 171 1425 tione
200 1382 388 1436 expressi
421 1384 492 1432 (in
519 1383 646 1420 sinum
672 1381 938 1435 reposuisset).
998 1382 1251 1437 Cogitabam
1276 1382 1428 1432 etiam,
1459 1396 1512 1421 an

47 1440 259 1490 ὖπελέξατο
278 1439 365 1477 vim
388 1437 541 1492 legendi
557 1437 713 1476 habere
744 1438 923 1489 posset?
957 1439 1074 1493 quod
1094 1438 1207 1478 nihil
1228 1440 1317 1478 fere
1339 1438 1390 1478 ab
1412 1442 1516 1478 alte-

47 1513 96 1539 10
119 1498 196 1536 illo
214 1492 426 1544 ὑπεδέξατο
438 1494 566 1532 distat
587 1493 631 1531 in
644 1493 770 1532 MSS.
803 1495 1034 1550 Vulgatum
1060 1494 1231 1549 quidem
1252 1494 1375 1546 illud,
1393 1505 1513 1549 post-

45 1571 164 1611 quam
197 1551 401 1606 epistolam
432 1552 584 1603 accepit
613 1561 648 1588 et
677 1549 860 1600 admisit,
902 1565 990 1590 non
1022 1550 1330 1606 intelligebam.
1376 1553 1514 1594 GEsN.

48 1611 240 1651 Solarium
268 1608 406 1648 secuti
437 1606 727 1659 rescripsimus
759 1607 984 1658 ἐπελέξατο·
1026 1608 1096 1646 cui
1120 1607 1412 1648 emendationi
1433 1608 1514 1646 ad..

49 1668 311 1720 stipulantur
345 1664 455 1704 Mss.
494 1663 630 1716 Regg.
657 1666 782 1707 2954.
813 1673 856 1703 et
884 1669 1009 1710 3011.
1076 1664 1260 1719 Vulgata
1297 1660 1514 1716 ὑπεδέξατο

51 1726 218 1763 nullum
239 1721 282 1762 h.
306 1723 333 1762 l.
352 1734 519 1759 sensum
546 1718 686 1758 habet.
747 1720 860 1758 Mox
888 1731 987 1773 post
1015 1717 1136 1763 ὁποῖα
1163 1736 1217 1760 ex
1236 1720 1387 1761 iisdem
1405 1723 1512 1764 Mas.

48 1779 260 1821 edidimus
288 1794 341 1819 τε.
402 1775 560 1814 Aberat
596 1775 708 1813 enim
740 1775 791 1813 ab
824 1776 934 1816 Edd.
978 1777 1078 1818 Bm.
1148 1776 1281 1817 Adest
1309 1778 1438 1818 etiam
1465 1778 1512 1817 in

49 1834 186 1876 Codd.
213 1834 324 1889 Aug.
350 1842 392 1873 et
420 1833 539 1873 Gorl.
564 1840 676 1871 recte
708 1831 854 1885 itaque
878 1833 974 1887 Bip.
1003 1843 1045 1872 et
1076 1834 1208 1874 Schm.
1233 1833 1510 1874 admiserunt.

46 1893 133 1933 Hic
155 1891 281 1931 etiam
316 1888 502 1929 correxit
525 1884 667 1937 ὁποία,
704 1902 831 1941 quum
854 1889 899 1928 in
923 1890 1124 1929 omnibus
1152 1890 1367 1942 prioribus
1391 1887 1513 1933 ὁποῖα

48 1950 253 2002 scriptum
285 1955 406 1987 esset.
479 1943 560 1984 Sed
588 1942 800 1994 ὑπεδέξατο
829 1959 964 2000 neque
998 1945 1043 1985 id
1074 1945 1315 2001 significare
1345 1957 1511 2001 potest,

49 2005 167 2060 quod
193 2004 381 2045 Gesnerus
399 2012 440 2042 et
455 2000 689 2041 secundum
701 2016 806 2050 ,eum
827 2001 1072 2050 Wielanglius
1089 2013 1411 2056 expresserunt;
1440 2018 1513 2043 ne-

48 2077 145 2114 que,
175 2060 212 2100 si
230 2070 393 2113 posset,
426 2055 639 2097 sufficeret
661 2057 711 2095 ad
733 2060 900 2110 plenam
925 2057 1188 2099 efficiendam
1210 2059 1511 2099 narrationem.

49 2119 171 2173 Quae
197 2118 310 2155 enim
341 2124 599 2167 sequuntur,
642 2115 747 2166 poni
781 2114 950 2167 jubent,
995 2115 1182 2169 Calypso
1214 2116 1391 2170 legisse,
1422 2131 1511 2155 non

45 2172 352 2220 recondidisse,
376 2170 544 2223 Ulyssis
567 2170 803 2223 epistolam.
852 2173 969 2212 Bene
991 2173 1133 2227 itaque
1159 2175 1400 2225 suspicatus
1422 2183 1512 2212 erat

48 2230 220 2271 solanus
241 2228 464 2283 legendum
493 2227 714 2276 ἐπέλεξατο,
748 2225 874 2282 idque
908 2229 1035 2268 etiam
1067 2231 1288 2284 plusquam
1315 2229 1510 2282 probabi-

43 2289 161 2337 liter,
194 2300 323 2339 quum
353 2282 626 2323 confirmetur
656 2285 901 2336 conjectura
927 2284 1138 2325 Codicum
1157 2286 1259 2325 eatis
1279 2289 1507 2326 multorum

46 2344 313 2383 auctoritate.
345 2342 503 2380 LEHM.

163 2422 263 2474 Pag.
285 2425 380 2465 310.
409 2422 435 2460 l.
459 2425 497 2464 3.
539 2417 763 2469 Κατιόυτος
791 2424 864 2462 τοῦ
892 2418 1146 2476 πνεύματος)
1178 2423 1248 2464 Sic
1283 2421 1507 2477 Thucydid.

47 2479 134 2528 VI,
159 2484 196 2522 2.
228 2475 435 2524 κατιόντος
452 2481 528 2518 τοῦ
557 2473 706 2529 α’νέμου
736 2474 835 2529 τάχα
861 2474 912 2519 ὂὶν
940 2478 981 2520 δὲ
1001 2481 1068 2521 καὶ
1088 2478 1215 2528 ἄλλως
1245 2496 1330 2528 πως
1350 2477 1510 2521 ἐσπλεύ-

48 2550 201 2584 σαντες.
260 2534 349 2573 Ubi
373 2532 550 2572 Duker-us
570 2532 715 2582 docet,
749 2530 899 2586 ἄνεμον
918 2534 1106 2578 κατιόντα
1135 2551 1223 2576 esse
1246 2545 1421 2575 ventum
1438 2536 1508 2573 in-

46 2591 400 2638 crebrescentem,
433 2600 473 2628 et
495 2588 665 2641 quidem
697 2604 718 2628 a
749 2599 868 2644 tergo
889 2600 1036 2631 euntes
1060 2601 1411 2645 prosequentem,
1443 2591 1506 2630 id-

50 2661 133 2700 que
161 2648 243 2686 hoc
265 2647 439 2686 Luciam·
466 2646 648 2698 aliisque
678 2646 934 2685 testimoniis
970 2648 1121 2700 probat
1150 2659 1295 2688 contra
1326 2647 1505 2696 Vallum,

48 2703 124 2756 qui
144 2702 316 2743 devenio
334 2704 630 2757 ponenieplane
646 2703 860 2740 contrario
881 2702 1007 2742 modo
1030 2705 1313 2746 intellexerat.
1337 2705 1502 2744 Revrz.
