1834 3188
225 211 329 261 542
584 223 1346 257 ADNo‘rA'rronns

222 322 415 380 patebit,
447 319 475 377 ἦ
496 323 537 366 δὲ
555 321 599 362 h.
620 325 649 363 1.
674 322 869 362 absolute
886 321 1105 376 'positum‚
1137 330 1264 377 atque
1295 320 1403 361 adeo
1432 331 1637 363 commate
1667 337 1690 362 a

222 379 499 436 sequentibus
518 379 828 434 sejungendum
849 393 953 420 esse.
983 379 1140 423 LnnM,

336 437 442 477 Ibid.
470 435 711 492 Ἀρτηρίοιν)
742 435 841 474 Vid.
865 435 972 476 Plut.
994 441 1131 490 Συμπ.
1158 438 1304 491 προβλ.
1340 439 1384 476 Ζ.
1411 432 1450 475 ἆ.
1493 435 1567 474 ubi
1594 449 1688 475 cum

221 495 330 535 haec
351 495 512 548 optime
535 508 558 532 a
580 492 746 532 medico
769 502 907 532 essent
930 493 1163 547 explicata,
1195 492 1351 532 inscite
1371 490 1597 531 admodum
1621 492 1691 531 de·

221 554 370 605 inceps
391 565 412 590 a
433 549 751 600 Grammatico‚.
772 549 1046 589 Anatomices
1066 549 1402 604 imperitissimo,
1432 547 1574 589 eadem
1592 549 1692 587 sub-

219 617 462 649 vertuntur.
521 605 706 646 Addevet
723 606 779 649 A.
805 605 904 649 Gell.
925 606 1104 647 eundem
1129 621 1311 647 errorem
1332 614 1525 645 tuentem
1545 605 1689 655 XVII,

221 671 290 711 11.
322 664 493 705 SOLAN.
982 683 984 685 >

333 720 439 761 Ead.
460 723 488 760 1.
513 726 581 765 11.
606 718 829 775 ’'Amen-og)
870 720 1010 762 Antea
1038 719 1259 776 legebatur
1288 716 1481 775 ἀκρατής.
1540 718 1689 760 Prave.

220 778 319 830 Sic,
356 787 407 816 ut
435 777 506 817 edi
537 778 803 829 curavimus,
845 778 1026 818 totidem
1057 778 1197 818 verbis
1217 777 1336 817 Plato
1357 775 1408 817 de
1427 777 1536 829 Rep.
1563 775 1689 816 VIII.

219 837 389 877 somn.
443 830 665 891 Ἀκρατής)
695 835 869 878 Lubens
889 834 1144 886 obsequerer
1168 834 1317 874 Solano
1346 831 1522 887 ἄκρατος
1541 835 1692 885 legen-

219 893 282 933 ti:
314 890 388 931 sed
410 906 507 931 cum
530 892 643 931 nihil
661 892 916 932 variationis
941 891 1177 942 addiderit,
1210 891 1296 929 nisi
1318 889 1436 945 quod
1452 890 1502 932 Β.
1518 894 1559 933 2.
1579 897 1623 928 et
1641 887 1687 929 S.

220 963 393 1004 quoque
416 944 592 1003 ἀκρατὴς
610 948 822 1000 habeant3
854 962 933 1003 ego
965 947 1075 991 Edd,
1106 947 1297 987 studiose
1329 946 1552 997 consului,
1602 959 1691 983 eas..

219 1020 327 1060 que,
363 1020 466 1059 quas
490 1006 641 1045 notavi
665 1007 709 1044 in
733 1008 934 1044 variantt.
956 1019 1099 1044 omnes
1120 1008 1336 1059 vulgatam
1359 1017 1525 1043 servare
1543 1001 1690 1054 depre-

218 1061 377 1110 hendi3
409 1077 489 1102 nec
506 1063 685 1102 invenio
712 1061 820 1101 Cod.
840 1064 975 1100 ullum
996 1070 1213 1108 notatum,
1257 1061 1334 1114 qui
1367 1059 1490 1099 aliter
1521 1058 1688 1098 habeat.

222 1119 418 1172 Cumque
443 1119 576 1173 Steph.
600 1121 726 1159 etiam
748 1116 914 1172 ἀκρατὲς
936 1116 1060 1171 στόμα
1080 1118 1272 1170 passive,
1305 1131 1384 1170 pro
1415 1130 1524 1170 quae
1557 1114 1690 1154 cohi—

218 1175 312 1214 beri
334 1177 509 1229 nequit‚
545 1175 710 1215 adferat
730 1189 783 1214 ex
802 1175 1009 1229 Aristoph.
1044 1189 1131 1213 non
1156 1173 1328 1227 quidem
1355 1180 1689 1212 commonstrato

217 1234 340 1282 loco,
373 1232 478 1286 (qui
499 1241 562 1273 est
591 1233 700 1274 Ran.
733 1231 855 1285 862.)
888 1235 1102 1285 vulgatam
1130 1231 1336 1269 intactam
1363 1230 1575 1273 sinemus.
1609 1226 1692 1265 do-

217 1302 299 1327 nec
323 1290 504 1328 certiora
535 1288 841 1329 invenerimus.
872 1289 1037 1327 Puzrrz.
1099 1286 1313 1340 Equidem
1345 1285 1454 1326 addo
1482 1283 1689 1325 Plutarch.

219 1344 272 1384 de
293 1344 430 1386 Educ.
452 1346 591 1395 XIII,
614 1350 681 1389 17.
702 1343 745 1387 τὸ
771 1343 872 1387 πολὺ
892 1351 965 1398 τῆς
985 1343 1186 1398 ἀκρατοῦς
1208 1346 1275 1385 καὶ
1293 1343 1539 1396 μαινομένης
1567 1338 1692 1393 ’ὕφαι-

217 1407 302 1456 ρεῖν
320 1398 456 1457 ὀργῆς.
515 1402 780 1441 Libertatem
800 1411 938 1441 autem
956 1404 1023 1442 vel
1042 1401 1189 1455 potius
1211 1401 1455 1449 licentiam,
1491 1412 1600 1453 quae
1620 1396 1692 1435 hic

215 1459 359 1512 poetis
382 1459 517 1498 tribui
541 1458 729 1509 videtur,
760 1458 875 1497 haud
897 1459 1025 1498 facile
1050 1459 1104 1497 iis
1127 1459 1351 1512 quisquam
1376 1456 1488 1496 serio
1511 1468 1691 1495 conces-

217 1516 333 1556 serit.
395 1515 617 1554 Lucianus
649 1516 784 1569 igitur
816 1524 890 1553 aut
919 1515 1089 1566 attulit,
1125 1515 1239 1567 quod
1261 1514 1327 1564 fit,
1361 1527 1450 1552 non
1475 1511 1595 1566 quod
1617 1510 1689 1549 fie-

216 1571 254 1609 ri
285 1570 493 1621 debebat,
525 1581 618 1623 aut,
652 1570 795 1626 (quod
814 1572 949 1626 magis
970 1572 1140 1624 placet)
1172 1571 1337 1609 ironice
1370 1568 1509 1618 dixit,
1549 1577 1599 1606 ut
1631 1576 1693 1604 et-

216 1627 301 1665 iam
322 1628 561 1681 sequentia.
620 1628 720 1681 Ipse
743 1627 857 1666 enim
881 1629 926 1666 in
952 1627 1076 1668 Veris
1100 1627 1308 1666 Historiis
1329 1630 1478 1678 poetas
1503 1638 1590 1663 non
1612 1623 1689 1661 mi-

215 1698 322 1731 nus,
355 1699 480 1739 quam
506 1684 764 1735 historicos,
797 1694 973 1737 propter
999 1684 1167 1738 ineptas
1200 1683 1398 1723 fictiones
1432 1680 1557 1723 ridet.
1618 1679 1689 1719 Cf.

212 1740 352 1781 Dian.
379 1742 535 1781 Mortt.
561 1742 698 1796 Diog.
721 1750 764 1780 et
788 1741 915 1780 Herc.
941 1741 1060 1780 XVI.
1084 1741 1215 1781 ,Ru-D.
1453 1739 1455 1741 ¹

327 1797 426 1851 Pag.
452 1802 547 1842 174.
572 1801 599 1837 1.
624 1803 663 1842 1.
683 1796 849 1839 Ἵππων
864 1794 1130 1852 ὑποπτέρων)
1160 1798 1231 1837 De
1251 1795 1423 1851 poetica
1444 1793 1526 1833 hac
1543 1793 1693 1833 celeri-

213 1854 316 1893 tatis
343 1853 636 1907 descriptione
670 1857 795 1897 nlena
824 1869 972 1904 manu,
1014 1863 1065 1892 ut
1094 1856 1227 1902 solet,
1258 1853 1327 1892 La
1350 1851 1477 1893 Cer-da
1501 1848 1554 1889 ad
1580 1851 1687 1889 Aen.

211 1910 301 1960 VI,
329 1915 424 1955 808.
451 1910 567 1950 unde
587 1903 732 1964 petere
764 1912 867 1950 licet
891 1912 1048 1950 omnia.
1111 1909 1331 1964 Quaedam
1355 1910 1483 1948 etiam
1507 1907 1690 1946 Eschen—

215 1967 329 2007 bach.
352 1967 404 2006 ad
427 1967 573 2022 Orphei
594 1968 755 2021 Argon.
779 1972 873 2012 137.
906 1968 1044 2008 GESN.
1107 1968 1236 2006 Confi,
1266 1979 1382 2019 supr.
1409 1966 1557 2005 Somn.
1590 1976 1625 2005 c.
1646 1967 1686 2006 8.

213 2037 268 2062 ex
285 2023 502 2064 divisione
524 2024 690 2074 Solani,
721 2039 838 2063 nunc
860 2028 898 2074 0.
925 2027 989 2068 15.
1019 2025 1186 2063 Rm'rz.

324 2080 429 2120 Εαίῖ·
446 2083 473 2124 l.
494 2086 534 2125 2.
563 2077 652 2122 Ἐπ’
669 2078 899 2133 ἀνθερίκων
920 2079 1056 2135 ἄκρων
1073 2079 1350 2133 θευσομένους
1371 2073 1687 2132 οἷναβιβᾶσηται)

210 2135 374 2177 Allusit
394 2136 446 2176 ad
463 2141 606 2177 locum
628 2137 812 2190 Hesiodi,
847 2137 922 2192 qui
941 2137 1057 2192 apud
1075 2137 1344 2187 Eustatlzium,
1378 2149 1431 2174 ex
1450 2134 1573 2174 libris
1592 2147 1686 2187 per-

215 2193 338 2246 ditis,
369 2193 576 2234 habetur:

418 2248 573 2303 ’Ἄκρον
593 2248 659 2292 ἐπ’
688 2246 919 2302 ιῖνθερίκων
944 2247 1103 2304 καρπὸν
1131 2251 1251 2299 θέεν,
1283 2245 1376 2292 οὐδὲ
1393 2248 1569 2291 κατέκλα.

426 2303 544 2350 Ἀλλ’
572 2309 635 2349 ἐπὶ
650 2311 891 2361 πυραμίνων
913 2305 1075 2362 ἆθέρων
1093 2306 1315 2362 δρομάεσκε
1331 2303 1510 2348 πόδεσσι.

434 2365 560 2418 Super
575 2381 766 2403 summum
785 2368 994 2404 aristarum
1000 2365 1187 2420 fructum
1206 2365 1389 2413 cucurrit,
1411 2379 1531 2418 neque
1535 2361 1680 2418 fivgit.

433 2421 515 2461 Sec]
535 2438 649 2476 super
672 2423 912 2461 triticearum
943 2424 1141 2476 spicarum
1168 2423 1377 2461 cacumina
1405 2419 1584 2460 currebat
1605 2434 1681 2473 pc—

1274 2476 1403 2517 dibus.

212 2532 301 2572 Ubi
332 2534 522 2575 notanda
550 2548 640 2575 vox
673 2531 922 2589 πυρᾶμινος,
966 2535 1117 2590 ignota
1145 2531 1502 2588 Lexicographis.
1561 2530 1675 2570 Usus

213 2599 277 2629 est
307 2590 432 2630 etiam
470 2586 675 2632 Lucianus
708 2591 791 2631 hoc
822 2595 947 2642 loco,
998 2591 1045 2630 in
1077 2590 1250 2646 dialogo
1284 2603 1363 2643 pro
1391 2586 1676 2642 Imaginibus,

213 2645 388 2696 Statim,
422 2646 571 2690 ὁπόταν
591 2645 613 2691 ὁ
637 2646 763 2699 Ζεὺς,
797 2658 931 2689 estex
959 2646 1082 2688 Iliad.
1119 2652 1165 2690 Θ.
1222 2647 1357 2696 Mox,
1388 2645 1485 2699 μέγα
1512 2646 1673 2694 τοίνυν,

211 2701 367 2756 μᾶλλόν
390 2721 429 2746 τε
450 2703 549 2759 ὑπὲρ
576 2706 672 2760 μέγα
692 2711 809 2747 τοῦτο
832 2703 979 2756 κακὸν,
1012 2707 1056 2746 ‘sl
1080 2702 1133 2758 μὴ
1163 2705 1282 2755 εἰδείη
1309 2717 1367 2750 τις
1394 2703 1574 2756 χωρίζειν
1603 2700 1676 2750 τὰς

213 2761 413 2813 ἱστορίας,
445 2761 512 2802 καὶ
531 2759 578 2802 τὰ
598 2766 831 2815 ποιητικῆς,
863 2760 934 2804 ἄλλ
947 2759 958 2775 ’
981 2759 1178 2816 ἐπειςάγει
1200 2764 1249 2815 τῇ
1269 2759 1421 2813 ἱστορίᾳ
1439 2756 1488 2801 τὰ
1505 2763 1576 2812 τῆς
1597 2759 1673 2802 ἑτέὁ
