1834 3188
358 229 682 260 HERMOTIMUS
718 229 825 260 SIVE
860 228 926 258 DE
962 230 1135 264 SECTIS.

47 329 123 384 τὴν
140 329 204 380 δὲ,
235 332 516 382 παραιτεῖσθαι
538 325 777 383 συγγνώμην
794 327 894 380 ἔχειν
915 323 1031 384 αὐτῇ.
1069 324 1168 383 ὑπὲρ
1189 328 1232 382 q)
1263 330 1337 386 γὰρ
1358 335 1433 374 τοῦ
1445 356 1480 388 p,
1494 346 1572 390 776.

1368 221 1431 267 51

47 396 102 452 μὴ
119 401 385 451 πεπειρᾶσθαι
404 394 526 437 ἄλλου
550 393 712 449 ἀνδρὸς,
743 395 841 448 μηδὲ
858 396 897 446 r)
931 391 1113 449 ὁμιλῆσαι
1131 401 1313 450 πλησίον,
1346 403 1430 455 obry-

44 470 175 519 θῆναι
198 464 321 506 ἅπασι
352 470 435 511 τοῖς
462 459 631 516 ἀνδράσι
653 461 812 505 τοιοῦτό
839 481 876 504 τι
895 459 1094 506 οἷποπνεῖν
1121 471 1197 508 τοῦ
1219 465 1427 521 στόματος.

43 536 111 577 καὶ
128 531 360 588 Ἑρμότιμος
380 535 416 578 s)
449 535 662 586 τοιγαροῦν
696 530 763 574 ὂῖτε
786 529 929 585 μόνοις
957 537 1042 580 τοῖς
1061 537 1257 584 Στωϊκοῖς
1279 536 1428 590 ξυνών,

45 604 147 655 φαίη
169 599 218 642 ὄῖν
253 597 273 643 ὁ
293 597 484 649 Πλάτων,
516 596 678 648 εἰκότως
707 597 848 654 ἀγνοεῖ
864 598 986 643 ὁποῖα
1005 605 1086 642 ταῖν
1110 599 1240 645 ἄλλων
1262 603 1310 646 τὰ
1330 606 1430 649 στ’ό-

44 667 147 723 ματά
175 670 292 711 ἔστιν.

357 667 377 680 ιν
516 664 537 680 x2
573 666 591 678 Ἃ
698 669 707 684 ι
823 666 833 679 1
1032 672 1050 686 ν
1180 668 1198 683 Ἢ
1228 673 1247 688 u

354 685 469 721 ομοια
501 670 520 708 ὁ
566 685 616 708 αν
645 685 711 709 και
743 674 985 723 Χρυσιππος
1012 687 1138 721 ειποι,
1170 689 1195 725 η
1225 690 1280 714 ετι
1305 677 1428 717 πλείω

40 735 215 787 τούτων,
249 739 357 790 εἴπερ
389 734 515 777 λιπών
535 734 660 778 αὐτὸν
689 734 870 791 ἄκριτον,
904 739 968 780 ἐπὶ
995 736 1042 779 τοὶ
1064 738 1285 790 Πλάτωνος
1305 738 1429 798 ὁρμή-

41 819 175 858 σαιμι,
206 804 418 853 πιστεύσας
437 806 516 846 τινὶ
539 810 617 846 τῶν
645 802 755 862 μόνῳ
779 802 968 847 Πλάτωνι
989 803 1260 860 ὦμιληκότων.
1307 811 1368 854 ἑνί
1388 829 1428 856 τε

39 871 144 929 λόγῳ
164 871 338 923 ξυνελών
359 891 487 927 φημι,
517 872 628 927 ἄχρις
646 870 696 914 ὂῖν
719 871 871 926 ἄδηλον
888 867 918 927 ἦ
938 878 996 924 τίς
1014 872 1173 929 ἀληθής
1190 878 1268 919 ἐστι
1287 882 1430 934 προαί-

40 955 151 995 ρεσις
182 942 222 982 ἐν
252 945 498 997 φιλοσοφίᾳ,
531 945 726 996 μηδεμίαν
748 939 790 995 t)
822 945 1028 998 αἷρεῖσθα·
1059 942 1176 1000 ὕβρις
1198 946 1273 1002 γάρ
1298 948 1338 997 ἐς
1357 947 1429 998 τοὶς

37 1007 163 1058 Sili-015³
180 1009 224 1051 τὸ
244 1014 428 1052 τοιοῦτον
457 1014 513 1058 ¹¹).

154 1082 292 1119 ΕΡΜ.
320 1071 379 1119 ³52
395 1085 568 1130 Λυκῖνε,
600 1076 703 1133 πρὸς
718 1084 791 1133 τῆς
802 1076 984 1131 Ἑστίας,
1018 1077 1222 1123 Πλάτωνα
1240 1082 1322 1135 μὲν,
1354 1085 1425 1127 καὶ
1449 1092 1504 1135 35

907 1147 915 1162 1

29 1139 336 1200 Ἀριστοτέλην,
360 1149 427 1188 καὶ
451 1144 721 1202 Ἐπίκουρον,
753 1149 820 1190 καὶ
848 1166 943 1198 τους
968 1147 1116 1199 ἄλλους
1145 1147 1329 1205 ἇτρεμεῖν
1353 1152 1428 1194 ἐά-

37 1225 189 1267 σωμεν·
230 1212 278 1255 οὐ
306 1212 383 1270 γὰρ
409 1210 498 1256 κατ’
529 1215 594 1267 ἐμὲ
633 1211 972 1270 ἀνταγωνίζεσθαι
1003 1213 1162 1267 αὐτοῖς·
1199 1219 1337 1273 νῶῑχ)
1368 1221 1424 1273 δὲ,

39 1279 113 1337 ἐγώ
138 1297 198 1332 τε,
229 1283 294 1322 καὶ
324 1281 395 1334 σύ,
428 1280 641 1349 ἐφ’,ἦμῶν
673 1281 807 1326 αὐτῶν
837 1285 1077 1338 ἐξετάσωμεν
1108 1288 1146 1328 εἰ
1171 1286 1354 1331 τοιοῦτόν
1374 1291 1425 1341 y)

86 1426 129 1466 q)
154 1418 295 1464 ὑπὲρ]
320 1415 392 1453 ’ὑπὸ
417 1421 514 1462 conj.
543 1421 779 1466 II'ytienbach.
820 1420 902 1454 Vid.
925 1419 1061 1454 Adnot.
1110 1428 1149 1462 r)
1173 1423 1320 1468 μηδὲ]
1344 1424 1422 1471 „lvi

130 1465 192 1507 δὲ]
230 1468 291 1500 Sic
312 1467 342 1499 J.
366 1467 410 1498 H.
431 1466 485 1498 Fl.
510 1467 577 1506 (Β.
604 1479 632 1500 1.
655 1468 696 1502 A.
720 1479 746 1505 1,
771 1465 827 1510 2.)
851 1473 885 1499 et
903 1467 958 1500 M.
1004 1465 1098 1510 μηδὲ
1127 1477 1270 1503 ceterae
1298 1472 1421 1506 Edd.“

129 1514 190 1548 Sic
221 1520 257 1545 et
279 1514 321 1546 B.
347 1523 375 1545 1.
403 1513 496 1556 Seyb.
521 1513 634 1545 Scltm.
656 1519 767 1548 recte.

840 1515 882 1555 s)
912 1509 931 1546 ἆ
956 1509 1171 1559 ξΕρμοίτ.]
1210 1517 1423 1553 Articulum

126 1559 240 1603 vulgo
261 1558 456 1600 omissum,
484 1558 659 1591 suadente
679 1559 803 1591 Belino
819 1583 828 1600 ,
856 1570 942 1592 cum
971 1561 1085 1592 Sshm.
1113 1562 1260 1596 restitui
1280 1574 1299 1596 e
1318 1573 1382 1607 295
1392 1577 1419 1607 ι..

125 1617 228 1649 30¹¹·

123 1744 312 1778 mendose.

35 1870 217 1910 maxime
256 1870 588 1925 graveolentiam
633 1871 692 1910 il-

32 1931 114 1968 lam
156 1926 305 1966 sciret:
359 1927 473 1965 illam
506 1941 608 1967 vero
648 1928 692 1966 i-

34 1984 181 2038 gnosci
196 1983 279 2021 sibi
300 1984 486 2036 petiisse,
501 1998 544 2022 se
565 1985 691 2035 enim,

35 2040 149 2094 quod
182 2041 318 2078 virum
358 2040 487 2078 alium
518 2051 691 2094 experta

34 2110 121 2134 non
145 2106 272 2144 esset,
305 2110 441 2149 neque
472 2112 523 2136 ex
541 2099 690 2150 proxi-

33 2166 101 2190 mo
125 2166 334 2191 sermones
360 2167 451 2190 cum
478 2168 690 2207 quoquam

33 2208 293 2257 miscuisset,
349 2219 539 2260 putasse,
587 2211 690 2257 viris

34 2264 232 2304 omnibus
254 2266 336 2302 tale
352 2264 550 2316 quiddam
574 2281 618 2305 οε
640 2281 691 2305 0·-

30 2323 130 2361 lere.
202 2320 342 2358 Etiam
400 2320 689 2361 Hermotimus

31 2377 188 2431 igitur,
231 2376 304 2430 qui
338 2376 440 2414 solis
468 2391 558 2414 cum
582 2378 691 2416 Stoi·

33 2434 92 2473 cis
127 2433 281 2482 fuerit,
325 2432 438 2470 dicat
463 2434 607 2483 Plato,
652 2435 690 2471 i-

34 2499 196 2544 gnorat.
219 2504 295 2527 nec
327 2489 368 2526 id
395 2490 560 2535 mirum,
593 2505 689 2543 qua-

33 2547 91 2583 lia
111 2547 286 2584 aliorum
312 2547 398 2584 sint
421 2560 505 2584 ora.
567 2547 690 2584 Simi-

33 2601 91 2639 lia
133 2616 232 2640 vero
265 2602 389 2640 etiam
424 2602 690 2656 Chrysippus

35 2655 171 2706 dicat,
215 2669 286 2696 aut
321 2661 438 2710 plura
472 2658 612 2708 hisce,
655 2660 691 2697 si

35 2712 208 2766 quidem
254 2715 498 2765 relinquens
553 2715 690 2767 ipsum

35 2768 276 2808 inauditum
306 2770 359 2809 ad
379 2772 600 2810 Platonica
627 2786 690 2811 me

300 1605 335 1648 t)
360 1605 630 1648 μηδεμίαν]
660 1605 721 1638 Sic
739 1605 782 1637 B.
809 1616 837 1638 1.
858 1615 890 1648 3·
919 1604 1021 1649 μηδὲ·
1039 1608 1130 1650 μίαν
1150 1610 1269 1642 Reitz.
1301 1615 1340 1643 et
1359 1622 1422 1643 re-

128 1657 242 1684 centt.
291 1651 361 1685 Sed
388 1649 437 1695 μὴ
467 1649 506 1684 o}
531 1651 621 1694 μίαν
651 1653 691 1684 Α.
718 1663 746 1684 ι.
766 1664 796 1686 2.

124 1698 219 1731 Edd.
243 1703 457 1730 constanter
483 1697 605 1741 legere
623 1703 731 1730 notat
759 1697 949 1731 ,ὃοῖαηιιεέι

871 1653 920 1690 u)
953 1650 1003 1687 τὸ
1030 1655 1290 1696 τοιοῦτον]
1331 1656 1420 1698 „Sio

1018 1704 1063 1744 x)
1089 1701 1200 1745 νῶϊ]
1225 1702 1419 1747 νῦνὸοιι.

372 1745 419 1787 y)
439 1744 699 1789 τοιοῦτον]
726 1744 905 1784 τοςοῦτον
927 1745 970 1778 Β.
990 1756 1024 1789 3.

751 1871 991 1921 conferam,
1041 1871 1252 1928 fidemque
1284 1873 1417 1915 habe-

751 1943 816 1967 am
845 1942 989 1966 eorum
1026 1930 1176 1980 alicui,
1213 1931 1288 1984 qui
1320 1930 1413 1971 solo

751 1999 843 2022 cum
865 1985 1043 2025 Platone
1062 1989 1216 2026 versati
1235 1988 1412 2030 fuerint.

750 2041 851 2080 Uno
868 2040 1052 2095 denique
1075 2044 1202 2083 verbo
1224 2059 1414 2097 compre-

750 2097 941 2136 hendens
978 2099 1119 2137 omnia
1147 2103 1238 2153 ajo,
1275 2100 1413 2140 donec

751 2154 975 2192 obscurum
995 2156 1072 2205 sit,
1108 2170 1215 2210 quae
1235 2172 1332 2196 vera
1354 2158 1413 2196 sit

750 2211 795 2248 in
829 2211 1105 2264 philosophia
1135 2223 1267 2262 secta,
1311 2216 1414 2251 nul-

748 2270 830 2305 lam
857 2282 996 2306 earum
1035 2283 1119 2308 esse
1150 2269 1408 2307 sectandam.

748 2324 832 2362 Ista
855 2324 965 2362 enim
993 2326 1251 2364 contumelia
1278 2325 1412 2364 fuerit

749 2379 793 2416 in
813 2381 1010 2432 reliquas.

805 2437 942 2474 Herm.
984 2438 1062 2474 Per
1093 2437 1287 2487 Vestam,
1319 2438 1409 2490 Ly-

749 2491 867 2541 cine,
902 2493 1147 2540 Platonem,
1182 2504 1222 2532 et
1243 2494 1410 2534 Aristo-

748 2551 895 2596 telem,
930 2558 972 2585 et
996 2549 1250 2599 Epicurum,
1284 2561 1325 2589 et
1347 2546 1407 2590 re—

749 2604 892 2656 liquos
923 2604 1132 2655 patiamur
1168 2607 1407 2659 quiescere:

751 2675 888 2712 neque
918 2661 1030 2698 enim
1069 2677 1160 2700 cum
1187 2664 1272 2701 illis
1302 2678 1408 2702 con-

750 2717 921 2755 tendere
946 2731 1079 2755 meum
1101 2728 1173 2760 est,
1226 2720 1318 2758 Nos
1341 2734 1407 2759 ve-

748 2787 810 2821 ro,
844 2787 948 2827 ego,
980 2774 1168 2826 inquam,
1201 2785 1243 2815 et
1264 2787 1311 2815 tu
1333 2788 1408 2829 per

1026 2831 1132 2875 D2
