1834 3188
375 189 477 238 290

868 194 1274 229 LUCIANI

230 301 624 353 ρ,115,δεὶςπαρῆν·
655 297 709 341 ἔτι
736 295 813 352 γὰρ
843 296 1023 350 ἐλέγοντο
1053 289 1286 348 ἀναβαίνειν
1313 295 1384 339 τὸν
1408 301 1480 351 τῆς
1508 295 1652 354 ἀρετῆς
1680 300 1758 350 ὅρ-

375 373 475 412 &cdv
493 365 541 423 Χ)
571 364 715 419 λόφον.
743 361 945 419 ἠκούομεν
965 363 1007 405 δὲ
1026 362 1095 404 καὶ
1111 362 1205 416 περὶ
1228 366 1493 418 Χρυσίππου,
1525 365 1584 409 ὅτι
1601 363 1648 410 οὗ
1663 367 1762 422 πρό-

374 453 493 493 τερον
511 430 618 487 αὐτῷ
645 436 835 489 ἐπιβῆναι
864 437 936 486 τῆς
953 430 1081 484 νήσου
1103 431 1241 483 θέμις,
1287 432 1383 486 πρὶν
1399 430 1443 475 τὸ
1464 435 1648 490 τέταρτον
1671 437 1762 478 ἔαυ-

375 504 448 549 τόν
481 504 706 558 ἐλλεβορίσῃ
728 504 746 529 y
759 507 770 552 )
783 514 791 523 ·

833 499 929 550 τούς
954 499 997 543 δὲ
1017 497 1343 551 Ἀκαδημαϊκοὺς
1362 502 1406 551 ²)
1443 503 1580 559 ἔλεγον
1609 505 1763 546 ἐθέλειν

376 574 450 628 μὲν
470 574 625 618 ἐλθεῖν,
640 569 798 623 ,ἐπέχειν
822 563 862 611 ‹3'
883 569 958 620 ἔτι,
989 569 1057 611 καὶ
1079 568 1410 611 διασκέπτεσθαι·
1448 571 1548 623 μηδὲ
1567 569 1643 627 γὰρ
1665 567 1763 614 αὗτό

378 639 498 684 τοῦτό
518 656 605 689 πως
623 634 965 692 καταλαμβάνειν,
996 639 1032 680 εἰ
1055 640 1125 679 καὶ
1144 635 1271 690 νῆσός
1291 654 1349 686 τις
1368 634 1530 693 τοιαύτη
1548 640 1665 682 ἐστίν.
1696 639 1764 682 ἅλ-

233 705 459 757 Ρῆὶῑὸιλως
475 724 539 758 τε,
569 706 640 749 καὶ
662 703 737 760 τὴν
765 706 830 749 ἐπὶ
860 710 934 748 τοῦ
953 702 1300 760 Ῥαδαμάνθυος,
1344 704 1477 760 οἶμαι,
1517 709 1651 761 κρίσιν
1684 708 1766 750 ἔδε-

378 777 592 826 δοίκεσαν,
623 771 691 817 ἅτε
711 775 780 816 καὶ
800 772 844 816 τὸ
864 771 1075 830 κριτήριον
1097 768 1212 815 αὐτοὶ
1232 772 1493 832 ἀνῃρηκότες.
1535 773 1711 824 πολλοὺς
1726 776 1769 818 δὲ

379 843 515 887 αὐτῶν
535 844 715 897 ἔφασκον
732 838 987 897 ὁρμηθέντας
1005 838 1248 885 ἀκολουθεῖν
1262 849 1346 892 τοῖς
1366 840 1681 897 ἀφικνουμένοις
1697 846 1715 864 ³¹
1728 845 1743 894 )
1755 874 1767 893 ,

378 909 462 955 υπὸ
483 912 658 959 νωθείας
678 911 722 953 δὲ
741 906 1057 961 ἀπολείπεσθαι,
1088 909 1140 964 μὴ
1161 908 1557 965 καταλαμβάνοντας,
1589 913 1657 953 καὶ
1674 908 1769 953 ἄνα-

298 978 353 1018 19
381 980 565 1035 στρέφειν
586 981 629 1022 ἐκ
648 979 769 1033 μέσης
787 984 858 1032 τῆς
881 976 980 1022 ὅδοῦ
1003 974 1064 1034 ¹³.)

1129 973 1252 1022 Οὗτοι
1281 980 1351 1034 μὲν
1372 973 1447 1022 οὖν
1478 973 1582 1033 ἦσαν
1603 981 1645 1021 οἱ
1661 975 1768 1029 ἄξιο-

379 1045 598 1103 λογώτατοι
618 1046 659 1101 ⁰)
688 1053 769 1090 τῶν
787 1045 1017 1103 παρόντων.
1057 1052 1198 1102 τιμῶσι
1214 1049 1255 1090 δὲ
1283 1046 1451 1101 μάλιστα
1480 1046 1551 1089 τὸν
1572 1045 1743 1101 Ἀχιλλέα
1757 1079 1770 1097 ,

378 1117 449 1159 καὶ
471 1113 567 1170 μετὰ
595 1120 763 1167 τοῦτον,
811 1116 958 1169 Θησέα.
997 1117 1090 1168 περὶ
1119 1116 1161 1158 δὲ
1188 1119 1405 1165 συνουσίας
1427 1116 1496 1157 καὶ
1517 1113 1771 1169 ἀφροδισίων

382 1182 487 1227 οὕτω
508 1188 732 1237 φρονοῦσι·
762 1185 972 1239 μίσγονται
991 1183 1063 1236 μὲν
1086 1180 1328 1236 ἀναφανδὸν
1342 1215 1353 1234 ,
1385 1181 1548 1225 πάντων
1566 1180 1769 1238 ὁρώντων,

378 1253 451 1296 καὶ
468 1253 653 1308 γυναιξὶ,
691 1252 758 1294 καὶ
779 1249 939 1306 ἄρσεσι,
981 1252 1052 1294 καὶ
1084 1247 1272 1306 ου’δαμῶς
1300 1255 1416 1294 τοῦτο
1447 1248 1610 1307 αἰσχρὸν
1635 1248 1772 1301 αὐτοῖς

473 1363 769 1416 deprehenditur
795 1365 836 1399 in
865 1365 978 1400 Diall.
1003 1367 1117 1400 Deor.
1141 1367 1226 1404 XX,
1247 1376 1300 1398 10·
1330 1364 1457 1398 Somn.
1485 1374 1513 1400 s.
1539 1363 1638 1397 Gall.
1659 1375 1692 1398 c
1716 1375 1769 1408 19.

473 1418 511 1445 et
531 1423 688 1455 saeplus.
735 1414 782 1455 x)
811 1409 832 1447 ὅ
846 1413 1020 1457 ρθιον]
1046 1413 1150 1446 abest
1169 1424 1190 1445 a
1209 1423 1311 1455 30¹1·
1327 1411 1510 1466 probante
1531 1410 1667 1443 Belino.
1723 1413 1770 1454 y)

471 1456 784 1515 ἐλλεβορίσῃ]
818 1457 1020 1504 ἐλλεβορίσε
1024 1472 1037 1493 ι
1065 1468 1164 1514 2954
1188 1464 1225 1491 et
1244 1468 1348 1500 3011.

1421 1459 1462 1499 z)
1494 1453 1774 1500 Ακαδημαϊ-

473 1516 561 1539 κου
575 1507 617 1545 ς]
644 1504 731 1547 „Sic
751 1505 781 1537 J.
802 1505 849 1537 Η.
860 1506 916 1539 Il.
928 1509 1010 1539 Par.
1029 1511 1099 1539 etc.
1122 1501 1416 1560 Ἀκαὸημιοικους
1439 1502 1553 1535 coll<
1600 1504 1646 1543 a)
1673 1507 1773 1541 τοῖς

473 1547 893 1606 ἀφικνουμένοις]
919 1551 1056 1584 absunt
1084 1551 1128 1584 ab
1159 1552 1255 1595 Aug.

475 1596 596 1638 δου]
622 1594 661 1630 ἐκ
680 1594 945 1640 τῆςμέσηςτῆς
965 1593 1060 1631 ὁδου
1071 1608 1175 1639 3011.

1319 1549 1368 1592 h)
1393 1547 1442 1582 ἐκ
1466 1547 1611 1591 μέσης
1633 1549 1713 1592 τῆς
1735 1562 1774 1582 ο»

1224 1595 1268 1638 c)
1293 1595 1338 1629 οἱ
1363 1590 1772 1638 ἀξιολογώτατοι]

472 1640 744 1699 ,,λογικιότατοι
777 1643 868 1676 Cod.
897 1643 951 1676 Ρ.ἰ
1002 1643 1108 1675 Nihil
1136 1646 1286 1675 mutant
1312 1641 1405 1674 Edd.
1427 1647 1574 1684 praeter
1604 1641 1657 1673 I'l.
1682 1652 1775 1684 quae

474 1686 813 1733 οἷξιολογικώτατοι.
817 1689 842 1707 “
887 1689 1100 1724 Articulum
1122 1688 1235 1733 vulgo
1257 1687 1436 1722 omissum
1451 1687 1607 1732 praefixi
1624 1697 1669 1721 ex
1681 1689 1775 1731 Aug.

473 1741 516 1769 et
538 1735 649 1772 Gorl.

383 1829 528 1871 aderat
552 1847 700 1873 nemo:
733 1832 986 1872 dicebantur
1008 1847 1049 1874 e-

382 1888 471 1926 nim
492 1889 632 1929 adhuc
649 1888 905 1929 adscendere
924 1890 1048 1930 ardu-

382 1958 454 1983 um
495 1945 616 1984 illum
663 1946 839 1985 virtutis
879 1949 1045 1987 collem.

381 2000 671 2041 Audiebamus
692 2003 817 2042 etiam
839 2002 889 2041 de
912 2002 1046 2054 Chry-

381 2056 507 2109 sippo
522 2087 532 2105 ,
566 2072 655 2097 non
674 2058 794 2111 prius
812 2059 878 2097 illi
899 2058 964 2096 fas
984 2073 1046 2098 es·

379 2126 424 2151 se
454 2113 637 2153 insulam
676 2113 866 2167 ingredi,
920 2129 1043 2169 quam

380 2169 568 2209 elleboro
589 2179 783 2223 quartum
801 2185 901 2209 usus
923 2181 1043 2209 esset.

378 2224 660 2265 Academicos
704 2241 805 2266 vero
845 2225 1046 2266 dicebant

379 2283 490 2321 velle
537 2282 707 2336 quidem
745 2283 917 2334 venire,
971 2282 1045 2322 sed

380 2338 592 2379 sustinere
611 2353 654 2379 se
677 2338 839 2389 adhuc,
884 2349 926 2379 et
944 2354 1044 2379 con·

381 2392 590 2435 siderare:
639 2410 779 2449 neque
815 2395 927 2435 enim
959 2396 1044 2435 hoc

381 2447 521 2500 ipsum
560 2451 658 2491 illos
701 2452 943 2516 percipere,
989 2467 1043 2491 an

378 2504 519 2545 insula
561 2508 658 2546 talis
702 2509 771 2548 sit.
830 2508 1045 2563 Alioquin

378 2561 505 2600 etiam
530 2563 874 2615 Rhadamanthi,
908 2575 1039 2619 puto,

376 2616 582 2665 judicium
613 2630 830 2671 metuunt,
865 2623 939 2675 qui
970 2636 1042 2675 lp-

1107 1847 1155 1873 ro
1180 1833 1376 1883 illorum,
1409 1829 1660 1881 narrabant,
1693 1830 1773 1869 im-

1106 1899 1211 1943 petu
1243 1899 1369 1956 cap-to
1402 1888 1526 1940 sequi
1559 1902 1654 1939 θοε,
1694 1887 1771 1940 qui

1107 1947 1282 1986 veniant
1312 1948 1352 1984 in
1372 1944 1565 1989 insulam,
1597 1942 1670 1982 sed
1701 1944 1772 1997 ig—

1106 2002 1234 2042 navia
1258 2000 1438 2054 quadam
1463 2000 1664 2049 deficere,
1699 2013 1772 2037 an-

1107 2068 1149 2098 te
1173 2072 1297 2111 quam
1321 2066 1623 2111 assequantur,
1656 2065 1699 2094 et
1720 2054 1772 2094 de

1102 2115 1242 2153 media
1265 2116 1334 2153 via
1353 2114 1522 2155 reverti,
1582 2112 1643 2151 Hi
1668 2112 1771 2165 qui-

1104 2170 1197 2210 dem
1216 2171 1348 2226 igitur
1368 2185 1513 2210 eorum
1531 2201 1542 2220 ‚
1577 2169 1652 2222 qui
1673 2167 1769 2207 ade-

1103 2238 1222 2277 rant,
1256 2227 1442 2267 maxime
1471 2237 1768 2266 commemora-

1102 2283 1224 2323 biles.
1303 2284 1501 2323 Maximo
1541 2291 1679 2320 autem
1721 2280 1766 2318 in

1103 2339 1269 2380 honore
1292 2341 1451 2380 habent
1471 2337 1695 2387 Achillem,
1724 2346 1768 2375 et

1102 2407 1201 2449 post
1227 2397 1367 2448 hunc,
1408 2396 1633 2435 Theseum.
1695 2393 1766 2432 De

1102 2454 1222 2492 coitu
1253 2464 1295 2494 et
1324 2453 1447 2493 rebus
1479 2449 1670 2490 venereis
1703 2449 1763 2487 ita

1104 2510 1331 2552 sentiunt.
1369 2508 1559 2548 Miscent
1584 2519 1764 2559 corpora

1101 2566 1295 2618 publice,
1355 2575 1397 2605 et
1446 2564 1491 2601 in
1528 2571 1761 2613 conspectu

1101 2623 1316 2672 omnium,
1377 2634 1470 2659 cum
1512 2617 1758 2657 mulieribus

376 2683 464 2709 sum
511 2675 733 2724 judicandi
773 2677 1040 2717 instrumen-
1096 2679 1255 2729 pariter
1283 2686 1324 2717 et
1357 2691 1451 2715 cum
1475 2674 1682 2723 maribus,
1715 2683 1758 2713 et

377 2734 464 2765 tum
481 2732 744 2773 sustulerint.
778 2734 946 2774 Multos
967 2749 1035 2776 ve·
1095 2747 1363 2790 nequaquam
1391 2736 1545 2774 mulum
1566 2730 1649 2773 hoc
1670 2705 1756 2771 illis
