1834 3188
357 167 528 201 VERAE
565 167 839 200 ffls‘romAE
874 166 968 199 Lm.
1005 166 1036 198 1.
1317 153 1417 199 269

34 267 178 314 λοιπόν
220 269 516 325 ἐπεκρατοῦμεν
546 272 617 321 τῆς
643 271 727 323 γῆς.
790 266 868 308 Και
897 261 981 318 μετ’
1020 261 1071 306 οὗ
1105 262 1208 307 πολῦ
1238 263 1422 318 κήρυκας
1438 283 1514 307 101.
1531 278 1587 319 39

35 335 359 387 αποστείλαντες,
397 333 568 391 νεκρούς
588 352 627 377 τε
659 329 907 390 ἀνῃροῦντο,
941 333 1008 374 καὶ
1024 333 1114 387 περὶ
1135 334 1272 413 φιλίας
1293 334 1423 376 διελέ-

37 423 170 463 γοντο.
200 403 296 459 ημῖν
317 407 357 447 δὲ
379 401 456 447 ov’n
479 402 608 447 ἐδόκει
637 403 902 443 σπένδεσθαι·
937 398 1032 442 ἀλλὰ
1058 405 1108 458 τῇ
1130 399 1320 456 ὑστεραίᾳ
1347 419 1422 455 χω-

38 472 232 530 ρήσαντες
263 471 330 516 ἐπ’
356 471 528 523 αὐτοὺς,
566 469 718 518 πάντας
747 467 874 522 ἄρδην
902 468 1169 523 ἐξεκόψαμεν,
1211 468 1315 522 πλὴν
1343 475 1425 512 τῶν

43 541 444 596 Τριτωνομενδήτων.
477 537 592 584 οὗτοι
615 539 656 580 δὲ
675 534 728 586 ὦς
748 536 854 579 εἶδον
871 537 919 579 τοὶ
935 537 1148 594 γιγνόμενα
1168 541 1229 590 a),
1262 541 1425 592 διαδρα-

37 609 182 666 μόντες
203 605 252 663 b)
286 612 328 653 ἐκ
350 616 428 652 τῶν
453 611 673 665 βραγχίων,
716 601 884 657 οἷφῆκαν
913 604 1061 655 αὐτούς
1084 606 1124 661 c)
1157 609 1213 656 εἰς
1237 605 1311 660 τήν
1337 603 1426 648 θά-

36 685 195 722 λατταν.
232 676 349 732 ’ἡμεῖς
379 679 419 720 δὲ
445 677 518 731 τὴν
545 673 678 729 χώραν
707 671 963 725 ἐπελθόντες,
1008 676 1158 728 ἔρημον
1187 674 1267 728 ’ἤδη
1297 668 1427 716 οὖσαν

37 750 118 790 τῶν
143 749 363 801 πολεμίων,
413 744 456 788 τό
484 741 627 786 λοιπὸν
660 740 789 791 ἀδεῶς
816 747 1076 796 κατῳκοῦμεν
1106 740 1177 797 (¹),
1219 742 1268 784 τοὶ
1299 740 1427 784 πολλοὶ

38 818 276 897 γυμνασίοις
292 832 332 857 τε
349 816 416 857 καὶ
432 813 689 867 κυνηγεσίοις
703 808 924 865 χρώμενοι,
956 813 1021 852 καὶ
1040 807 1425 866 ἀμπελουργοῦντες,

41 884 108 924 καὶ
126 881 196 924 τὸν
216 880 374 937 καρπὸν
395 877 721 936 συγκομιζόμενοι
736 877 806 920 τὸν
830 880 872 920 ἐκ
892 897 972 920 των
994 881 1192 934 δένδρων·
1224 882 1291 921 καὶ
1309 878 1425 929 ὅλως,

40 949 226 1008 ἐῳκειμεν
246 957 329 1000 τοῖς
353 951 393 991 ἐν
414 951 667 1005 δεσμωτηρίῳ
690 945 847 1002 μεγαλῳ
868 949 936 989 καὶ
955 946 1123 1006 ἀφύκτῳ
1145 951 1189 1001 e)
1220 953 1428 1003 τρυφῶσι,

39 1020 107 1061 καὶ
123 1020 366 1107 λελυμένοις.
400 1016 584 1059 ἐνιαυτὸν
604 1017 675 1070 μὲν
697 1017 794 1067 οὐν,
826 1017 892 1058 καὶ
913 1021 1043 1070 μῆνας
1062 1012 1167 1058 ὄκτώ
1181 1022 1326 1059 τοῦτον
1344 1019 1428 1069 διη·

42 1086 219 1142 γᾶγομεν
238 1082 275 1138 f)
305 1086 376 1127 τὸν
394 1083 559 1140 τρόπον
629 1089 692 1141 Τῷ
709 1080 747 1126 δ’
772 1082 922 1142 ἔννάτῳ
949 1085 1062 1138 μηνὶ,
1094 1085 1250 1138 πέμπτῃ
1278 1084 1430 1138 ἷσταμέ·
1455 1086 1512 1128 40

43 1172 145 1206 νου,
176 1173 269 1210 περι
285 1152 359 1207 τὴν
381 1153 567 1204 δευτέραν
591 1158 667 1195 τοῦ
697 1150 891 1206 στόματος
909 1150 1089 1202 ἄνοιξιν,
1122 1152 1256 1208 (ἅπαξ
1287 1151 1362 1208 γὰρ
1383 1150 1431 1205 δὴ

1 1273 4 1277 ,
44 1227 165 1265 τοῦτο
184 1221 283 1264 κατὰ
303 1221 375 1274 τὴν
396 1218 504 1274 ὤραν
523 1219 696 1274 ἑκάστην
714 1223 839 1264 ἐποίει
855 1218 898 1262 τό
917 1225 1051 1274 κῆτος,
1086 1220 1182 1269 dign
1203 1219 1312 1275 ’ἡμᾶς
1331 1219 1435 1275 πρὸς

44 1291 116 1340 τὰς
135 1287 306 1341 ἀνοίξεις
328 1292 608 1343 τεκμαίρεσθαι
636 1287 706 1339 τὰς
741 1288 870 1344 ὥρας)
905 1291 995 1345 περὶ
1021 1284 1094 1331 οὖν
1116 1288 1190 1342 τὴν
1221 1290 1482 1340 δευτέραν,Ρ.
1499 1306 1577 1330 102.

16 1378 24 1385 ·
48 1357 105 1409 ὥς
137 1361 264 1412 ἔφην,
297 1356 474 1408 ἄνοιξιν,
521 1356 639 1411 ἅφνω
672 1356 749 1412 βοή
770 1376 811 1401 τε
831 1358 981 1412 πολλὴ,
1013 1360 1080 1400 καὶ
1095 1356 1279 1413 θόρυβος
1299 1353 1438 1411 η’κού-

96 1474 142 1517 a)
177 1471 459 1526 γιγνόμενα]
496 1471 672 1518 γινόμενα
701 1472 765 1505 iid.
838 1472 887 1512 h)
923 1471 1309 1527 διαδραμόντες]
1351 1474 1439 1507 &coc-

141 1517 295 1572 δράντες
314 1521 379 1553 iid.
405 1521 505 1553 haud
526 1520 763 1564 improbante
785 1519 921 1550 Belum.
972 1522 1013 1560 c)
1043 1516 1245 1561 αυτους]
1272 1516 1441 1562 ,,αυ’τους

141 1565 264 1598 Edd.
314 1566 361 1609 d)
389 1567 725 1612 κατῳκοῦμεν]
752 1565 1110 1608 κατοικοῦμενόοιι.
1147 1570 1189 1606 e)
1218 1564 1439 1612 ἀφύκτῳ]

141 1612 320 1653 „Sicjam
338 1619 437 1646 recte
458 1614 551 1646 Edd.
576 1613 684 1646 Conf
710 1612 954 1656 supraDiall.
974 1614 1086 1645 Deor.
1107 1613 1224 1646 XVII.
1246 1621 1281 1646 et
1302 1614 1439 1656 Quom.

144 1658 242 1691 Hist.
259 1670 290 1692 c.
312 1659 368 1694 62.
376 1661 399 1679 “
455 1660 498 1704 f)
526 1656 844 1704 διηγάγομεν]
871 1659 929 1691 Ita
949 1667 1049 1703 2954.
1096 1659 1142 1691 In
1161 1659 1348 1703 prioribus
1368 1659 1441 1692 hac

0 1751 155 1810 ‘'pum
208 1751 484 1792 obtinuimus.
562 1753 717 1805 Neque

0 1846 1 1855 ,
53 1812 188 1848 multo
210 1818 328 1861 post,
364 1809 717 1848 caduceatoribus

52 1866 214 1915 missis,
248 1875 289 1904 et
312 1877 501 1905 mortuos
529 1869 716 1914 tollunt,

56 1933 99 1962 et
137 1932 268 1976 agunt
299 1922 348 1962 de
373 1923 574 1961 amicitia.
638 1921 719 1962 Sed

55 1978 183 2018 nobis
221 1993 306 2017 non
341 1980 505 2030 placuit
542 1978 717 2017 foedus:

57 2035 161 2088 quin
181 2035 388 2086 postridie
404 2039 494 2088 ejus
514 2035 598 2073 diei
619 2050 719 2074 con-

58 2101 121 2130 tra
145 2091 241 2129 illos
270 2092 455 2142 profecti
490 2093 717 2132 confertim

59 2161 204 2186 omnes
245 2146 500 2197 delevimus,
554 2159 720 2200 praeter

56 2203 475 2243 Tritonomendetas.
511 2206 569 2242 Hi
593 2205 720 2251 enim,

59 2258 163 2314 quid
226 2260 342 2298 fieret
403 2257 722 2308 animadverso,

63 2330 187 2354 cursu
219 2316 365 2368 petitis
398 2316 641 2361 branchiis,
678 2316 720 2352 in

61 2387 174 2411 mare
195 2372 292 2410 inde
314 2372 578 2411 desilierunt.
630 2372 721 2410 Nos

63 2442 165 2466 vero
194 2438 283 2466 tota
316 2432 491 2466 lustrata
524 2428 720 2481 regione,

69 2498 174 2536 quae
195 2488 276 2538 jam
299 2500 430 2523 vacua
453 2496 561 2523 esset
585 2484 726 2522 hosti-

66 2540 165 2590 bus,
198 2542 361 2592 reliquo
383 2552 572 2593 tempore
593 2552 725 2579 metus

66 2607 259 2647 expertes
289 2596 606 2648 habitabamus,
649 2612 728 2635 ex-

67 2652 389 2692 ercitationibus
411 2658 588 2692 multum
606 2663 728 2692 uten-

69 2719 131 2746 tes
153 2719 194 2747 et
216 2719 384 2757 venatu,
401 2710 635 2764 vineasque
658 2724 727 2748 co·

776 1755 934 1803 lentes,
977 1760 1018 1791 et
1041 1752 1229 1790 fructum
1251 1767 1444 1804 compor-

778 1818 915 1846 tantes
947 1823 999 1847 ex
1031 1808 1276 1856 arboribus;
1323 1818 1363 1847 et
1398 1809 1443 1846 in

779 1866 1025 1903 universum
1068 1865 1225 1904 similes
1260 1864 1445 1904 videba-

781 1936 872 1960 mur
907 1921 1155 1960 hoininibus
1204 1922 1248 1959 in
1290 1935 1443 1975 magno

779 1977 961 2033 quodam
987 1993 1172 2027 carcere7
1205 1978 1319 2015 unde
1342 1979 1446 2031 fuga

778 2049 864 2073 non
887 2045 963 2082 est,
997 2033 1174 2073 delicate
1198 2034 1445 2073 viventibus

779 2106 826 2129 ac
860 2091 1027 2128 solutis.
1101 2093 1271 2128 Annum
1313 2091 1446 2144 igitur

780 2157 820 2186 et
844 2162 1006 2186 menses
1028 2157 1125 2185 octo
1148 2147 1336 2185 adhunc
1359 2160 1447 2184 mo·

782 2203 879 2241 dum
914 2204 1172 2244 vixeramus.
1233 2203 1312 2243 Sed
1339 2200 1446 2240 noni

782 2260 938 2297 mensis
970 2260 1038 2297 die
1071 2262 1225 2313 quinto
1258 2259 1446 2305 decimo,

783 2316 892 2353 circa
931 2317 1158 2354 secundam
1197 2316 1280 2354 oris
1318 2328 1450 2366 aper-

784 2371 966 2420 tionem,
1001 2375 1148 2418 (semel
1167 2372 1278 2411 enim
1299 2372 1340 2408 in
1362 2369 1448 2407 sin-

785 2430 902 2480 gulas
929 2429 1051 2466 horas
1074 2429 1153 2465 boc
1177 2427 1359 2464 faciebat
1385 2440 1449 2464 ce-

787 2494 878 2531 tus,
913 2495 960 2521 ut
984 2485 1070 2521 illis
1093 2484 1281 2520 hiatibus
1307 2484 1448 2535 signa-

785 2555 828 2578 re
883 2538 1006 2577 horas
1044 2536 1292 2592 possemus)
1337 2540 1448 2576 circa

786 2595 1018 2634 secundum
1043 2611 1157 2647 ergo,
1178 2606 1223 2633 ut
1244 2595 1448 2641 dicebam,

786 2651 948 2690 hiatum
993 2655 1149 2689 multus
1180 2652 1325 2690 subito
1355 2654 1447 2689 cla—-

786 2723 901 2757 mor,
939 2711 1235 2762 tumultusque
1263 2707 1446 2747 exaudi-
