<?xml version="1.0" encoding="UTF-8"?>
<!DOCTYPE html PUBLIC "-//W3C//DTD XHTML 1.0 Transitional//EN"
    "http://www.w3.org/TR/xhtml1/DTD/xhtml1-transitional.dtd">
<html xmlns="http://www.w3.org/1999/xhtml" xml:lang="en" lang="en">
 <head>
  <title>
</title>
<meta http-equiv="Content-Type" content="text/html;charset=utf-8" />
  <meta name='ocr-system' content='tesseract 3.04.00' />
  <meta name='ocr-capabilities' content='ocr_page ocr_carea ocr_par ocr_line ocrx_word'/>
</head>
<body>
  <div class='ocr_page' id='page_1' title='image "./operagraecaetlat04luciuoft/operagraecaetlat04luciuoft_0367.png"; bbox 0 0 1834 3188; ppageno 0'>
   <div class='ocr_carea' id='block_1_1' title="bbox 510 196 1551 242">
    <p class='ocr_par' dir='ltr' id='par_1_1' title="bbox 510 196 1551 242">
     <span class='ocr_line' id='line_1_1' title="bbox 510 196 1551 242; baseline -0.002 -7"><span class='ocrx_word' id='word_1_1' title='bbox 510 203 1208 235; x_wconf 76' lang='lat' dir='ltr'>TYRANNICIDA.</span> <span class='ocrx_word' id='word_1_2' title='bbox 1451 196 1551 242; x_wconf 82' lang='lat'><strong>339</strong></span> 
     </span>
    </p>
   </div>
   <div class='ocr_carea' id='block_1_2' title="bbox 169 296 1696 430">
    <p class='ocr_par' dir='ltr' id='par_1_2' title="bbox 169 296 1696 430">
     <span class='ocr_line' id='line_1_2' title="bbox 169 296 1696 381; baseline -0.002 -33"><span class='ocrx_word' id='word_1_3' title='bbox 169 303 391 358; x_wconf 79' lang='grc' dir='ltr'><strong><em>δεσπότης;</em></strong></span> <span class='ocrx_word' id='word_1_4' title='bbox 424 297 473 346; x_wconf 81' lang='grc' dir='ltr'><strong>οὗ</strong></span> <span class='ocrx_word' id='word_1_5' title='bbox 495 300 641 357; x_wconf 82' lang='grc' dir='ltr'><strong><em>βαρύς;</em></strong></span> <span class='ocrx_word' id='word_1_6' title='bbox 671 318 749 344; x_wconf 87' lang='grc' dir='ltr'><strong>ουκ</strong></span> <span class='ocrx_word' id='word_1_7' title='bbox 767 296 996 381; x_wconf 62' lang='grc' dir='ltr'><strong><em>ἀφόρητος</em></strong></span> <span class='ocrx_word' id='word_1_8' title='bbox 1007 315 1084 351; x_wconf 75' lang='grc' dir='ltr'><strong><em>ἠν;</em></strong></span> <span class='ocrx_word' id='word_1_9' title='bbox 1113 303 1188 341; x_wconf 80' lang='grc' dir='ltr'><strong>νῦν</strong></span> <span class='ocrx_word' id='word_1_10' title='bbox 1209 299 1250 342; x_wconf 81' lang='grc' dir='ltr'><strong>δὲ</strong></span> <span class='ocrx_word' id='word_1_11' title='bbox 1269 302 1337 345; x_wconf 86' lang='grc' dir='ltr'><strong><em>καὶ</em></strong></span> <span class='ocrx_word' id='word_1_12' title='bbox 1355 301 1400 346; x_wconf 84' lang='grc' dir='ltr'><strong><em>τό</em></strong></span> <span class='ocrx_word' id='word_1_13' title='bbox 1419 301 1603 356; x_wconf 64' lang='lat' dir='ltr'><strong>nemci-p.</strong></span> <span class='ocrx_word' id='word_1_14' title='bbox 1621 318 1696 353; x_wconf 79' lang='lat'>153.</span> 
     </span>
     <span class='ocr_line' id='line_1_3' title="bbox 169 364 1696 430; baseline -0.002 -14"><span class='ocrx_word' id='word_1_15' title='bbox 169 379 287 416; x_wconf 86' lang='grc' dir='ltr'><strong><em>λαιον</em></strong></span> <span class='ocrx_word' id='word_1_16' title='bbox 306 370 404 415; x_wconf 72' lang='grc' dir='ltr'><strong><em>αὐτὸ</em></strong></span> <span class='ocrx_word' id='word_1_17' title='bbox 426 369 658 424; x_wconf 80' lang='grc' dir='ltr'><strong><em>ἐννοησατε</em></strong></span> <span class='ocrx_word' id='word_1_18' title='bbox 689 368 713 412; x_wconf 75' lang='grc' dir='ltr'><em>ὃ</em></span> <span class='ocrx_word' id='word_1_19' title='bbox 730 366 806 424; x_wconf 72' lang='grc' dir='ltr'><strong><em>γὰρ</em></strong></span> <span class='ocrx_word' id='word_1_20' title='bbox 829 368 948 416; x_wconf 81' lang='grc' dir='ltr'><strong><em>οὗτος</em></strong></span> <span class='ocrx_word' id='word_1_21' title='bbox 972 364 1132 410; x_wconf 67' lang='grc' dir='ltr'><strong><em>ἀπαιτεῖ</em></strong></span> <span class='ocrx_word' id='word_1_22' title='bbox 1145 366 1245 425; x_wconf 79' lang='grc' dir='ltr'><strong><em>παρ’</em></strong></span> <span class='ocrx_word' id='word_1_23' title='bbox 1266 372 1386 424; x_wconf 76' lang='grc' dir='ltr'><strong><em>ἐμοῦ,</em></strong></span> <span class='ocrx_word' id='word_1_24' title='bbox 1418 377 1602 430; x_wconf 71' lang='grc' dir='ltr'><strong><em>τοῦτο,Ρ.</em></strong></span> <span class='ocrx_word' id='word_1_25' title='bbox 1620 395 1659 428; x_wconf 84' lang='lat'><strong>15</strong></span> <span class='ocrx_word' id='word_1_26' title='bbox 1663 397 1696 428; x_wconf 72' lang='lat'><strong>4„</strong></span> 
     </span>
    </p>
   </div>
   <div class='ocr_carea' id='block_1_3' title="bbox 168 434 1559 1039">
    <p class='ocr_par' dir='ltr' id='par_1_3' title="bbox 168 434 1559 1039">
     <span class='ocr_line' id='line_1_4' title="bbox 171 434 1554 496; baseline -0.001 -10"><span class='ocrx_word' id='word_1_27' title='bbox 171 439 226 493; x_wconf 81' lang='grc' dir='ltr'><strong>ὧς</strong></span> <span class='ocrx_word' id='word_1_28' title='bbox 255 443 370 496; x_wconf 80' lang='grc' dir='ltr'><strong><em>ἐνῆν,</em></strong></span> <span class='ocrx_word' id='word_1_29' title='bbox 412 439 551 496; x_wconf 80' lang='grc' dir='ltr'><strong><em>α’ριστα</em></strong></span> <span class='ocrx_word' id='word_1_30' title='bbox 584 434 878 491; x_wconf 78' lang='grc' dir='ltr'><strong><em>διεπραξαμην,</em></strong></span> <span class='ocrx_word' id='word_1_31' title='bbox 919 437 987 478; x_wconf 82' lang='grc' dir='ltr'><strong><em>καὶ</em></strong></span> <span class='ocrx_word' id='word_1_32' title='bbox 1013 435 1085 479; x_wconf 84' lang='grc' dir='ltr'><strong><em>τὸν</em></strong></span> <span class='ocrx_word' id='word_1_33' title='bbox 1109 435 1312 491; x_wconf 83' lang='grc' dir='ltr'><strong><em>τύραννον</em></strong></span> <span class='ocrx_word' id='word_1_34' title='bbox 1342 438 1554 484; x_wconf 83' lang='grc' dir='ltr'><strong><em>απέκτεινα</em></strong></span> 
     </span>
     <span class='ocr_line' id='line_1_5' title="bbox 169 502 1555 568; baseline -0.001 -14"><span class='ocrx_word' id='word_1_35' title='bbox 169 512 288 568; x_wconf 76' lang='grc' dir='ltr'><strong><em>ἑτέρῳ</em></strong></span> <span class='ocrx_word' id='word_1_36' title='bbox 309 509 447 566; x_wconf 84' lang='grc' dir='ltr'><em>φόνῳ,</em></span> <span class='ocrx_word' id='word_1_37' title='bbox 480 506 552 562; x_wconf 74' lang='grc' dir='ltr'><strong>οὐχ</strong></span> <span class='ocrx_word' id='word_1_38' title='bbox 579 505 732 556; x_wconf 72' lang='grc' dir='ltr'><strong><em>ἅπλῶς,</em></strong></span> <span class='ocrx_word' id='word_1_39' title='bbox 766 502 860 547; x_wconf 69' lang='grc' dir='ltr'><strong>οὐδὲ</strong></span> <span class='ocrx_word' id='word_1_40' title='bbox 877 509 1008 562; x_wconf 79' lang='grc' dir='ltr'><em>πληγῇ</em></span> <span class='ocrx_word' id='word_1_41' title='bbox 1029 509 1119 561; x_wconf 77' lang='grc' dir='ltr'><strong><em>μιᾷ,</em></strong></span> <span class='ocrx_word' id='word_1_42' title='bbox 1153 504 1249 559; x_wconf 77' lang='grc' dir='ltr'><strong><em>ὅπερ</em></strong></span> <span class='ocrx_word' id='word_1_43' title='bbox 1278 503 1555 552; x_wconf 71' lang='grc' dir='ltr'><strong><em>εὐκταιότατον</em></strong></span> 
     </span>
     <span class='ocr_line' id='line_1_6' title="bbox 168 570 1558 635; baseline -0.007 -15"><span class='ocrx_word' id='word_1_44' title='bbox 168 573 223 632; x_wconf 77' lang='grc' dir='ltr'><strong><em>ἧν</em></strong></span> <span class='ocrx_word' id='word_1_45' title='bbox 248 577 377 635; x_wconf 72' lang='grc' dir='ltr'><strong><em>αὐτῷ,</em></strong></span> <span class='ocrx_word' id='word_1_46' title='bbox 410 578 474 620; x_wconf 76' lang='grc' dir='ltr'><strong>ἐπὶ</strong></span> <span class='ocrx_word' id='word_1_47' title='bbox 490 573 736 631; x_wconf 79' lang='grc' dir='ltr'><strong><em>τηλικούτοις</em></strong></span> <span class='ocrx_word' id='word_1_48' title='bbox 760 570 1025 626; x_wconf 66' lang='grc' dir='ltr'><strong><em>ἀδικήμασιν,</em></strong></span> <span class='ocrx_word' id='word_1_49' title='bbox 1057 571 1154 614; x_wconf 70' lang='grc' dir='ltr'><strong><em>ἄλλα</em></strong></span> <span class='ocrx_word' id='word_1_50' title='bbox 1171 573 1275 630; x_wconf 79' lang='grc' dir='ltr'><em>λύπῃ</em></span> <span class='ocrx_word' id='word_1_51' title='bbox 1295 581 1558 632; x_wconf 69' lang='grc' dir='ltr'><strong><em>προβασανί-</em></strong></span> 
     </span>
     <span class='ocr_line' id='line_1_7' title="bbox 172 639 1558 701; baseline 0.001 -13"><span class='ocrx_word' id='word_1_52' title='bbox 172 660 245 695; x_wconf 85' lang='grc' dir='ltr'><strong>σας</strong></span> <span class='ocrx_word' id='word_1_53' title='bbox 265 647 310 699; x_wconf 79' lang='lat'><strong>⁰)</strong></span> <span class='ocrx_word' id='word_1_54' title='bbox 341 651 489 701; x_wconf 80' lang='grc' dir='ltr'><strong><em>πολλῇ,</em></strong></span> <span class='ocrx_word' id='word_1_55' title='bbox 526 646 595 688; x_wconf 81' lang='grc' dir='ltr'><strong><em>καὶ</em></strong></span> <span class='ocrx_word' id='word_1_56' title='bbox 626 646 669 687; x_wconf 81' lang='grc' dir='ltr'><strong><em>ἐν</em></strong></span> <span class='ocrx_word' id='word_1_57' title='bbox 705 639 935 696; x_wconf 76' lang='grc' dir='ltr'><strong><em>ὄφθαλμοῖς</em></strong></span> <span class='ocrx_word' id='word_1_58' title='bbox 959 644 1089 691; x_wconf 78' lang='grc' dir='ltr'><strong><em>δείξας</em></strong></span> <span class='ocrx_word' id='word_1_59' title='bbox 1118 640 1166 683; x_wconf 68' lang='grc' dir='ltr'><strong>τὰ</strong></span> <span class='ocrx_word' id='word_1_60' title='bbox 1197 645 1365 695; x_wconf 77' lang='grc' dir='ltr'><strong><em>φίλτατα</em></strong></span> <span class='ocrx_word' id='word_1_61' title='bbox 1392 649 1558 701; x_wconf 75' lang='grc' dir='ltr'><strong><em>οἰκτρῶς</em></strong></span> 
     </span>
     <span class='ocr_line' id='line_1_8' title="bbox 170 707 1559 769; baseline 0.001 -14"><span class='ocrx_word' id='word_1_62' title='bbox 170 715 419 767; x_wconf 80' lang='grc' dir='ltr'><strong><em>προκείμενα</em></strong></span> <span class='ocrx_word' id='word_1_63' title='bbox 437 710 484 769; x_wconf 68' lang='lat' dir='ltr'><strong>d)</strong></span> <span class='ocrx_word' id='word_1_64' title='bbox 498 747 509 764; x_wconf 87' lang='lat'>‚</span> <span class='ocrx_word' id='word_1_65' title='bbox 540 713 632 755; x_wconf 77' lang='grc' dir='ltr'><strong><em>υἱὸν</em></strong></span> <span class='ocrx_word' id='word_1_66' title='bbox 651 713 693 755; x_wconf 79' lang='grc' dir='ltr'><strong><em>ἐν</em></strong></span> <span class='ocrx_word' id='word_1_67' title='bbox 712 707 870 767; x_wconf 71' lang='grc' dir='ltr'><strong><em>ἡλικίᾳ,</em></strong></span> <span class='ocrx_word' id='word_1_68' title='bbox 904 712 941 752; x_wconf 84' lang='grc' dir='ltr'><strong>εἰ</strong></span> <span class='ocrx_word' id='word_1_69' title='bbox 965 711 1031 752; x_wconf 83' lang='grc' dir='ltr'><strong><em>καὶ</em></strong></span> <span class='ocrx_word' id='word_1_70' title='bbox 1049 710 1232 766; x_wconf 84' lang='grc' dir='ltr'><strong><em>πονηρὸν</em></strong></span> <span class='ocrx_word' id='word_1_71' title='bbox 1245 744 1255 762; x_wconf 91' lang='grc'><strong>,</strong></span> <span class='ocrx_word' id='word_1_72' title='bbox 1284 710 1377 755; x_wconf 73' lang='grc' dir='ltr'><strong>ἄλλ’</strong></span> <span class='ocrx_word' id='word_1_73' title='bbox 1397 708 1472 757; x_wconf 73' lang='grc' dir='ltr'><strong><em>οὖν</em></strong></span> <span class='ocrx_word' id='word_1_74' title='bbox 1492 717 1559 757; x_wconf 85' lang='grc' dir='ltr'><strong><em>καὶ</em></strong></span> 
     </span>
     <span class='ocr_line' id='line_1_9' title="bbox 171 778 1558 837; baseline 0.002 -14"><span class='ocrx_word' id='word_1_75' title='bbox 171 778 424 836; x_wconf 65' lang='grc' dir='ltr'><strong><em>ἀκμάζοντα,</em></strong></span> <span class='ocrx_word' id='word_1_76' title='bbox 453 783 520 824; x_wconf 79' lang='grc' dir='ltr'><strong><em>καὶ</em></strong></span> <span class='ocrx_word' id='word_1_77' title='bbox 552 779 694 835; x_wconf 80' lang='grc' dir='ltr'><strong><em>ὅμοιον</em></strong></span> <span class='ocrx_word' id='word_1_78' title='bbox 720 783 778 835; x_wconf 74' lang='grc' dir='ltr'><strong>τῷ</strong></span> <span class='ocrx_word' id='word_1_79' title='bbox 803 779 944 833; x_wconf 81' lang='grc' dir='ltr'><strong><em>πατρὶ,</em></strong></span> <span class='ocrx_word' id='word_1_80' title='bbox 976 780 1141 831; x_wconf 72' lang='grc' dir='ltr'><strong><em>αἵματος</em></strong></span> <span class='ocrx_word' id='word_1_81' title='bbox 1169 781 1235 821; x_wconf 84' lang='grc' dir='ltr'><strong><em>καὶ</em></strong></span> <span class='ocrx_word' id='word_1_82' title='bbox 1255 779 1415 837; x_wconf 82' lang='grc' dir='ltr'><strong><em>λύθρου</em></strong></span> <span class='ocrx_word' id='word_1_83' title='bbox 1444 785 1558 836; x_wconf 79' lang='grc' dir='ltr'><strong><em>ἐμπε-</em></strong></span> 
     </span>
     <span class='ocr_line' id='line_1_10' title="bbox 168 851 412 903; baseline -0.004 -11"><span class='ocrx_word' id='word_1_84' title='bbox 168 851 412 903; x_wconf 82' lang='grc' dir='ltr'><strong><em>πλησμένον.</em></strong></span> 
     </span>
     <span class='ocr_line' id='line_1_11' title="bbox 168 910 1553 973; baseline 0.001 -13"><span class='ocrx_word' id='word_1_85' title='bbox 168 919 296 960; x_wconf 78' lang='grc' dir='ltr'><strong><em>καίων</em></strong></span> <span class='ocrx_word' id='word_1_86' title='bbox 314 913 673 972; x_wconf 76' lang='grc' dir='ltr'><strong><em>τυραννοκτόνων,</em></strong></span> <span class='ocrx_word' id='word_1_87' title='bbox 707 910 824 966; x_wconf 76' lang='grc' dir='ltr'><strong><em>οὗτος</em></strong></span> <span class='ocrx_word' id='word_1_88' title='bbox 846 914 1028 964; x_wconf 81' lang='grc' dir='ltr'><strong><em>θάνατος</em></strong></span> <span class='ocrx_word' id='word_1_89' title='bbox 1056 913 1167 966; x_wconf 65' lang='grc' dir='ltr'><strong><em>ἄξιος</em></strong></span> <span class='ocrx_word' id='word_1_90' title='bbox 1189 914 1310 970; x_wconf 49' lang='lat' dir='ltr'><strong>&amp;adv</strong></span> <span class='ocrx_word' id='word_1_91' title='bbox 1328 917 1553 973; x_wconf 78' lang='grc' dir='ltr'><strong><em>τυράννων,</em></strong></span> 
     </span>
     <span class='ocr_line' id='line_1_12' title="bbox 172 981 1235 1039; baseline -0.002 -12"><span class='ocrx_word' id='word_1_92' title='bbox 172 982 274 1039; x_wconf 70' lang='grc' dir='ltr'><strong><em>αὕτη</em></strong></span> <span class='ocrx_word' id='word_1_93' title='bbox 303 987 474 1039; x_wconf 87' lang='grc' dir='ltr'><strong><em>τιμωρία</em></strong></span> <span class='ocrx_word' id='word_1_94' title='bbox 513 985 725 1039; x_wconf 85' lang='grc' dir='ltr'><strong><em>πρέπουσα</em></strong></span> <span class='ocrx_word' id='word_1_95' title='bbox 753 982 960 1034; x_wconf 78' lang='grc' dir='ltr'><strong><em>τοςούτοις</em></strong></span> <span class='ocrx_word' id='word_1_96' title='bbox 992 981 1235 1037; x_wconf 65' lang='grc' dir='ltr'><strong><em>ἀδικήμασι·</em></strong></span> 
     </span>
    </p>
   </div>
   <div class='ocr_carea' id='block_1_4' title="bbox 465 845 1558 905">
    <p class='ocr_par' dir='ltr' id='par_1_4' title="bbox 465 845 1558 905">
     <span class='ocr_line' id='line_1_13' title="bbox 465 845 1558 905; baseline 0.003 -15"><span class='ocrx_word' id='word_1_97' title='bbox 465 846 578 891; x_wconf 83' lang='grc' dir='ltr'><strong><em>ταῦτ’</em></strong></span> <span class='ocrx_word' id='word_1_98' title='bbox 602 849 681 890; x_wconf 73' lang='grc' dir='ltr'><strong><em>ἔστι</em></strong></span> <span class='ocrx_word' id='word_1_99' title='bbox 701 848 884 902; x_wconf 81' lang='grc' dir='ltr'><strong><em>πατέρων</em></strong></span> <span class='ocrx_word' id='word_1_100' title='bbox 907 845 954 889; x_wconf 73' lang='grc' dir='ltr'><strong>τοὶ</strong></span> <span class='ocrx_word' id='word_1_101' title='bbox 974 845 1206 901; x_wconf 80' lang='grc' dir='ltr'><strong><em>τραύματα,</em></strong></span> <span class='ocrx_word' id='word_1_102' title='bbox 1235 854 1359 892; x_wconf 80' lang='grc' dir='ltr'><strong><em>ταῦτα</em></strong></span> <span class='ocrx_word' id='word_1_103' title='bbox 1377 853 1474 905; x_wconf 81' lang='grc' dir='ltr'><em>ξίφη</em></span> <span class='ocrx_word' id='word_1_104' title='bbox 1497 854 1558 893; x_wconf 81' lang='grc' dir='ltr'><strong><em>δι-</em></strong></span> 
     </span>
    </p>
   </div>
   <div class='ocr_carea' id='block_1_5' title="bbox 170 984 1556 1202">
    <p class='ocr_par' dir='ltr' id='par_1_5' title="bbox 170 984 1556 1175">
     <span class='ocr_line' id='line_1_14' title="bbox 1276 984 1556 1037; baseline 0.004 -9"><span class='ocrx_word' id='word_1_105' title='bbox 1276 984 1321 1029; x_wconf 84' lang='grc' dir='ltr'><em>τό</em></span> <span class='ocrx_word' id='word_1_106' title='bbox 1355 986 1394 1030; x_wconf 78' lang='grc' dir='ltr'><strong>δ’</strong></span> <span class='ocrx_word' id='word_1_107' title='bbox 1431 985 1556 1037; x_wconf 79' lang='grc' dir='ltr'><strong><em>εὗθῦς</em></strong></span> 
     </span>
     <span class='ocr_line' id='line_1_15' title="bbox 170 1048 1554 1108; baseline 0.002 -13"><span class='ocrx_word' id='word_1_108' title='bbox 170 1051 485 1108; x_wconf 56' lang='grc' dir='ltr'><strong><em>ἄποθανεῖνε),</em></strong></span> <span class='ocrx_word' id='word_1_109' title='bbox 527 1051 573 1095; x_wconf 82' lang='grc' dir='ltr'><strong>τὸ</strong></span> <span class='ocrx_word' id='word_1_110' title='bbox 603 1050 642 1095; x_wconf 77' lang='grc' dir='ltr'><strong>δ’</strong></span> <span class='ocrx_word' id='word_1_111' title='bbox 671 1049 794 1102; x_wconf 75' lang='grc' dir='ltr'><strong><em>εὐθύς</em></strong></span> <span class='ocrx_word' id='word_1_112' title='bbox 831 1048 1051 1108; x_wconf 74' lang='grc' dir='ltr'><strong><em>αγνοῆσαι,</em></strong></span> <span class='ocrx_word' id='word_1_113' title='bbox 1094 1051 1138 1096; x_wconf 81' lang='grc' dir='ltr'><strong>τὸ</strong></span> <span class='ocrx_word' id='word_1_114' title='bbox 1172 1054 1213 1095; x_wconf 78' lang='grc' dir='ltr'><strong>δὲ</strong></span> <span class='ocrx_word' id='word_1_115' title='bbox 1243 1055 1367 1108; x_wconf 78' lang='grc' dir='ltr'><strong><em>μηδὲν</em></strong></span> <span class='ocrx_word' id='word_1_116' title='bbox 1393 1061 1554 1098; x_wconf 78' lang='grc' dir='ltr'><strong><em>τοιοῦτο</em></strong></span> 
     </span>
     <span class='ocr_line' id='line_1_16' title="bbox 170 1118 1346 1202; baseline 0.001 -38"><span class='ocrx_word' id='word_1_117' title='bbox 170 1122 305 1175; x_wconf 80' lang='grc' dir='ltr'><strong><em>θέαμα</em></strong></span> <span class='ocrx_word' id='word_1_118' title='bbox 325 1124 444 1171; x_wconf 85' lang='grc' dir='ltr'><strong><em>ἰδεῖν,</em></strong></span> <span class='ocrx_word' id='word_1_119' title='bbox 479 1118 632 1165; x_wconf 78' lang='grc' dir='ltr'><strong><em>ουδὲν’</em></strong></span> <span class='ocrx_word' id='word_1_120' title='bbox 620 1122 712 1202; x_wconf 52' lang='grc' dir='ltr'><strong><em>ἔχει,</em></strong></span> <span class='ocrx_word' id='word_1_121' title='bbox 722 1125 964 1175; x_wconf 80' lang='grc' dir='ltr'><strong><em>τυραννικῆς</em></strong></span> <span class='ocrx_word' id='word_1_122' title='bbox 988 1119 1193 1171; x_wconf 79' lang='grc' dir='ltr'><strong><em>κολάσεως</em></strong></span> <span class='ocrx_word' id='word_1_123' title='bbox 1213 1121 1346 1172; x_wconf 74' lang='grc' dir='ltr'><strong><em>ἄξιον.</em></strong></span> 
     </span>
    </p>
   </div>
   <div class='ocr_carea' id='block_1_6' title="bbox 169 1122 1557 1314">
    <p class='ocr_par' dir='ltr' id='par_1_6' title="bbox 169 1122 1557 1314">
     <span class='ocr_line' id='line_1_17' title="bbox 1402 1122 1554 1179; baseline 0 -14"><span class='ocrx_word' id='word_1_124' title='bbox 1402 1122 1462 1165; x_wconf 84' lang='grc' dir='ltr'><strong>Οὗ</strong></span> <span class='ocrx_word' id='word_1_125' title='bbox 1480 1141 1554 1179; x_wconf 76' lang='grc' dir='ltr'><strong>γαρ</strong></span> 
     </span>
     <span class='ocr_line' id='line_1_18' title="bbox 169 1185 1555 1245; baseline 0.001 -14"><span class='ocrx_word' id='word_1_126' title='bbox 169 1187 370 1245; x_wconf 72' lang='grc' dir='ltr'><strong><em>ἠγνόουν,</em></strong></span> <span class='ocrx_word' id='word_1_127' title='bbox 412 1191 443 1231; x_wconf 82' lang='grc' dir='ltr'><strong><em>ὠ</em></strong></span> <span class='ocrx_word' id='word_1_128' title='bbox 474 1191 614 1239; x_wconf 78' lang='grc' dir='ltr'><strong><em>οὗτος,</em></strong></span> <span class='ocrx_word' id='word_1_129' title='bbox 663 1187 740 1232; x_wconf 74' lang='grc' dir='ltr'><strong>οὐκ</strong></span> <span class='ocrx_word' id='word_1_130' title='bbox 769 1185 970 1243; x_wconf 75' lang='grc' dir='ltr'><strong><em>ἠγνόουν,</em></strong></span> <span class='ocrx_word' id='word_1_131' title='bbox 1014 1186 1108 1232; x_wconf 83' lang='grc' dir='ltr'><strong><em>ουδὲ</em></strong></span> <span class='ocrx_word' id='word_1_132' title='bbox 1135 1208 1216 1232; x_wconf 88' lang='grc' dir='ltr'><strong><em>των</em></strong></span> <span class='ocrx_word' id='word_1_133' title='bbox 1247 1190 1379 1234; x_wconf 73' lang='grc' dir='ltr'><strong><em>ἄλλων</em></strong></span> <span class='ocrx_word' id='word_1_134' title='bbox 1408 1187 1555 1241; x_wconf 75' lang='grc' dir='ltr'><strong><em>οὐδεὶς,</em></strong></span> 
     </span>
     <span class='ocr_line' id='line_1_19' title="bbox 173 1254 1557 1314; baseline 0 -13"><span class='ocrx_word' id='word_1_135' title='bbox 173 1255 273 1313; x_wconf 70' lang='grc' dir='ltr'><strong><em>ὅσην</em></strong></span> <span class='ocrx_word' id='word_1_136' title='bbox 293 1260 448 1307; x_wconf 82' lang='grc' dir='ltr'><strong><em>ἐκεῖνος</em></strong></span> <span class='ocrx_word' id='word_1_137' title='bbox 470 1257 634 1301; x_wconf 78' lang='grc' dir='ltr'><strong><em>εὔνοιαν</em></strong></span> <span class='ocrx_word' id='word_1_138' title='bbox 654 1257 758 1312; x_wconf 86' lang='grc' dir='ltr'><strong><em>πρὸς</em></strong></span> <span class='ocrx_word' id='word_1_139' title='bbox 778 1255 848 1300; x_wconf 83' lang='grc' dir='ltr'><strong><em>τὸν</em></strong></span> <span class='ocrx_word' id='word_1_140' title='bbox 865 1254 958 1299; x_wconf 78' lang='grc' dir='ltr'><strong><em>υἱὸν</em></strong></span> <span class='ocrx_word' id='word_1_141' title='bbox 978 1255 1078 1312; x_wconf 78' lang='grc' dir='ltr'><strong><em>εἶχε,</em></strong></span> <span class='ocrx_word' id='word_1_142' title='bbox 1108 1259 1178 1301; x_wconf 84' lang='grc' dir='ltr'><strong><em>καὶ</em></strong></span> <span class='ocrx_word' id='word_1_143' title='bbox 1198 1255 1253 1307; x_wconf 78' lang='grc' dir='ltr'><strong>ὥς</strong></span> <span class='ocrx_word' id='word_1_144' title='bbox 1275 1257 1353 1302; x_wconf 78' lang='grc' dir='ltr'><strong>οὔκ</strong></span> <span class='ocrx_word' id='word_1_145' title='bbox 1369 1258 1420 1302; x_wconf 75' lang='grc' dir='ltr'><strong><em>ὂὶν</em></strong></span> <span class='ocrx_word' id='word_1_146' title='bbox 1437 1255 1557 1314; x_wconf 78' lang='grc' dir='ltr'><strong><em>ηξίω-</em></strong></span> 
     </span>
    </p>
   </div>
   <div class='ocr_carea' id='block_1_7' title="bbox 221 1382 1560 1707">
    <p class='ocr_par' dir='ltr' id='par_1_7' title="bbox 221 1382 1560 1707">
     <span class='ocr_line' id='line_1_20' title="bbox 221 1382 1560 1429; baseline 0.001 -12"><span class='ocrx_word' id='word_1_147' title='bbox 221 1384 266 1428; x_wconf 88' lang='lat' dir='ltr'><strong>c)</strong></span> <span class='ocrx_word' id='word_1_148' title='bbox 291 1383 685 1429; x_wconf 82' lang='grc' dir='ltr'><strong><em>προβασανίσας]</em></strong></span> <span class='ocrx_word' id='word_1_149' title='bbox 712 1383 994 1428; x_wconf 84' lang='grc' dir='ltr'><strong><em>,,προβασανιάς</em></strong></span> <span class='ocrx_word' id='word_1_150' title='bbox 1009 1383 1108 1416; x_wconf 81' lang='lat' dir='ltr'><strong>male</strong></span> <span class='ocrx_word' id='word_1_151' title='bbox 1129 1384 1189 1417; x_wconf 64' lang='lat' dir='ltr'>ch</span> <span class='ocrx_word' id='word_1_152' title='bbox 1237 1383 1284 1427; x_wconf 89' lang='lat' dir='ltr'><strong>d)</strong></span> <span class='ocrx_word' id='word_1_153' title='bbox 1309 1382 1365 1419; x_wconf 74' lang='grc' dir='ltr'><strong>τοὶ</strong></span> <span class='ocrx_word' id='word_1_154' title='bbox 1391 1382 1560 1429; x_wconf 82' lang='grc' dir='ltr'><strong><em>φίλτα-</em></strong></span> 
     </span>
     <span class='ocr_line' id='line_1_21' title="bbox 263 1430 1560 1475; baseline 0.002 -12"><span class='ocrx_word' id='word_1_155' title='bbox 263 1442 321 1463; x_wconf 89' lang='grc' dir='ltr'><strong><em>τα</em></strong></span> <span class='ocrx_word' id='word_1_156' title='bbox 348 1430 550 1472; x_wconf 84' lang='grc' dir='ltr'><strong><em>οἰκτρως</em></strong></span> <span class='ocrx_word' id='word_1_157' title='bbox 573 1432 897 1474; x_wconf 73' lang='grc' dir='ltr'><strong><em>προκείμενα]</em></strong></span> <span class='ocrx_word' id='word_1_158' title='bbox 923 1430 990 1465; x_wconf 79' lang='grc' dir='ltr'><strong><em>τὸν</em></strong></span> <span class='ocrx_word' id='word_1_159' title='bbox 1018 1431 1197 1473; x_wconf 84' lang='grc' dir='ltr'><strong><em>φίλτατον</em></strong></span> <span class='ocrx_word' id='word_1_160' title='bbox 1224 1431 1382 1475; x_wconf 80' lang='grc' dir='ltr'><strong><em>οἰκτρως</em></strong></span> <span class='ocrx_word' id='word_1_161' title='bbox 1406 1433 1560 1475; x_wconf 82' lang='grc' dir='ltr'><strong><em>προκεί-</em></strong></span> 
     </span>
     <span class='ocr_line' id='line_1_22' title="bbox 262 1476 1559 1520; baseline 0 -10"><span class='ocrx_word' id='word_1_162' title='bbox 262 1487 378 1519; x_wconf 81' lang='grc' dir='ltr'><strong><em>μενον</em></strong></span> <span class='ocrx_word' id='word_1_163' title='bbox 403 1476 510 1510; x_wconf 82' lang='lat' dir='ltr'><strong>Gorl.</strong></span> <span class='ocrx_word' id='word_1_164' title='bbox 536 1488 630 1520; x_wconf 81' lang='lat' dir='ltr'><strong>quae</strong></span> <span class='ocrx_word' id='word_1_165' title='bbox 650 1476 846 1509; x_wconf 79' lang='lat' dir='ltr'><strong>manifesta</strong></span> <span class='ocrx_word' id='word_1_166' title='bbox 873 1481 928 1509; x_wconf 87' lang='lat' dir='ltr'><strong>est</strong></span> <span class='ocrx_word' id='word_1_167' title='bbox 958 1476 1129 1519; x_wconf 79' lang='lat' dir='ltr'>vulgatae</span> <span class='ocrx_word' id='word_1_168' title='bbox 1156 1476 1330 1510; x_wconf 82' lang='lat' dir='ltr'><strong>lectionis</strong></span> <span class='ocrx_word' id='word_1_169' title='bbox 1362 1479 1559 1511; x_wconf 82' lang='lat' dir='ltr'><strong>correctio.</strong></span> 
     </span>
     <span class='ocr_line' id='line_1_23' title="bbox 264 1518 1560 1579; baseline 0.002 -25"><span class='ocrx_word' id='word_1_170' title='bbox 264 1525 309 1574; x_wconf 80' lang='lat' dir='ltr'><strong>e)</strong></span> <span class='ocrx_word' id='word_1_171' title='bbox 335 1521 385 1556; x_wconf 82' lang='grc' dir='ltr'><strong>τὸ</strong></span> <span class='ocrx_word' id='word_1_172' title='bbox 413 1519 456 1555; x_wconf 85' lang='grc' dir='ltr'><strong>δ’</strong></span> <span class='ocrx_word' id='word_1_173' title='bbox 479 1518 625 1561; x_wconf 72' lang='grc' dir='ltr'><strong><em>εὐθυς</em></strong></span> <span class='ocrx_word' id='word_1_174' title='bbox 649 1519 955 1565; x_wconf 78' lang='grc' dir='ltr'><strong><em>αποθανεῖν]</em></strong></span> <span class='ocrx_word' id='word_1_175' title='bbox 983 1523 1112 1579; x_wconf 54' lang='lat' dir='ltr'><strong>’21³³oe</strong></span> <span class='ocrx_word' id='word_1_176' title='bbox 1134 1521 1268 1556; x_wconf 83' lang='lat' dir='ltr'>desunt</span> <span class='ocrx_word' id='word_1_177' title='bbox 1287 1524 1326 1556; x_wconf 89' lang='lat' dir='ltr'><strong>in</strong></span> <span class='ocrx_word' id='word_1_178' title='bbox 1348 1523 1402 1556; x_wconf 80' lang='grc' dir='ltr'><strong>ΓΙ.</strong></span> <span class='ocrx_word' id='word_1_179' title='bbox 1423 1524 1560 1556; x_wconf 81' lang='lat' dir='ltr'><strong>adsunt</strong></span> 
     </span>
     <span class='ocr_line' id='line_1_24' title="bbox 264 1565 1560 1626; baseline 0.002 -26"><span class='ocrx_word' id='word_1_180' title='bbox 264 1567 306 1601; x_wconf 84' lang='lat' dir='ltr'><strong>in</strong></span> <span class='ocrx_word' id='word_1_181' title='bbox 326 1569 357 1602; x_wconf 84' lang='lat' dir='ltr'><strong>J.</strong></span> <span class='ocrx_word' id='word_1_182' title='bbox 383 1568 470 1603; x_wconf 76' lang='lat' dir='ltr'><strong>Ald.</strong></span> <span class='ocrx_word' id='word_1_183' title='bbox 493 1571 574 1602; x_wconf 78' lang='lat' dir='ltr'><strong>Par.</strong></span> <span class='ocrx_word' id='word_1_184' title='bbox 595 1569 641 1601; x_wconf 92' lang='lat' dir='ltr'><strong>H.</strong></span> <span class='ocrx_word' id='word_1_185' title='bbox 659 1575 730 1602; x_wconf 84' lang='lat' dir='ltr'><strong>etc.</strong></span> <span class='ocrx_word' id='word_1_186' title='bbox 778 1569 850 1602; x_wconf 82' lang='lat' dir='ltr'><strong>Sed</strong></span> <span class='ocrx_word' id='word_1_187' title='bbox 877 1580 945 1614; x_wconf 85' lang='lat' dir='ltr'><strong>pro</strong></span> <span class='ocrx_word' id='word_1_188' title='bbox 979 1567 1159 1626; x_wconf 71' lang='grc' dir='ltr'><strong><em>αγτοῆσαι</em></strong></span> <span class='ocrx_word' id='word_1_189' title='bbox 1185 1568 1320 1602; x_wconf 79' lang='lat' dir='ltr'><strong>iterum</strong></span> <span class='ocrx_word' id='word_1_190' title='bbox 1346 1565 1560 1604; x_wconf 68' lang='grc' dir='ltr'><strong><em>ἀποθανεῖν</em></strong></span> 
     </span>
     <span class='ocr_line' id='line_1_25' title="bbox 264 1611 1560 1668; baseline 0.004 -22"><span class='ocrx_word' id='word_1_191' title='bbox 264 1624 383 1668; x_wconf 83' lang='lat' dir='ltr'>marg.</span> <span class='ocrx_word' id='word_1_192' title='bbox 410 1615 451 1646; x_wconf 92' lang='lat' dir='ltr'><strong>A.</strong></span> <span class='ocrx_word' id='word_1_193' title='bbox 483 1626 513 1647; x_wconf 88' lang='lat'><strong>1.</strong></span> <span class='ocrx_word' id='word_1_194' title='bbox 545 1616 601 1647; x_wconf 88' lang='lat' dir='ltr'>W</span> <span class='ocrx_word' id='word_1_195' title='bbox 608 1615 633 1633; x_wconf 86' lang='lat'><em>“</em></span> <span class='ocrx_word' id='word_1_196' title='bbox 672 1614 823 1647; x_wconf 64' lang='lat' dir='ltr'><strong>Solemus</strong></span> <span class='ocrx_word' id='word_1_197' title='bbox 854 1616 1016 1656; x_wconf 81' lang='lat' dir='ltr'><strong>conjecit</strong></span> <span class='ocrx_word' id='word_1_198' title='bbox 1040 1615 1081 1649; x_wconf 86' lang='grc' dir='ltr'><strong>τὸ</strong></span> <span class='ocrx_word' id='word_1_199' title='bbox 1115 1613 1154 1650; x_wconf 88' lang='grc' dir='ltr'><em>δ</em></span> <span class='ocrx_word' id='word_1_200' title='bbox 1182 1612 1300 1655; x_wconf 76' lang='grc' dir='ltr'><strong><em>εὐθυς</em></strong></span> <span class='ocrx_word' id='word_1_201' title='bbox 1325 1611 1560 1661; x_wconf 72' lang='grc' dir='ltr'><strong><em>ἅγνοήσαντα</em></strong></span> 
     </span>
     <span class='ocr_line' id='line_1_26' title="bbox 262 1656 1414 1707; baseline 0 -12"><span class='ocrx_word' id='word_1_202' title='bbox 262 1656 491 1704; x_wconf 71' lang='grc' dir='ltr'><strong><em>ἀποθανεῖν,</em></strong></span> <span class='ocrx_word' id='word_1_203' title='bbox 517 1660 681 1705; x_wconf 76' lang='lat' dir='ltr'><strong>frustra,</strong></span> <span class='ocrx_word' id='word_1_204' title='bbox 706 1672 790 1695; x_wconf 90' lang='lat' dir='ltr'><strong>meo</strong></span> <span class='ocrx_word' id='word_1_205' title='bbox 810 1661 1124 1707; x_wconf 78' lang='lat' dir='ltr'><strong>quidemjudicio.</strong></span> <span class='ocrx_word' id='word_1_206' title='bbox 1172 1661 1256 1696; x_wconf 84' lang='lat' dir='ltr'><strong>Vid.</strong></span> <span class='ocrx_word' id='word_1_207' title='bbox 1277 1661 1414 1695; x_wconf 82' lang='lat' dir='ltr'>Adnot.</span> 
     </span>
    </p>
   </div>
   <div class='ocr_carea' id='block_1_8' title="bbox 173 1786 847 2792">
    <p class='ocr_par' dir='ltr' id='par_1_8' title="bbox 175 1786 847 2121">
     <span class='ocr_line' id='line_1_27' title="bbox 175 1786 840 1840; baseline 0 -15"><span class='ocrx_word' id='word_1_208' title='bbox 175 1786 296 1825; x_wconf 83' lang='lat' dir='ltr'><strong>illum</strong></span> <span class='ocrx_word' id='word_1_209' title='bbox 316 1800 488 1840; x_wconf 88' lang='lat' dir='ltr'><strong>quoque</strong></span> <span class='ocrx_word' id='word_1_210' title='bbox 510 1796 750 1840; x_wconf 86' lang='lat' dir='ltr'><strong>suspectum</strong></span> <span class='ocrx_word' id='word_1_211' title='bbox 764 1786 840 1825; x_wconf 87' lang='lat' dir='ltr'><strong>ha-</strong></span> 
     </span>
     <span class='ocr_line' id='line_1_28' title="bbox 175 1843 838 1882; baseline -0.002 0"><span class='ocrx_word' id='word_1_212' title='bbox 175 1843 366 1882; x_wconf 81' lang='lat' dir='ltr'><strong>bebatis?</strong></span> <span class='ocrx_word' id='word_1_213' title='bbox 389 1858 476 1882; x_wconf 87' lang='lat' dir='ltr'><strong>non</strong></span> <span class='ocrx_word' id='word_1_214' title='bbox 494 1843 724 1882; x_wconf 77' lang='lat' dir='ltr'><strong>dominus?</strong></span> <span class='ocrx_word' id='word_1_215' title='bbox 749 1858 838 1882; x_wconf 88' lang='grc'><strong>11011</strong></span> 
     </span>
     <span class='ocr_line' id='line_1_29' title="bbox 177 1899 840 1953; baseline 0.005 -17"><span class='ocrx_word' id='word_1_216' title='bbox 177 1899 349 1953; x_wconf 78' lang='lat' dir='ltr'><strong>gravis?</strong></span> <span class='ocrx_word' id='word_1_217' title='bbox 383 1914 467 1938; x_wconf 85' lang='lat' dir='ltr'><strong>non</strong></span> <span class='ocrx_word' id='word_1_218' title='bbox 491 1900 774 1939; x_wconf 83' lang='lat' dir='ltr'><strong>intolerabilis</strong></span> <span class='ocrx_word' id='word_1_219' title='bbox 800 1914 840 1939; x_wconf 84' lang='lat' dir='ltr'><strong>e·</strong></span> 
     </span>
     <span class='ocr_line' id='line_1_30' title="bbox 175 1955 838 2009; baseline -0.003 -14"><span class='ocrx_word' id='word_1_220' title='bbox 175 1955 274 1995; x_wconf 80' lang='lat' dir='ltr'><strong>rat?</strong></span> <span class='ocrx_word' id='word_1_221' title='bbox 314 1956 406 1996; x_wconf 84' lang='lat' dir='ltr'><strong>Jam</strong></span> <span class='ocrx_word' id='word_1_222' title='bbox 426 1971 525 1996; x_wconf 85' lang='lat' dir='ltr'><strong>vero</strong></span> <span class='ocrx_word' id='word_1_223' title='bbox 551 1967 678 2009; x_wconf 87' lang='lat' dir='ltr'><strong>caput</strong></span> <span class='ocrx_word' id='word_1_224' title='bbox 700 1957 838 2009; x_wconf 88' lang='lat' dir='ltr'><strong>ipsum</strong></span> 
     </span>
     <span class='ocr_line' id='line_1_31' title="bbox 175 2012 847 2066; baseline 0 -15"><span class='ocrx_word' id='word_1_225' title='bbox 175 2013 238 2051; x_wconf 86' lang='lat' dir='ltr'><strong>rei</strong></span> <span class='ocrx_word' id='word_1_226' title='bbox 259 2012 457 2066; x_wconf 81' lang='lat' dir='ltr'><strong>cogitate.</strong></span> <span class='ocrx_word' id='word_1_227' title='bbox 475 2012 602 2066; x_wconf 79' lang='lat' dir='ltr'><strong>Quod</strong></span> <span class='ocrx_word' id='word_1_228' title='bbox 624 2013 735 2052; x_wconf 89' lang='lat' dir='ltr'><strong>enim</strong></span> <span class='ocrx_word' id='word_1_229' title='bbox 758 2014 847 2051; x_wconf 68' lang='lat' dir='ltr'><strong>iste</strong></span> 
     </span>
     <span class='ocr_line' id='line_1_32' title="bbox 176 2069 839 2121; baseline 0.002 -15"><span class='ocrx_word' id='word_1_230' title='bbox 176 2082 198 2106; x_wconf 86' lang='lat' dir='ltr'><strong>a</strong></span> <span class='ocrx_word' id='word_1_231' title='bbox 230 2081 295 2106; x_wconf 88' lang='lat' dir='ltr'><strong>me</strong></span> <span class='ocrx_word' id='word_1_232' title='bbox 334 2070 494 2121; x_wconf 83' lang='lat' dir='ltr'><strong>poscit,</strong></span> <span class='ocrx_word' id='word_1_233' title='bbox 545 2069 627 2108; x_wconf 90' lang='lat' dir='ltr'><strong>hoc</strong></span> <span class='ocrx_word' id='word_1_234' title='bbox 676 2070 839 2121; x_wconf 82' lang='lat' dir='ltr'><strong>ipsum,</strong></span> 
     </span>
    </p>

    <p class='ocr_par' dir='ltr' id='par_1_9' title="bbox 173 2125 840 2290">
     <span class='ocr_line' id='line_1_33' title="bbox 174 2125 840 2178; baseline 0.003 -16"><span class='ocrx_word' id='word_1_235' title='bbox 174 2138 297 2178; x_wconf 87' lang='lat' dir='ltr'><strong>quam</strong></span> <span class='ocrx_word' id='word_1_236' title='bbox 336 2134 526 2176; x_wconf 85' lang='lat' dir='ltr'><strong>poteram</strong></span> <span class='ocrx_word' id='word_1_237' title='bbox 555 2125 840 2177; x_wconf 79' lang='lat' dir='ltr'><strong>pulcherrime</strong></span> 
     </span>
     <span class='ocr_line' id='line_1_34' title="bbox 173 2179 837 2233; baseline 0.002 -15"><span class='ocrx_word' id='word_1_238' title='bbox 173 2179 365 2233; x_wconf 79' lang='lat' dir='ltr'><strong>perfeci,</strong></span> <span class='ocrx_word' id='word_1_239' title='bbox 416 2190 458 2218; x_wconf 86' lang='lat' dir='ltr'><strong>et</strong></span> <span class='ocrx_word' id='word_1_240' title='bbox 491 2182 574 2218; x_wconf 83' lang='lat' dir='ltr'><strong>alia</strong></span> <span class='ocrx_word' id='word_1_241' title='bbox 610 2193 837 2233; x_wconf 84' lang='lat' dir='ltr'><strong>tyrannum</strong></span> 
     </span>
     <span class='ocr_line' id='line_1_35' title="bbox 175 2234 840 2290; baseline 0.002 -16"><span class='ocrx_word' id='word_1_242' title='bbox 175 2234 302 2275; x_wconf 83' lang='lat' dir='ltr'><strong>caede</strong></span> <span class='ocrx_word' id='word_1_243' title='bbox 324 2237 534 2286; x_wconf 79' lang='lat' dir='ltr'><strong>interemi,</strong></span> <span class='ocrx_word' id='word_1_244' title='bbox 569 2251 655 2275; x_wconf 89' lang='grc'><strong>11011</strong></span> <span class='ocrx_word' id='word_1_245' title='bbox 672 2238 840 2290; x_wconf 88' lang='lat' dir='ltr'><strong>simpli-</strong></span> 
     </span>
    </p>

    <p class='ocr_par' dir='ltr' id='par_1_10' title="bbox 175 2292 846 2792">
     <span class='ocr_line' id='line_1_36' title="bbox 175 2292 840 2348; baseline 0.002 -17"><span class='ocrx_word' id='word_1_246' title='bbox 175 2292 300 2340; x_wconf 83' lang='lat' dir='ltr'><strong>citer,</strong></span> <span class='ocrx_word' id='word_1_247' title='bbox 335 2306 412 2329; x_wconf 88' lang='lat' dir='ltr'><strong>nec</strong></span> <span class='ocrx_word' id='word_1_248' title='bbox 438 2307 521 2330; x_wconf 89' lang='lat' dir='ltr'><strong>una</strong></span> <span class='ocrx_word' id='word_1_249' title='bbox 546 2295 691 2346; x_wconf 80' lang='lat' dir='ltr'><strong>plaga,</strong></span> <span class='ocrx_word' id='word_1_250' title='bbox 727 2293 840 2348; x_wconf 86' lang='lat' dir='ltr'><strong>quod</strong></span> 
     </span>
     <span class='ocr_line' id='line_1_37' title="bbox 179 2347 840 2401; baseline 0.002 -14"><span class='ocrx_word' id='word_1_251' title='bbox 179 2347 367 2400; x_wconf 82' lang='lat' dir='ltr'><strong>optabile</strong></span> <span class='ocrx_word' id='word_1_252' title='bbox 401 2348 465 2386; x_wconf 86' lang='lat' dir='ltr'><strong>illi</strong></span> <span class='ocrx_word' id='word_1_253' title='bbox 504 2363 626 2401; x_wconf 87' lang='lat' dir='ltr'><strong>quam</strong></span> <span class='ocrx_word' id='word_1_254' title='bbox 659 2351 840 2388; x_wconf 86' lang='lat' dir='ltr'><strong>maxime</strong></span> 
     </span>
     <span class='ocr_line' id='line_1_38' title="bbox 181 2404 840 2457; baseline 0.003 -15"><span class='ocrx_word' id='word_1_255' title='bbox 181 2405 341 2454; x_wconf 86' lang='lat' dir='ltr'><strong>fuerat,</strong></span> <span class='ocrx_word' id='word_1_256' title='bbox 375 2404 417 2440; x_wconf 91' lang='lat' dir='ltr'><strong>in</strong></span> <span class='ocrx_word' id='word_1_257' title='bbox 440 2414 505 2443; x_wconf 90' lang='lat' dir='ltr'><strong>tot</strong></span> <span class='ocrx_word' id='word_1_258' title='bbox 524 2406 738 2457; x_wconf 85' lang='lat' dir='ltr'><strong>tantisque</strong></span> <span class='ocrx_word' id='word_1_259' title='bbox 759 2419 840 2444; x_wconf 87' lang='lat' dir='ltr'><strong>ma-</strong></span> 
     </span>
     <span class='ocr_line' id='line_1_39' title="bbox 178 2459 840 2516; baseline 0 -17"><span class='ocrx_word' id='word_1_260' title='bbox 178 2459 350 2499; x_wconf 78' lang='lat' dir='ltr'><strong>leficiis:</strong></span> <span class='ocrx_word' id='word_1_261' title='bbox 383 2459 453 2498; x_wconf 87' lang='lat' dir='ltr'><strong>sed</strong></span> <span class='ocrx_word' id='word_1_262' title='bbox 477 2472 700 2516; x_wconf 82' lang='lat' dir='ltr'>postquam</span> <span class='ocrx_word' id='word_1_263' title='bbox 719 2462 840 2499; x_wconf 89' lang='lat' dir='ltr'><strong>illum</strong></span> 
     </span>
     <span class='ocr_line' id='line_1_40' title="bbox 182 2515 842 2556; baseline 0.002 -2"><span class='ocrx_word' id='word_1_264' title='bbox 182 2515 329 2555; x_wconf 84' lang='lat' dir='ltr'><strong>dolore</strong></span> <span class='ocrx_word' id='word_1_265' title='bbox 350 2518 484 2554; x_wconf 89' lang='lat' dir='ltr'><strong>multo</strong></span> <span class='ocrx_word' id='word_1_266' title='bbox 508 2526 604 2556; x_wconf 80' lang='lat' dir='ltr'><strong>ante</strong></span> <span class='ocrx_word' id='word_1_267' title='bbox 627 2518 842 2555; x_wconf 76' lang='lat' dir='ltr'><strong>excrucia-</strong></span> 
     </span>
     <span class='ocr_line' id='line_1_41' title="bbox 180 2572 846 2623; baseline 0.005 -14"><span class='ocrx_word' id='word_1_268' title='bbox 180 2572 250 2623; x_wconf 84' lang='lat' dir='ltr'><strong>vi,</strong></span> <span class='ocrx_word' id='word_1_269' title='bbox 281 2583 323 2611; x_wconf 92' lang='lat' dir='ltr'><strong>et</strong></span> <span class='ocrx_word' id='word_1_270' title='bbox 346 2581 442 2611; x_wconf 86' lang='lat' dir='ltr'><strong>ante</strong></span> <span class='ocrx_word' id='word_1_271' title='bbox 464 2576 608 2611; x_wconf 79' lang='lat' dir='ltr'><strong>oculos</strong></span> <span class='ocrx_word' id='word_1_272' title='bbox 631 2573 668 2611; x_wconf 89' lang='lat' dir='ltr'><strong>ei</strong></span> <span class='ocrx_word' id='word_1_273' title='bbox 691 2584 846 2612; x_wconf 86' lang='lat' dir='ltr'><strong>osten-</strong></span> 
     </span>
     <span class='ocr_line' id='line_1_42' title="bbox 183 2626 845 2681; baseline 0.006 -17"><span class='ocrx_word' id='word_1_274' title='bbox 183 2626 252 2677; x_wconf 83' lang='lat' dir='ltr'><strong>di,</strong></span> <span class='ocrx_word' id='word_1_275' title='bbox 287 2628 400 2681; x_wconf 90' lang='lat' dir='ltr'><strong>quod</strong></span> <span class='ocrx_word' id='word_1_276' title='bbox 427 2630 685 2668; x_wconf 86' lang='lat' dir='ltr'><strong>carissimum</strong></span> <span class='ocrx_word' id='word_1_277' title='bbox 712 2629 845 2668; x_wconf 85' lang='lat' dir='ltr'><strong>habe-</strong></span> 
     </span>
     <span class='ocr_line' id='line_1_43' title="bbox 183 2682 844 2739; baseline 0.005 -19"><span class='ocrx_word' id='word_1_278' title='bbox 183 2682 279 2733; x_wconf 88' lang='lat' dir='ltr'><strong>bat,</strong></span> <span class='ocrx_word' id='word_1_279' title='bbox 316 2685 466 2724; x_wconf 87' lang='lat' dir='ltr'><strong>misere</strong></span> <span class='ocrx_word' id='word_1_280' title='bbox 494 2689 753 2739; x_wconf 81' lang='lat' dir='ltr'><strong>projectum,</strong></span> <span class='ocrx_word' id='word_1_281' title='bbox 787 2685 844 2723; x_wconf 84' lang='lat' dir='ltr'><strong>fi-</strong></span> 
     </span>
     <span class='ocr_line' id='line_1_44' title="bbox 181 2740 842 2792; baseline 0.002 -13"><span class='ocrx_word' id='word_1_282' title='bbox 181 2740 288 2779; x_wconf 88' lang='lat' dir='ltr'><strong>lium</strong></span> <span class='ocrx_word' id='word_1_283' title='bbox 311 2740 501 2780; x_wconf 86' lang='lat' dir='ltr'><strong>adultum</strong></span> <span class='ocrx_word' id='word_1_284' title='bbox 518 2773 529 2792; x_wconf 88' lang='lat'><strong>,</strong></span> <span class='ocrx_word' id='word_1_285' title='bbox 563 2742 644 2782; x_wconf 83' lang='lat' dir='ltr'><strong>etsi</strong></span> <span class='ocrx_word' id='word_1_286' title='bbox 663 2745 816 2781; x_wconf 82' lang='lat' dir='ltr'><strong>malum</strong></span> <span class='ocrx_word' id='word_1_287' title='bbox 831 2772 842 2792; x_wconf 92' lang='lat'><strong>,</strong></span> 
     </span>
    </p>
   </div>
   <div class='ocr_carea' id='block_1_9' title="bbox 897 1787 1568 2726">
    <p class='ocr_par' dir='ltr' id='par_1_11' title="bbox 897 1787 1568 2726">
     <span class='ocr_line' id='line_1_45' title="bbox 898 1787 1561 1841; baseline 0.002 -16"><span class='ocrx_word' id='word_1_288' title='bbox 898 1797 941 1826; x_wconf 88' lang='lat' dir='ltr'><strong>at</strong></span> <span class='ocrx_word' id='word_1_289' title='bbox 962 1787 1005 1825; x_wconf 89' lang='lat' dir='ltr'><strong>in</strong></span> <span class='ocrx_word' id='word_1_290' title='bbox 1026 1787 1120 1841; x_wconf 85' lang='lat' dir='ltr'><strong>ipso</strong></span> <span class='ocrx_word' id='word_1_291' title='bbox 1139 1789 1421 1826; x_wconf 86' lang='lat' dir='ltr'><strong>constitutum</strong></span> <span class='ocrx_word' id='word_1_292' title='bbox 1440 1788 1561 1841; x_wconf 81' lang='lat' dir='ltr'><strong>vigo-</strong></span> 
     </span>
     <span class='ocr_line' id='line_1_46' title="bbox 897 1845 1562 1897; baseline -0.002 -15"><span class='ocrx_word' id='word_1_293' title='bbox 897 1859 964 1894; x_wconf 77' lang='lat' dir='ltr'><strong>re,</strong></span> <span class='ocrx_word' id='word_1_294' title='bbox 997 1854 1039 1882; x_wconf 88' lang='lat' dir='ltr'><strong>et</strong></span> <span class='ocrx_word' id='word_1_295' title='bbox 1073 1845 1180 1897; x_wconf 84' lang='lat' dir='ltr'><strong>patri</strong></span> <span class='ocrx_word' id='word_1_296' title='bbox 1215 1845 1423 1893; x_wconf 77' lang='lat' dir='ltr'><strong>similem,</strong></span> <span class='ocrx_word' id='word_1_297' title='bbox 1456 1859 1562 1882; x_wconf 84' lang='lat' dir='ltr'><strong>san-</strong></span> 
     </span>
     <span class='ocr_line' id='line_1_47' title="bbox 898 1900 1562 1954; baseline 0.002 -17"><span class='ocrx_word' id='word_1_298' title='bbox 898 1901 1031 1954; x_wconf 78' lang='lat' dir='ltr'><strong>guine</strong></span> <span class='ocrx_word' id='word_1_299' title='bbox 1081 1910 1122 1940; x_wconf 88' lang='lat' dir='ltr'><strong>et</strong></span> <span class='ocrx_word' id='word_1_300' title='bbox 1171 1900 1270 1940; x_wconf 85' lang='lat' dir='ltr'><strong>tabo</strong></span> <span class='ocrx_word' id='word_1_301' title='bbox 1325 1904 1562 1953; x_wconf 83' lang='lat' dir='ltr'><strong>oppletum.</strong></span> 
     </span>
     <span class='ocr_line' id='line_1_48' title="bbox 899 1959 1561 2010; baseline 0 -15"><span class='ocrx_word' id='word_1_302' title='bbox 899 1959 1018 1996; x_wconf 82' lang='lat' dir='ltr'><strong>Haec</strong></span> <span class='ocrx_word' id='word_1_303' title='bbox 1038 1966 1137 1994; x_wconf 85' lang='lat' dir='ltr'><strong>sunt</strong></span> <span class='ocrx_word' id='word_1_304' title='bbox 1160 1967 1329 2010; x_wconf 86' lang='lat' dir='ltr'><strong>patrum</strong></span> <span class='ocrx_word' id='word_1_305' title='bbox 1362 1960 1535 1996; x_wconf 82' lang='lat' dir='ltr'><strong>vulnera</strong></span> <span class='ocrx_word' id='word_1_306' title='bbox 1551 1989 1561 2006; x_wconf 84' lang='lat'><strong>,</strong></span> 
     </span>
     <span class='ocr_line' id='line_1_49' title="bbox 900 2013 1562 2066; baseline -0.002 -15"><span class='ocrx_word' id='word_1_307' title='bbox 900 2013 946 2051; x_wconf 93' lang='lat' dir='ltr'><strong>hi</strong></span> <span class='ocrx_word' id='word_1_308' title='bbox 974 2013 1106 2066; x_wconf 78' lang='lat' dir='ltr'><strong>gladii</strong></span> <span class='ocrx_word' id='word_1_309' title='bbox 1139 2016 1348 2066; x_wconf 83' lang='lat' dir='ltr'><strong>justorum</strong></span> <span class='ocrx_word' id='word_1_310' title='bbox 1371 2013 1562 2065; x_wconf 82' lang='lat' dir='ltr'><strong>tyranni-</strong></span> 
     </span>
     <span class='ocr_line' id='line_1_50' title="bbox 900 2068 1563 2123; baseline -0.002 -15"><span class='ocrx_word' id='word_1_311' title='bbox 900 2068 1114 2112; x_wconf 78' lang='lat' dir='ltr'><strong>cidarum.</strong></span> <span class='ocrx_word' id='word_1_312' title='bbox 1158 2070 1262 2109; x_wconf 88' lang='lat' dir='ltr'><strong>haec</strong></span> <span class='ocrx_word' id='word_1_313' title='bbox 1291 2085 1401 2108; x_wconf 86' lang='lat' dir='ltr'><strong>mors</strong></span> <span class='ocrx_word' id='word_1_314' title='bbox 1433 2069 1563 2123; x_wconf 82' lang='lat' dir='ltr'><strong>digna</strong></span> 
     </span>
     <span class='ocr_line' id='line_1_51' title="bbox 900 2125 1563 2179; baseline -0.002 -15"><span class='ocrx_word' id='word_1_315' title='bbox 900 2125 1202 2165; x_wconf 87' lang='lat' dir='ltr'><strong>crudelissimis</strong></span> <span class='ocrx_word' id='word_1_316' title='bbox 1226 2126 1444 2179; x_wconf 79' lang='lat' dir='ltr'><strong>tyrannis,</strong></span> <span class='ocrx_word' id='word_1_317' title='bbox 1479 2126 1563 2163; x_wconf 86' lang='lat' dir='ltr'><strong>hoc</strong></span> 
     </span>
     <span class='ocr_line' id='line_1_52' title="bbox 901 2183 1562 2235; baseline -0.002 -15"><span class='ocrx_word' id='word_1_318' title='bbox 901 2183 1163 2221; x_wconf 86' lang='lat' dir='ltr'><strong>conveniens</strong></span> <span class='ocrx_word' id='word_1_319' title='bbox 1183 2193 1248 2221; x_wconf 89' lang='lat' dir='ltr'><strong>tot</strong></span> <span class='ocrx_word' id='word_1_320' title='bbox 1271 2183 1442 2235; x_wconf 88' lang='lat' dir='ltr'><strong>injuriis</strong></span> <span class='ocrx_word' id='word_1_321' title='bbox 1463 2195 1562 2234; x_wconf 89' lang='lat' dir='ltr'><strong>sup-</strong></span> 
     </span>
     <span class='ocr_line' id='line_1_53' title="bbox 899 2239 1563 2290; baseline -0.002 -14"><span class='ocrx_word' id='word_1_322' title='bbox 899 2239 1093 2290; x_wconf 87' lang='lat' dir='ltr'><strong>plicium.</strong></span> <span class='ocrx_word' id='word_1_323' title='bbox 1136 2239 1286 2279; x_wconf 75' lang='lat' dir='ltr'><strong>Statim</strong></span> <span class='ocrx_word' id='word_1_324' title='bbox 1313 2239 1446 2288; x_wconf 88' lang='lat' dir='ltr'><strong>mori,</strong></span> <span class='ocrx_word' id='word_1_325' title='bbox 1480 2247 1563 2275; x_wconf 82' lang='lat' dir='ltr'><strong>sta-</strong></span> 
     </span>
     <span class='ocr_line' id='line_1_54' title="bbox 901 2294 1564 2348; baseline -0.002 -16"><span class='ocrx_word' id='word_1_326' title='bbox 901 2295 974 2332; x_wconf 89' lang='lat' dir='ltr'><strong>tim</strong></span> <span class='ocrx_word' id='word_1_327' title='bbox 1003 2311 1115 2333; x_wconf 79' lang='lat' dir='ltr'><strong>sensn</strong></span> <span class='ocrx_word' id='word_1_328' title='bbox 1133 2306 1166 2334; x_wconf 80' lang='lat' dir='ltr'><strong>et</strong></span> <span class='ocrx_word' id='word_1_329' title='bbox 1198 2295 1450 2348; x_wconf 80' lang='lat' dir='ltr'><strong>cognitione</strong></span> <span class='ocrx_word' id='word_1_330' title='bbox 1469 2294 1564 2347; x_wconf 82' lang='lat' dir='ltr'><strong>pri-</strong></span> 
     </span>
     <span class='ocr_line' id='line_1_55' title="bbox 900 2351 1565 2403; baseline 0 -16"><span class='ocrx_word' id='word_1_331' title='bbox 900 2351 1015 2401; x_wconf 84' lang='lat' dir='ltr'><strong>vari,</strong></span> <span class='ocrx_word' id='word_1_332' title='bbox 1048 2354 1211 2389; x_wconf 89' lang='lat' dir='ltr'><strong>nullum</strong></span> <span class='ocrx_word' id='word_1_333' title='bbox 1233 2355 1315 2390; x_wconf 89' lang='lat' dir='ltr'><strong>tale</strong></span> <span class='ocrx_word' id='word_1_334' title='bbox 1349 2360 1565 2403; x_wconf 86' lang='lat' dir='ltr'><strong>spectacu-</strong></span> 
     </span>
     <span class='ocr_line' id='line_1_56' title="bbox 899 2406 1565 2457; baseline 0.002 -14"><span class='ocrx_word' id='word_1_335' title='bbox 899 2408 985 2444; x_wconf 90' lang='lat' dir='ltr'><strong>lum</strong></span> <span class='ocrx_word' id='word_1_336' title='bbox 1006 2406 1151 2446; x_wconf 78' lang='lat' dir='ltr'><strong>videre</strong></span> <span class='ocrx_word' id='word_1_337' title='bbox 1168 2440 1177 2457; x_wconf 87' lang='lat'><strong>,</strong></span> <span class='ocrx_word' id='word_1_338' title='bbox 1215 2407 1329 2450; x_wconf 84' lang='lat' dir='ltr'><strong>nihil</strong></span> <span class='ocrx_word' id='word_1_339' title='bbox 1351 2407 1479 2445; x_wconf 88' lang='lat' dir='ltr'><strong>habet</strong></span> <span class='ocrx_word' id='word_1_340' title='bbox 1499 2416 1565 2457; x_wconf 82' lang='lat' dir='ltr'><strong>ty-</strong></span> 
     </span>
     <span class='ocr_line' id='line_1_57' title="bbox 899 2462 1565 2516; baseline 0.002 -17"><span class='ocrx_word' id='word_1_341' title='bbox 899 2464 1025 2500; x_wconf 83' lang='lat' dir='ltr'><strong>ranni</strong></span> <span class='ocrx_word' id='word_1_342' title='bbox 1050 2463 1240 2501; x_wconf 83' lang='lat' dir='ltr'><strong>vindicta</strong></span> <span class='ocrx_word' id='word_1_343' title='bbox 1267 2463 1456 2516; x_wconf 80' lang='lat' dir='ltr'><strong>dignum.</strong></span> <span class='ocrx_word' id='word_1_344' title='bbox 1481 2462 1565 2501; x_wconf 88' lang='lat' dir='ltr'><strong>Ne·</strong></span> 
     </span>
     <span class='ocr_line' id='line_1_58' title="bbox 905 2518 1565 2571; baseline 0.002 -16"><span class='ocrx_word' id='word_1_345' title='bbox 905 2532 987 2571; x_wconf 86' lang='lat' dir='ltr'><strong>que</strong></span> <span class='ocrx_word' id='word_1_346' title='bbox 1028 2519 1140 2557; x_wconf 84' lang='lat' dir='ltr'><strong>enim</strong></span> <span class='ocrx_word' id='word_1_347' title='bbox 1185 2520 1453 2568; x_wconf 72' lang='lat' dir='ltr'><strong>ignorabam,</strong></span> <span class='ocrx_word' id='word_1_348' title='bbox 1506 2518 1565 2556; x_wconf 86' lang='lat' dir='ltr'><strong>mi</strong></span> 
     </span>
     <span class='ocr_line' id='line_1_59' title="bbox 903 2574 1566 2629; baseline 0.002 -17"><span class='ocrx_word' id='word_1_349' title='bbox 903 2574 1056 2620; x_wconf 85' lang='lat' dir='ltr'><strong>homo,</strong></span> <span class='ocrx_word' id='word_1_350' title='bbox 1089 2589 1174 2614; x_wconf 87' lang='lat' dir='ltr'><strong>non</strong></span> <span class='ocrx_word' id='word_1_351' title='bbox 1200 2575 1459 2629; x_wconf 81' lang='lat' dir='ltr'><strong>ignorabam,</strong></span> <span class='ocrx_word' id='word_1_352' title='bbox 1494 2588 1566 2613; x_wconf 88' lang='lat' dir='ltr'><strong>ne-</strong></span> 
     </span>
     <span class='ocr_line' id='line_1_60' title="bbox 905 2631 1568 2684; baseline 0 -17"><span class='ocrx_word' id='word_1_353' title='bbox 905 2644 985 2684; x_wconf 89' lang='lat' dir='ltr'><strong>que</strong></span> <span class='ocrx_word' id='word_1_354' title='bbox 1001 2631 1176 2670; x_wconf 78' lang='lat' dir='ltr'><strong>aliorum</strong></span> <span class='ocrx_word' id='word_1_355' title='bbox 1193 2631 1428 2684; x_wconf 86' lang='lat' dir='ltr'><strong>quisquam,</strong></span> <span class='ocrx_word' id='word_1_356' title='bbox 1436 2645 1568 2684; x_wconf 86' lang='lat' dir='ltr'><strong>quan-</strong></span> 
     </span>
     <span class='ocr_line' id='line_1_61' title="bbox 902 2686 1567 2726; baseline 0.002 -1"><span class='ocrx_word' id='word_1_357' title='bbox 902 2696 985 2725; x_wconf 85' lang='lat' dir='ltr'><strong>tam</strong></span> <span class='ocrx_word' id='word_1_358' title='bbox 1008 2687 1081 2725; x_wconf 87' lang='lat' dir='ltr'><strong>ille</strong></span> <span class='ocrx_word' id='word_1_359' title='bbox 1105 2686 1304 2725; x_wconf 87' lang='lat' dir='ltr'><strong>adversus</strong></span> <span class='ocrx_word' id='word_1_360' title='bbox 1330 2687 1462 2726; x_wconf 78' lang='lat' dir='ltr'><strong>filium</strong></span> <span class='ocrx_word' id='word_1_361' title='bbox 1487 2687 1567 2726; x_wconf 91' lang='lat' dir='ltr'><strong>be·-</strong></span> 
     </span>
    </p>
   </div>
   <div class='ocr_carea' id='block_1_10' title="bbox 904 2743 1567 2844">
    <p class='ocr_par' dir='ltr' id='par_1_12' title="bbox 904 2743 1567 2844">
     <span class='ocr_line' id='line_1_62' title="bbox 904 2743 1567 2794; baseline -0.002 -13"><span class='ocrx_word' id='word_1_362' title='bbox 904 2744 1191 2782; x_wconf 80' lang='lat' dir='ltr'><strong>nevolentiam</strong></span> <span class='ocrx_word' id='word_1_363' title='bbox 1252 2743 1450 2794; x_wconf 83' lang='lat' dir='ltr'><strong>haberet,</strong></span> <span class='ocrx_word' id='word_1_364' title='bbox 1524 2751 1567 2781; x_wconf 85' lang='lat' dir='ltr'><strong>et</strong></span> 
     </span>
     <span class='ocr_line' id='line_1_63' title="bbox 1190 2801 1285 2844; baseline 0 0"><span class='ocrx_word' id='word_1_365' title='bbox 1190 2801 1228 2838; x_wconf 92' lang='lat' dir='ltr'><strong>Y</strong></span> <span class='ocrx_word' id='word_1_366' title='bbox 1258 2805 1285 2844; x_wconf 85' lang='lat'><strong>2</strong></span> 
     </span>
    </p>
   </div>
   <div class='ocr_carea' id='block_1_11' title="bbox 1583 1141 1636 1183">
    <p class='ocr_par' dir='ltr' id='par_1_13' title="bbox 1583 1141 1636 1183">
     <span class='ocr_line' id='line_1_64' title="bbox 1583 1141 1636 1183; baseline 0.057 -3"><span class='ocrx_word' id='word_1_367' title='bbox 1583 1141 1636 1183; x_wconf 88' lang='grc'><strong>18</strong></span> 
     </span>
    </p>
   </div>
  </div>
 </body>
</html>
