1834 3188
404 150 1209 183 INHERMOTIMUM.
1441 141 1539 188 419

77 252 281 306 exemplis
313 250 492 304 probat,
543 265 630 290 non
657 247 986 303 duvatooiiptsvog',
1039 248 1110 289 sed
1151 245 1438 304 ἀνταιρόμενος
1468 251 1540 292 hic

76 311 234 350 Graece
255 308 366 348 dici:
408 306 523 362 quod
558 315 716 346 certum
750 316 837 354 est;
879 321 975 344 nam
1005 315 1067 346 est
1096 305 1146 344 ab
1177 308 1276 359 αἴρω
1307 315 1349 346 et
1377 309 1540 361 αιόομαι.

75 366 196 415 tollo,
232 379 319 403 non
342 364 392 402 ab
417 365 535 417 αῖοέω
553 363 668 415 eligo.
728 362 833 401 Cum
858 377 957 402 vero
979 372 1021 402 et
1044 362 1090 399 in
1109 363 1329 401 nonnullis
1352 365 1536 416 scriptiS,

74 422 357 476 plurimisque
380 421 507 459 editis
534 419 776 483 Thucydidis
803 427 914 458 recte
945 419 1032 473 legi
1065 415 1379 472 ἆνταιρομένους
1406 420 1541 459 adfir-

74 488 185 529 met3
218 475 333 515 haud
358 477 447 516 scio
476 491 528 514 an
561 476 687 513 nimis
721 475 946 529 religiosus
978 475 1133 527 fuerit,
1174 475 1289 530 quod
1317 485 1459 516 tamen
1492 477 1540 515 in

75 543 326 573 contextum
346 533 535 586 recipere
556 545 644 571 non
665 532 721 570 sit
746 532 1079 570 ausus.R121Tz.

184 617 287 658 Eacl.
318 620 346 657 l.
377 622 443 660 11.
480 612 784 672 Ἀπαγορεύσῃ)
813 613 954 668 ¹Quod
984 614 1122 670 digito
1149 625 1290 656 erecto
1317 616 1541 672 significa-J

72 675 191 716 bant.
223 675 392 714 SOLAN.

181 730 281 784 Pag.
301 733 418 774 49.1.
445 735 483 773 1.
520 728 570 772 Τό
594 727 804 783 τοιοῦτον)
846 726 1125 768 Constantem
1156 728 1413 769 Editionum
1446 734 1542 771 lec-⁴

69 789 231 828 tionem
253 802 362 837 esse,
393 786 565 827 Solemus
584 785 828 836 adnotarat,
861 798 939 823 nec
960 785 1194 838 quidquam
1214 787 1467 825 variationis
1491 788 1539 827 in

72 844 305 884 codicibus
328 844 510 898 reperit,
543 852 591 881 ut
614 843 792 895 opinor,
825 841 987 895 alioqui
1010 840 1259 881 addidisset.
1310 842 1470 908 'Quid
1458 845 1540 898 igi-

71 911 142 940 tur
162 900 246 940 sibi
269 902 363 939 vult
383 901 456 938 illa
480 913 743 952 supervacua
766 897 1026 937 adnotatio?
1065 899 1132 936 An
1155 899 1363 952 speravit,
1396 914 1440 938 se
1459 900 1538 938 in—

72 966 321 1006 venturum,
355 955 428 994 ubi
453 957 655 994 articulus
679 955 751 993 ille
774 953 993 992 abundans
1015 965 1113 994 ante
1131 970 1367 1008 pronomen
1388 956 1528 995 desit
1514 957 1537 985 9

71 1013 158 1052 Vix
185 1012 336 1065 credo·
368 1027 463 1050 nam
488 1024 530 1051 et
549 1012 709 1050 Noster
730 1010 832 1049 alibi
864 1025 951 1049 non
974 1015 1100 1049 semel
1118 1012 1177 1050 ita
1201 1015 1331 1061 solet,
1366 1022 1415 1050 ut
1436 1026 1538 1050 mox

71 1067 300 1107 indicabo:
343 1078 505 1121 quanto
542 1078 680 1107 autem
711 1067 844 1121 magis
877 1066 1111 1107 abundaret
1142 1068 1347 1106 articulus
1379 1069 1423 1106 in
1459 1068 1536 1108 illo

70 1124 300 1165 Aristotelis
321 1123 371 1164 de
393 1125 500 1165 Gen.
528 1124 655 1163 anim.
676 1124 771 1173 III,
805 1129 844 1166 6.
877 1137 939 1190 pr
980 1122 1030 1164 Τὸ
1061 1124 1103 1166 δὲ
1135 1121 1232 1165 αὐτὸ
1264 1128 1381 1167 τοῦτο
1411 1131 1536 1166 ποιεῖ.

70 1182 231 1220 Iterum
263 1180 366 1222 ibid
398 1181 470 1220 fin.
507 1179 584 1222 Τὸν
612 1180 684 1231 μὲν
707 1178 853 1233 τρόχον
876 1174 1000 1220 αυτὸν
1023 1177 1146 1222 αὑτὸν
1168 1197 1336 1234 οχευειν.
1395 1181 1538 1220 Noster

71 1252 185 1290 supr.
209 1252 242 1275 c.
268 1243 333 1279 10.
354 1235 439 1288 ἥτις
459 1235 486 1289 ἡ
510 1251 778 1289 καταστροφη.
837 1236 898 1273 Ut
919 1236 1000 1274 alia
1027 1237 1234 1280 omittam.
1295 1236 1377 1277 Sed
1408 1242 1541 1279 τοιοῦ-

66 1311 136 1335 τον
158 1307 235 1345 pro
260 1297 414 1335 τοιοῦτο
435 1294 560 1331 scribi
582 1292 815 1331 notandum
839 1291 979 1332 duxit.
1041 1293 1198 1332 Verum
1215 1302 1257 1332 et
1272 1293 1356 1331 hoc
1374 1293 1536 1334 Nostro

69 1364 163 1388 cum
186 1350 342 1387 Atticis
363 1349 572 1388 familiare
595 1351 793 1399 esse,jam
814 1348 876 1386 bis
901 1358 964 1386 ter
985 1349 1089 1387 alibi
1115 1349 1302 1387 diximus
1326 1349 1538 1389 hoc‘Dia-

66 1409 182 1459 logo.
245 1404 343 1444 Vid.
367 1405 583 1452 Iudicem,
616 1407 684 1443 vel
705 1419 818 1456 supr.
841 1418 874 1443 c.
898 1408 966 1447 29.
992 1406 1145 1443 iterum
1171 1405 1242 1446 fin.
1262 1410 1300 1454 5.
1321 1411 1387 1450 34.
1410 1417 1452 1446 et
1472 1421 1536 1459 pr.

69 1461 104 1515 ξ.
128 1464 194 1504 35,
214 1461 343 1514 hujus
373 1462 490 1502 Dial
521 1461 593 1498 ubi
625 1459 773 1499 itidem
807 1460 923 1501 artic.
958 1460 1143 1502 additur.
1176 1463 1340 1504 RE1TZ.
1403 1463 1536 1503 Secus

64 1517 227 1557 Relinus
256 1515 440 1569 judicat,
495 1517 715 1570 suspicans
751 1516 943 1555 Solannm
975 1517 1072 1556 ideo
1103 1518 1260 1557 variam
1304 1519 1536 1570 quaesiisse

65 1574 322 1619 lectionem,
372 1572 487 1626 quod
527 1573 572 1610 in
609 1571 824 1611 Infinitivi
856 1572 959 1614 εἶναι
994 1574 1226 1613 insolentia
1273 1575 1535 1613 offendisset.

71 1630 345 1683 Quapropter
369 1632 429 1682 εἴη
456 1632 550 1669 vult
569 1629 654 1681 legi
675 1643 751 1680 pro
774 1628 889 1670 εἶναι.
952 1629 1083 1694 Quod
1104 1645 1190 1669 non
1214 1633 1362 1682 probo.
1424 1631 1536 1670 Nam

67 1685 227 1739 pendet
245 1685 346 1727 εἶναι
364 1700 415 1725 ex
439 1685 708 1724 antecedenti
734 1686 904 1733 οἰέσθω,
939 1695 982 1725 et
1003 1687 1063 1724 sic
1086 1687 1175 1726 fere
1193 1686 1318 1726 verba
1340 1697 1441 1726 sunt
1465 1702 1539 1725 ca-

68 1741 252 1794 pienda:
284 1741 344 1780 Ne
365 1744 496 1796 itaque
526 1740 796 1780 Hermotimus
825 1758 879 1781 ex·
901 1758 966 1788 co,
999 1741 1106 1796 quocl
1134 1766 1191 1774 -
1219 1766 1276 1772 —
1303 1746 1453 1783 vincere
1477 1743 1538 1782 ila

69 1797 130 1837 los
148 1797 304 1846 credat
338 1809 407 1836 aut
428 1796 528 1836 iulia
547 1813 624 1835 esse
645 1807 801 1845 nostra,
842 1813 954 1851 quae
956 1798 1082 1850 facile
1097 1802 1248 1852 possint
1266 1815 1349 1838 ezer
1353 1802 1405 1839 li.-
1437 1799 1539 1838 alio-

69 1857 163 1908 quin
186 1854 303 1892 talem
326 1857 514 1892 rationem
535 1853 654 1902 (scil.
679 1853 909 1892 credendum
929 1858 962 1893 ei
984 1854 1066 1907 cst)
1097 1855 1262 1894 similem
1278 1857 1378 1911 fove
1399 1871 1540 1909 puero-

68 1927 154 1948 rum
169 1910 362 1964 aedificiis
384 1920 463 1948 etc.
514 1905 592 1950 Ὰν
609 1923 703 1946 cum
723 1909 952 1948 Infinitivo
977 1909 1107 1949 hodie
1132 1925 1218 1950 non
1243 1926 1350 1964 opus
1373 1922 1460 1961 est,
1490 1920 1540 1948 ut

69 1966 336 2014 illustretur;
382 1964 481 2004 vide
512 1963 665 2014 modo,
713 1979 821 2018 quae
845 1981 944 2004 mox
976 1976 1235 2019 sequuntur,
1278 1967 1539 2016 πιστεύουσι,

67 2020 144 2077 κᾶν
163 2021 221 2077 (i.
247 2036 283 2060 e.
306 2023 371 2063 καὶ
396 2018 471 2075 ἂν)
494 2019 548 2062 δι’
573 2019 706 2063 ὅπλων
728 2025 847 2072 σφίσι
862 2027 1042 2076 χωρῆσαι
1063 2040 1158 2071 τους
1181 2020 1353 2072 ὀϊστούς.
1413 2020 1537 2071 Ἐπει,

68 2079 268 2131 alioquin,
302 2078 398 2117 vide
424 2091 548 2129 supra
570 2092 602 2118 c.
627 2083 692 2121 28.
728 2079 895 2120 Timon.
933 2094 964 2120 c
986 2084 1053 2123 53.
1079 2081 1212 2118 Dian.
1233 2082 1386 2123 ΝΙοιῐῑ.
1410 2081 1473 2124 Χ,
1501 2083 1541 2123 5.

72 2148 108 2174 e.
134 2148 168 2172 a.
192 2133 397 2186 Denique
416 2132 459 2173 τὸ
481 2139 666 2175 τοιοῦτον
686 2134 844 2185 probae
865 2149 973 2185 esse,
1006 2145 1047 2174 et
1066 2150 1162 2175 vere
1185 2136 1378 2188 Atticae,
1412 2137 1542 2174 Grae·

69 2190 239 2238 citatis,
273 2202 413 2242 neque
434 2188 515 2227 hoc
538 2199 601 2228 est
619 2219 629 2235 ,
664 2189 779 2242 quod
798 2201 1033 2230 moneatur.
1095 2192 1195 2230 Vid.
1217 2193 1330 2230 infra
1354 2207 1443 2245 cap.
1469 2195 1540 2234 34.

68 2255 175 2285 extr.
202 2255 244 2284 et
269 2259 395 2296 supra
419 2259 453 2283 e.
481 2249 546 2287 29.
568 2255 675 2297 extu
693 2245 777 2292 'ubi
797 2260 853 2283 ex
876 2247 993 2286 Varr.
1014 2248 1157 2288 Lectt.
1194 2249 1394 2302 colligere
1430 2249 1542 2286 lice-

67 2302 155 2351 bit,
200 2316 288 2340 non
315 2301 522 2349 lichnum,
564 2300 636 2339 sed
672 2300 895 2351 Iicilziunz,
940 2303 990 2342 de
1025 2304 1199 2353 solano,
1244 2304 1401 2343 variam
1433 2303 1476 2344 h.
1507 2307 1520 2342 l

64 2358 293 2397 lectionem
314 2357 606 2403 desiderante,
637 2366 749 2396 recte
783 2359 1030 2410 conjecisse.
1061 2361 1221 2399 Luam.

182 2440 288 2482 Ῑὸίιῖ.
326 2439 680 2493 Οἰκοδομημασιν)
709 2440 868 2480 Eadem
899 2442 1047 2484 Julian.
1074 2443 1346 2495 Imperator
1334 2459 1376 2482 m
1398 2444 1538 2497 Epist.

70 2496 134 2539 ἶσα
153 2504 237 2546 τοῖς
252 2495 481 2551 Ομηρικοῖς
503 2499 616 2538 παισὶ
644 2499 807 2549 παίζομε
814 2515 858 2547 ν,
902 2502 941 2539 οἳ
970 2518 1079 2553 παρα
1107 2517 1178 2548 τας
1213 2506 1336 2548 θῖνας
1366 2498 1413 2550 ό,
1428 2518 1463 2541 τι
1487 2498 1540 2541 ἂν

68 2555 113 2594 ἐκ
135 2558 266 2606 πηλοῦ
286 2554 510 2601 πλασωσιν,
544 2549 716 2605 αφιᾶσιν
735 2556 901 2610 caynam
930 2555 1160 2603 κλύζεσῦαι.
1220 2556 1363 2595 Locus
1398 2567 1537 2595 autem

67 2610 254 2659 [somer-2⁸,
288 2626 411 2664 quem
435 2609 690 2650 imitandum
718 2609 801 2648 sibi
821 2611 1030 2663 proponit
1057 2611 1208 2651 Julian.
1244 2621 1307 2651 est
1338 2612 1464 2654 Iliad.
1494 2615 1534 2656 5.

69 2666 228 2720 Tangit
248 2666 380 2707 Pisid.

1111 2725 1154 2764 D
1174 2723 1199 2763 d
1231 2730 1260 2769 2
