1834 3188
278 213 378 258 342
767 220 1169 257 ιυοιᾼΝι

137 341 171 373 p.
187 326 264 371 156.
281 335 394 374 σατε,
424 317 492 365 οἷα
517 321 784 376 πεποιηκέναι
811 318 915 371 εἰκὸς
936 317 1010 364 τόν
1036 317 1259 376 τύραννον,
1301 317 1369 363 οἷα
1393 321 1436 365 δὲ
1463 323 1665 377 εἰρηκέναι

280 390 359 447 πρὸ
378 394 449 444 τῆς
469 394 668 442 τελευτῆς.
699 390 786 433 ἐπεὶ
806 387 881 445 γὰρ
901 385 977 432 ὕπ’
995 389 1098 443 ἐμοῦ
1115 386 1414 442 φονευόμενος,
1444 393 1513 434 καὶ
1529 409 1666 449 τιτρω-

285 458 479 513 σκόμενος
498 461 661 506 πολλοῖς
681 455 903 511 τραύμασιν
927 457 967 506 ἐς
997 455 1046 498 τὰ
1075 454 1231 511 φανεροὶ
1259 461 1332 499 τοῦ
1365 456 1570 511 σώματος,
1614 457 1669 509 ὥς

286 525 336 570 ἄν
356 524 522 582 μάλιστα
539 523 734 578 λυπήσειν
753 527 909 579 ἔμελλον
927 522 998 567 τὸν
1014 521 1274 581 γεγεννηκότα
1294 525 1365 578 x),
1398 523 1452 575 ὥς
1474 527 1523 570 ἂν
1541 531 1583 572 ἐκ
1597 533 1671 582 τῆς

284 595 447 650 πρώτης
465 594 564 641 θέας
583 590 834 647 διαταράξειν
856 593 928 649 y)‚
961 591 984 635 ὁ
1014 594 1084 650 μὲν
1110 589 1333 649 ἀνεβόησεν
1364 595 1546 650 οἰκτρὸν,
1586 598 1671 639 ἐπι·

286 662 489 720 βοώμενος
506 660 575 703 τὸν
592 658 876 715 γεγεννηκότα,
910 657 961 703 ου’
978 662 1152 716 βοηθὸν,
1185 658 1282 705 οὐδὲ
1301 661 1528 717 σύμμαχον,
1562 662 1674 721 (ᾔδει

287 730 364 788 γὰρ
390 726 619 785 πρεσβύτην
638 726 734 770 ὅντα
757 729 826 771 καὶ
847 727 1052 784 ἆσθενῆ,)
1086 726 1185 774 ἄλλα
1216 730 1372 785 θεατὴν
1402 736 1484 774 τῶν
1511 734 1675 774 οἰκείων

286 804 438 842 κακῶν.
471 795 546 853 ἐγώ
564 793 641 852 γαρ
671 793 974 852 ἀπηλλαττόμην
984 828 998 847 ,
1029 798 1200 854 ποιητὴς
1229 801 1299 854 μὲν
1316 805 1388 854 τῆς
1407 799 1501 854 ὅλης
1518 817 1679 856 τραγῳ-

151 884 186 915 p·
202 880 276 916 157·
292 871 379 917 δίας
398 866 681 922 γεγενημένος,
713 864 939 908 καταλιπών
957 867 999 909 δὲ
1018 872 1075 925 τῷ
1097 865 1298 925 ὑποκριτῇ
1316 867 1386 911 τὸν
1406 867 1577 923 νεκρὸν,
1609 867 1679 908 καὶ

289 935 365 990 τὴν
388 932 562 988 σκηνὴν,
592 935 660 975 καὶ
680 932 724 976 τὸ
747 937 887 987 ξίφος,
926 937 997 978 καὶ
1017 935 1065 978 τοὶ
1089 934 1210 979 λοιποὶ
1229 941 1303 979 τοῦ
1331 934 1557 992 δράματος·
1589 936 1681 978 ἐπι-

292 1003 386 1053 στὰς
410 1001 446 1045 δ’
474 1004 646 1053 ἐκεῖνος,
679 1003 748 1045 καὶ
780 1001 877 1045 ἰδών
907 1007 1025 1055 υἱὸν,
1067 1002 1116 1047 ὃν
1144 1003 1221 1058 εἶχε
1252 1001 1403 1058 μόνον,
1445 1000 1581 1060 ὀλίγον
1608 1005 1681 1057 ε’μ-

290 1074 489 1122 πνέοντα,
531 1067 761 1127 ’ᾑμαγμένον
783 1071 852 1128 Ζ),
884 1072 1211 1126 ἐμπεπλησμένον
1239 1079 1315 1115 τοῦ
1345 1071 1506 1126 φόνου,
1537 1073 1603 1114 καὶ
1633 1069 1683 1113 τὰ

293 1138 500 1193 τραύματα
534 1143 701 1192 συνεχῆ,
731 1140 798 1181 καὶ
827 1138 976 1191 πολλοὶ,
1016 1141 1085 1183 καὶ
1118 1143 1278 1196 καίρια,
1317 1136 1511 1194 ἀνεβόησε
1535 1144 1682 1190 τοῦτο,

300 1210 474 1258 Τέκνον,
529 1203 790 1262 ἀνηρήμεθα,
841 1207 1148 1262 πεφονεύμεθα,
1209 1205 1681 1263 τετυραννοκτονήμεθα,

294 1280 378 1318 ποῦ
401 1273 422 1317 ὁ
446 1272 648 1330 σφαγεύς,
678 1277 756 1317 τίνι
775 1277 821 1329 a)
854 1292 900 1330 με
920 1282 1051 1332 τηρεῑ,·
1079 1279 1157 1319 τίνι
1179 1293 1225 1330 με
1247 1273 1458 1330 φυλάττει,
1491 1275 1559 1318 διὰ
1583 1279 1682 1327 σοῦ,

341 1365 384 1407 x)
411 1376 606 1409 γεγεννη
619 1361 757 1409 κότα]
783 1366 867 1409 „Ita
885 1365 948 1399 hic
969 1373 1006 1400 et
1026 1378 1114 1401 mox
1132 1366 1271 1400 iterum
1289 1365 1392 1408 dedi,
1419 1371 1594 1400 monente
1616 1366 1686 1397 So-

389 1411 472 1444 Zcmo
485 1436 495 1453 ‚
523 1422 636 1455 quum
656 1411 711 1444 Ed

717 1413 750 1445 d.
770 1410 1009 1457 γεγενηκότα,
1040 1425 1112 1447 uno
1130 1426 1164 1455 ν,
1196 1419 1351 1456 excepta
1374 1413 1439 1447 S.“
1485 1411 1687 1455 Excipien-

390 1457 457 1489 dae
476 1457 588 1489 etiam
607 1458 649 1490 B.
675 1470 702 1491 1.
726 1464 761 1490 et
779 1471 812 1503 5.
838 1465 953 1497 erant.
1002 1462 1050 1503 y)
1078 1458 1425 1503 διαταράξειν]
1453 1454 1687 1501 ,,διασπαρά-

388 1504 464 1545 {av
482 1504 518 1535 P·
540 1509 577 1535 et
597 1514 713 1547 marg·
733 1506 773 1539 A.
801 1517 830 1539 1.
854 1507 914 1540 W.
961 1506 1026 1538 Nil
1053 1512 1204 1539 mutant
1229 1506 1324 1538 Edd.
1347 1504 1532 1549 priscae.“
1581 1505 1619 1545 z)
1645 1500 1688 1550 ᾑ-

387 1561 513 1593 μαγμ
527 1547 574 1582 ἐν
588 1551 662 1593 ον]
687 1547 923 1596 ᾑμαγμένον,
948 1551 1026 1584 leni
1057 1552 1213 1596 spiritu,
1241 1553 1281 1584 A.
1304 1563 1334 1584 1.
1355 1556 1391 1583 et
1409 1562 1439 1583 2.
1463 1555 1498 1582 et
1519 1549 1573 1582 sic
1594 1551 1686 1581 Sea-

387 1608 492 1639 ἔτετμε
512 1607 678 1640 quoque,
708 1598 771 1641 qui
790 1604 914 1630 totum
942 1596 1043 1630 hunc
1062 1598 1191 1630 locum
1211 1596 1427 1641 descripsit,
1457 1595 1555 1628 haud
1578 1594 1688 1628 dubie

388 1642 605 1684 imprudens
625 1641 743 1686 dedit,
762 1642 1078 1688 quemadmodum
1098 1644 1212 1676 etiam
1233 1654 1345 1686 supra
1363 1642 1463 1674 idem
1487 1641 1565 1675 τὸν
1589 1640 1687 1683 υἱὸν,

392 1697 503 1731 quem
533 1688 732 1721 articulum
764 1701 831 1734 ego
858 1690 897 1721 in
926 1690 1028 1722 nulla
1054 1689 1154 1722 Edit.
1177 1690 1346 1733 reperio,
1374 1693 1409 1720 et
1427 1686 1524 1720 infra
1547 1687 1692 1732 βραδυ-

390 1734 485 1776 τῆτι,
512 1733 623 1767 etiam
642 1735 788 1778 vitiose,
818 1735 980 1769 scribere
999 1735 1071 1769 sibi
1088 1736 1271 1781 permisit.
1318 1741 1360 1775 a)
1385 1732 1499 1777 τίνι]
1527 1735 1562 1769 τί
1582 1733 1691 1767 Gorl.

392 1791 435 1812 ac
455 1778 632 1823 deinceps
652 1780 799 1815 iterum.

301 1858 422 1897 illum
443 1858 711 1899 adoraretis?
742 1861 834 1901 Jam
856 1861 965 1900 mihi

301 1915 483 1954 animum
507 1915 739 1967 advortite,
775 1918 879 1971 quid
899 1929 966 1967 ty-

302 1986 482 2009 rannum
542 1972 694 2011 fecisse
743 1975 966 2026 probabile

303 2028 466 2078 fuerat,
500 2037 542 2066 et
562 2028 666 2080 quid
687 2028 848 2069 dixisse
869 2040 966 2069 ante

305 2082 507 2123 obitum?
541 2085 648 2123 Cum
680 2087 794 2125 enim
825 2086 968 2125 truci-

305 2139 427 2177 datus
461 2154 482 2177 a
512 2155 600 2190 me,
645 2151 687 2180 et
721 2145 969 2182 vulneratus

304 2197 451 2234 multis
474 2196 720 2235 vulneribus
742 2199 785 2235 in
808 2207 971 2251 apertas

305 2261 443 2308 partes
466 2253 657 2304 corporis
678 2257 716 2293 in
752 2258 862 2305 ictis,
896 2257 973 2305 (ut

307 2322 459 2360 nempe
513 2309 740 2348 maximum
783 2311 972 2350 dolorem

307 2365 420 2415 patri
460 2365 707 2417 objicerem,
754 2378 801 2406 ut
833 2368 972 2421 primo

310 2421 430 2458 illum
469 2426 716 2475 spectaculo
748 2423 976 2476 perturba-

310 2478 424 2527 rem)
448 2477 538 2528 ipse
564 2478 734 2531 quidem
758 2479 977 2519 miserabi-

313 2534 352 2569 le
379 2533 580 2584 quiddam
599 2539 871 2587 exclamaret,
904 2551 977 2588 pa·

314 2596 474 2626 rentem
498 2589 725 2643 advocans,
750 2608 838 2631 non
860 2592 978 2645 adju-

316 2652 447 2681 torem
491 2659 628 2698 neque
677 2649 978 2696 auxiliarium,

316 2703 470 2743 (norat
502 2702 614 2739 enim
647 2718 786 2742 senem
820 2719 908 2743 esse
941 2714 981 2742 et

319 2753 607 2806 imbecillum)
652 2759 723 2798 sed
761 2769 981 2813 spectato-

1023 1877 1108 1902 rem
1124 1864 1328 1900 malorum
1348 1858 1692 1899 domesticorum.

1024 1921 1120 1974 Ego
1142 1931 1293 1969 nempe
1315 1916 1521 1965 abieram„
1543 1924 1693 1953 auctor

1027 1973 1200 2029 quidem
1242 1973 1375 2011 totius
1419 1970 1690 2024 tragoediae,

1026 2030 1100 2071 sed
1132 2031 1383 2082 reliqueram
1421 2027 1526 2066 huic
1556 2027 1694 2065 actori

1025 2097 1264 2134 mortuum,
1308 2099 1472 2123 scenam
1489 2115 1500 2133 ,
1550 2083 1692 2137 gladi-

1030 2159 1099 2181 um
1117 2174 1127 2191 ‚
1162 2153 1203 2181 et
1226 2142 1387 2195 reliqua
1414 2141 1581 2178 fabulae
1607 2156 1694 2192 per·-

1031 2199 1183 2252 agenda
1197 2215 1209 2238 .-
1231 2197 1534 2249 superveniens
1554 2205 1694 2233 autem

1032 2256 1120 2304 ille,
1144 2254 1377 2307 vidensque
1403 2253 1549 2301 filium,
1572 2265 1695 2304 quem

1033 2315 1171 2351 solum
1202 2310 1407 2359 habebat,
1439 2309 1515 2348 vix
1533 2308 1695 2359 spiran-

1033 2378 1132 2417 tem,
1164 2376 1443 2413 cruentatum,
1475 2366 1695 2416 oppletum

1035 2424 1176 2473 caede,
1208 2426 1467 2474 vulneraque
1486 2422 1574 2470 ejus
1594 2433 1694 2457 con·

1034 2481 1158 2518 tinua
1174 2510 1184 2525 ‚
1215 2489 1256 2518 et
1279 2480 1432 2524 multa,
1465 2484 1506 2513 et
1524 2475 1692 2522 letalia,

1034 2536 1138 2575 haec
1166 2533 1444 2580 exclamavit,
1476 2530 1578 2579 Fili,
1608 2548 1695 2584 per-

1035 2596 1170 2640 iimus,
1211 2589 1398 2629 trucidati
1426 2603 1577 2636 sumus,
1617 2603 1692 2640 pro

1037 2649 1213 2697 tyrannis
1265 2647 1366 2685 caesi
1406 2658 1552 2682 sumus.
1619 2643 1697 2681 Ubi

1038 2698 1091 2742 cst
1110 2701 1363 2753 iulet-simmia?
1393 2702 1456 2738 cui
1477 2701 1529 2736 rei
1547 2716 1604 2738 me
1618 2715 1695 2738 set·-

1040 2770 1104 2798 vat
1123 2758 1145 2798 Ξ)
1175 2761 1238 2796 cui
1264 2774 1320 2795 mc
1342 2755 1532 2805 custodit,
1561 2773 1629 2810 per
1647 2766 1693 2803 ic,
