1834 3188
397 190 1203 226 rwflnnmo'r1mum.
1439 174 1540 222 475

71 293 276 348 Aristoph.
303 297 399 338 237.
423 303 464 332 et
483 296 579 336 242.
598 292 656 329 Et
674 289 884 331 ΖΙΙαίίιαίνε
902 287 952 329 de
976 288 1163 329 Di-alect.
1185 300 1226 339 p.
1245 290 1312 330 73.
1334 294 1375 324 et
1399 285 1539 327 Solem.

73 352 126 391 ad
153 354 299 392 Somn.
323 365 356 390 c.
382 356 417 393 1.
448 351 611 388 mez.

184 406 288 447 Ead.
315 409 344 447 1.
371 412 435 450 10.
465 404 741 457 Ἀποπλῆσαι)
772 402 900 444 Conf.
923 401 1035 440 infra
1058 399 1212 441 Abdic.
1236 414 1326 453 cap.
1349 404 1390 443 9.
1413 409 1456 440 et
1476 405 1541 444 19.

73 465 181 504 Item
204 466 363 503 Toxar.
389 479 422 505 c,
445 467 512 507 51.
546 461 718 502 SOLAN.

187 519 290 560 Eud.
323 523 353 560 1.
386 526 449 562 11.
498 523 584 560 Τῶν
616 517 803 563 εἰδότων)
853 521 941 557 Τῶν
973 513 1160 557 εἷδὸντων
1193 517 1355 569 legerat
1386 512 1432 551 in
1463 528 1542 553 suo

76 577 308 630 exemplari
334 576 460 616 Brod.
483 574 580 617 Vid.
599 575 728 614 Misc.
750 573 830 612 IX.
855 587 945 625 cap.
970 577 1036 616 16.
1095 571 1178 611 Sed
1199 571 1280 610 sibi
1298 573 1462 623 placere
1484 571 1546 609 ait

74 632 257 676 εἰδότων.
319 632 448 687 Quod
470 636 551 686 jam
576 632 620 669 in
643 629 752 669 Edd.
776 630 949 679 inveni,
982 644 1060 668 nec
1085 627 1317 682 quidquam
1343 626 1545 666 variatio·

74 692 143 729 nis
167 690 217 729 ab
244 689 394 729 Solane
413 699 606 728 notatum
631 696 705 727 est.
738 686 902 725 Puerz.
963 685 1121 724 Aldina
1143 694 1254 725 certe
1275 689 1315 728 2.
1336 683 1414 723 hac
1432 698 1546 723 men-

73 746 126 786 da
150 746 461 800 typographica
486 744 663 783 laborat.
694 744 852 784 me.

187 804 290 843 Ead.
313 805 341 841 1.
366 809 430 846 13.
473 798 686 856 Ἀνέγνωκε
707 801 864 854 βιβλία)
896 798 1138 838 Stoicorum
1167 797 1316 836 libros.
1361 797 1542 836 GUYET.

79 859 315 912 Chrysippi
337 859 444 897 liber
462 868 550 897 erat
581 858 670 909 περὶ
701 853 952 909 ἀξιωμάτων.
1009 856 1130 908 Diog.
1156 855 1293 893 La'c'rt.
1317 859 1414 897 210.
1437 854 1483 892 C.
1506 862 1549 892 et

77 918 168 969 περὶ
187 913 477 967 καταλήψεως,
512 913 623 954 idem
649 919 744 958 213.
768 915 818 952 A.
878 913 1068 951 Alterius
1091 911 1228 952 Stoici
1248 911 1437 963 reliquos
1459 922 1550 949 esse

77 971 348 1011 statuendum
371 981 445 1013 est.
505 969 633 1024 Apud
653 971 876 1010 Arrianum
910 969 1058 1018 etiam,
1093 962 1211 1015 οὗτός
1233 981 1359 1020 φησιν
1382 965 1461 1019 ἤδη
1484 965 1553 1007 καὶ

78 1027 133 1071 δι’
155 1025 281 1070 αὑτοῦ
303 1027 470 1070 δύναται
494 1024 737 1081 Χρύσιππον
759 1024 1065 1082 ἀναγινώσκειν.
1094 1025 1127 1063 Ι.
1151 1039 1184 1066 e.
1207 1029 1245 1067 4.
1293 1025 1463 1064 SOLAN.

186 1084 290 1124 Ead.
315 1088 341 1124 l.
370 1090 435 1128 14.
468 1086 572 1138 Περὶ
591 1082 889 1138 καθηκόντων)
925 1084 1030 1133 Περὶ
1053 1079 1322 1132 καθήκοντος,
1343 1077 1552 1132 singulari

75 1155 279 1191 numero,
321 1141 454 1180 libros
499 1142 750 1194 inscripsere
786 1143 928 1189 Zeno,
971 1137 1217 1183 Cleanthes,
1263 1136 1549 1188 ChrysippuS,

74 1198 319 1237 Panaetius,
363 1198 524 1254 Officia,
544 1212 721 1236 numero
743 1195 1052 1241 multitudinis,
1075 1194 1226 1232 maluit
1250 1193 1398 1234 Cicero.
1436 1190 1554 1244 Quod

77 1254 124 1292 de
156 1257 409 1307 inscripiione
434 1257 603 1307 generis,
636 1271 714 1293 non
747 1253 906 1302 dubito,
941 1255 1035 1306 quin
1055 1256 1242 1303 καθῆκον
1266 1248 1456 1289 officium
1478 1249 1552 1286 sit.-

78 1312 155 1348 m'si
186 1310 282 1365 quid
313 1322 356 1349 tu
383 1310 505 1350 aliud.
570 1310 648 1350 Sed
681 1312 884 1363 inscriptio
913 1309 1068 1362 plenior
1100 1307 1150 1347 de
1180 1305 1374 1351 Officiis,
1407 1303 1555 1357 inquit.

81 1368 156 1405 ille
186 1367 259 1406 lib.
289 1373 354 1411 13.
379 1368 504 1420 epist.
537 1367 588 1405 ad
613 1368 826 1415 Atticum,
859 1366 981 1418 epist.
1008 1371 1047 1408 2.
1084 1364 1142 1405 Τὰ
1167 1360 1406 1415 καθήκοντα
1440 1374 1555 1413 quo-

82 1436 166 1476 que
195 1426 334 1477 legere
358 1433 421 1462 est
451 1423 563 1475 apud
589 1423 755 1463 Suiclam
777 1423 822 1460 in
852 1419 1113 1475 καθήκοντα,
1145 1431 1187 1460 et
1210 1419 1323 1473 apud
1347 1418 1554 1457 La'c'rtium

79 1479 124 1517 in
144 1481 320 1519 Zenone
343 1479 521 1520 Cittieo.
553 1481 746 1519 MENAG·

191 1535 289 1588 Pag.
315 1537 460 1578 116.1.
488 1541 555 1578 10.
592 1532 828 1584 Ἀνάλωκα)
859 1534 1012 1573 Tironi
1047 1532 1167 1582 dico,
1203 1546 1303 1571 cave
1333 1530 1404 1569 hic
1427 1529 1557 1583 quic-

79 1607 202 1647 quam
227 1603 385 1632 mutes:
420 1591 480 1630 sic
511 1593 623 1631 enirn
651 1592 807 1631 docent
828 1591 1103 1630 Grammatici
1122 1589 1293 1641 saepius
1314 1587 1453 1626 efferri
1471 1617 1480 1633 ,
1514 1595 1558 1624 et

80 1649 257 1688 omnino
277 1649 621 1688 sicDemosthenes
642 1649 826 1701 aliique;
863 1647 978 1700 quod
1001 1646 1098 1685 ideo
1120 1659 1289 1688 moneo,
1325 1644 1425 1698 quia
1445 1643 1494 1681 Β.
1515 1648 1555 1685 2.

79 1705 276 1744 mutavit.
318 1705 487 1745 SoLAN.
565 1705 671 1743 Cum
706 1706 757 1744 B.
778 1709 817 1747 2.
850 1703 977 1743 etiam
1017 1704 1064 1744 B.
1099 1708 1137 1746 3.
1180 1699 1370 1753 ἀνήλωκα
1414 1699 1556 1738 habet·

79 1763 214 1800 Recte
250 1770 389 1800 autem
413 1761 585 1800 Solanus
611 1772 653 1800 et
682 1769 860 1800 recentt.
890 1759 1172 1812 repudiarunt
1205 1758 1315 1796 hanc
1344 1755 1559 1794 mutatio—

83 1832 178 1857 nem
194 1847 205 1866 ,
240 1830 492 1870 quamquam
516 1831 641 1870 supra
668 1831 759 1869 cap.
781 1821 850 1859 42.
877 1816 922 1853 in
946 1812 1146 1867 ἀνήλωται
1171 1828 1315 1854 omnes
1336 1813 1433 1851 libri
1457 1825 1558 1850 con-

83 1874 288 1915 sentiunt.
323 1872 420 1913 vid.
445 1874 584 1913 leom.
607 1873 725 1926 Mag.
747 1887 779 1911 s.
802 1868 1006 1920 ἇνάλωσα,
1024 1871 1194 1911 Fischer.
1221 1867 1479 1907 Animadvv.
1506 1866 1559 1905 ad

90 1929 246 1969 IVeZlcr.
260 1931 357 1970 Vol.
378 1930 459 1968 ΠΙ.
480 1944 515 1970 a.
531 1945 570 1983 p.
586 1936 652 1975 32.
674 1944 735 1982 sq.
751 1929 899 1969 Osann.
922 1927 973 1967 ad
985 1928 1156 1982 Lycur-g.
1178 1927 1222 1965 in
1238 1927 1393 1966 Leocr.
1407 1939 1446 1978 p.
1464 1927 1558 1967 174.

85 1986 233 2026 Reisk.
255 1995 296 2026 et
319 2000 426 2038 quos
448 1986 519 2024 hic
539 1988 645 2025 alios
669 1987 786 2026 citat.
829 1986 988 2024 me.

199 2041 301 2080 Εαίῖ·
326 2045 352 2082 l·
376 2047 442 2086 15.
473 2045 695 2095 Αἴσωπος)
727 2042 860 2081 Peri-it
886 2041 1012 2089 haec,
1047 2055 1141 2080 cum
1163 2038 1308 2077 multis
1332 2037 1444 2087 aliis,
1475 2037 1561 2076 Ae-

84 2101 171 2151 sopi
193 2098 357 2137 fabula:
391 2113 530 2153 neque
550 2100 663 2139 enim
694 2101 738 2137 in
761 2099 922 2151 Aesopo
947 2096 1182 2145 hodierno,
1218 2095 1356 2134 autin
1382 2093 1559 2148 reliquis

89 2156 327 2194 fabularum
354 2155 545 2209 antiquis
573 2155 855 2208 scriptoribus
881 2155 1115 2195 invenitur.
1149 2155 1321 2193 SOLAN.

202 2210 305 2250 Eud.
327 2213 355 2251 1.
379 2216 443 2254 16.
471 2209 564 2253 Ἐπὶ
590 2210 663 2264 τὴν
684 2211 928 2264 κυματώδη)
962 2211 1068 2250 Cum
1094 2209 1385 2249 Hermotimus
1410 2205 1562 2258 deplo-

91 2276 202 2306 raret
224 2270 427 2319 jacturam
457 2269 684 2320 temporis,
720 2282 844 2320 quam
875 2266 1140 2321 impenderat
1174 2262 1459 2319 philosopho,
1493 2276 1563 2301 re-

92 2322 275 2377 spondet
293 2324 528 2374 Lucianus,
561 2323 672 2361 nihil
692 2323 922 2376 lachrymis
943 2322 1116 2377 profici,
1149 2320 1403 2373 prudentius
1426 2320 1564 2356 factu·

93 2395 210 2429 rum,
243 2379 280 2418 si
303 2380 474 2432 Aesopo
503 2381 545 2418 in
568 2380 722 2418 fabulis
752 2381 946 2418 monenti
971 2379 1253 2433 obsequatur:
1285 2378 1362 2428 ἔφη
1385 2374 1459 2430 γὰρ
1484 2372 1564 2415 ἆν-

93 2435 267 2487 θρωπόν
286 2454 374 2478 τινα
393 2437 457 2478 ἐπὶ
477 2441 525 2492 τῇ
542 2435 651 2486 ἠϊόνι
672 2434 944 2488 καθεζόμενον
957 2470 966 2485 ,
998 2437 1063 2477 ἐπὶ
1081 2434 1153 2487 τὴν
1176 2431 1416 2485 κυματώδη,
1448 2428 1565 2485 ἀριθ-

96 2499 183 2546 μεῖν
209 2491 258 2534 τᾶ
286 2491 452 2547 κύματα.
521 2492 597 2531 L'ln·
630 2491 748 2541 dicit,
783 2492 927 2544 inquit
960 2493 1189 2544 interpres,
1225 2488 1417 2543 quendam
1440 2490 1478 2526 in
1501 2487 1566 2526 lit-

97 2560 178 2590 tore
205 2553 326 2589 maris
345 2548 579 2597 consedisse,
614 2559 654 2587 ut
685 2559 900 2587 numerat-ct
930 2547 1069 2587 mulas.
1132 2546 1287 2594 Vides,
1321 2546 1384 2586 ἐπὶ
1405 2543 1476 2596 τὴν
1496 2561 1564 2585 κυ-

98 2605 255 2659 ματώδη
274 2609 398 2658 plane
431 2606 573 2644 omitti
597 2605 647 2642 ab
671 2605 913 2657 interprete.
973 2603 1054 2644 Sed
1081 2607 1222 2643 locum
1248 2602 1360 2639 hunc
1383 2599 1566 2640 mendo-

102 2677 192 2699 sum
230 2677 318 2701 esse
360 2676 446 2700 non
485 2661 832 2700 animadvertisse
865 2661 1119 2712 interpretes
1157 2659 1230 2697 vix
1264 2656 1378 2697 credi
1406 2667 1562 2711 posset,

102 2717 186 2761 uisi
208 2732 270 2758 res
294 2718 383 2772 ipsa
406 2722 666 2773 loqueretur.
728 2717 1212 2771 lpsiGrammaticorum
1235 2728 1417 2755 canones
1442 2713 1565 2754 doce·
