1834 3188
356 201 409 232 IN
447 199 685 237 QUOMODO
725 199 956 230 ιιιετοιιιΑ
994 200 1068 230 sn·
1104 200 1304 232 corcscn.
1453 189 1554 238 545

91 301 159 340 lus
181 306 316 346 certe;
347 300 417 351 τῆς
436 298 486 339 ἕτ.
511 296 756 351 gravissime
777 296 978 351 impedit,
1013 311 1098 352 quo
1132 297 1271 338 minus
1291 300 1550 342 meretricem

93 355 179 395 huc
204 355 487 395 admittamus.
520 354 680 394 Lis-nm.

210 411 310 450 Ead.
332 414 358 450 1.
381 416 419 456 6.
446 407 534 452 'Ev
564 407 801 462 τούτοις]
846 409 899 449 In
932 419 1113 450 mentem
1143 411 1287 453 venit:
1327 413 1373 456 ἐν
1396 410 1549 470 τούτῳ,

91 478 142 508 ut
164 467 215 507 ad
239 472 375 507 solum
398 465 594 523 ἐγκώμιον
620 467 846 517 referatur,
881 467 982 518 quia
1015 481 1068 506 ne
1093 467 1282 508 modicae
1311 469 1480 538 quidem
1509 482 1552 511 et

93 535 216 578 aptae
252 524 420 572 fictioni
442 528 560 563 locus
586 533 646 562 est
670 523 713 560 in
742 522 934 561 historia.
995 523 1075 562 Sed
1099 538 1150 562 ex
1174 525 1411 565 rationibus
1434 531 1552 582 ejus-

92 581 209 620 modi
232 581 292 618 nil
316 594 466 620 censeo
490 578 768 628 movendum,
802 588 844 617 et
864 579 1125 618 mut'audum.
1157 582 1276 623 Run.

205 636 307 676 Ead.
332 641 358 675 l.
380 643 419 680 7.
456 633 716 690 Ἀλουργέσι)
758 635 882 689 Angl
913 633 1104 690 ἁλουργές
1134 654 1182 678 τι
1221 638 1550 681 Bounn,1bi-

95 693 186 734 dem
203 695 263 732 ait
286 704 447 743 auctor,
462 693 658 732 Poetrces
683 700 927 731 ornamenta
944 692 986 730 in
1001 692 1217 732 historiam
1243 695 1550 761 transfundere,

93 750 205 789 idem
228 764 338 800 esse,
369 747 514 821 ὦςπερμ
526 745 575 790 ἂν
599 750 714 798 εἴτις
735 743 926 801 ἀθλητὴν
944 754 1023 791 τῶν
1046 755 1249 819 καρτερῶν
1279 749 1454 803 τούτων,
1484 772 1551 796 και

92 809 244 863 κοιιιδῇ
265 808 471 873 πρινίνων
490 803 695 859 ἁλουργέσι
726 802 960 858 περιβαλοι,
1005 807 1074 847 καὶ
1107 811 1164 847 τοῖ
1192 804 1296 848 ἅλλω
1328 806 1466 861 κόσμῳ
1495 816 1551 863 τῷ

93 865 288 917 ἑταιρικῷ.
346 864 426 902 Pro
448 859 655 916 ἁλουργέσι
676 863 720 900 in
744 862 838 900 MS.
861 862 986 916 Angl.
1010 849 1199 916 ἁλουργές
1217 881 1254 905 τι
1274 873 1460 915 exstare,
1490 876 1549 906 te.

93 930 228 958 statur
243 918 533 958 Bozcrdelotius.
591 917 673 957 Sed
705 932 799 956 cum
823 917 926 957 haec
951 919 1068 957 MSti
1094 920 1246 969 lectio,
1281 922 1548 973 sequentium

90 976 259 1015 ratione
278 974 421 1014 habita
436 1006 446 1025 ,
480 975 537 1013 sit
559 977 724 1014 soloeca
740 1005 749 1022 ,
782 977 953 1026 vulgata
975 976 1106 1014 lectio
1131 975 1336 1015 censenda
1359 987 1421 1016 est
1443 978 1550 1018 inte·

94 1031 294 1086 gerrima:
327 1031 417 1071 Non
434 1047 562 1082 secus,
593 1047 642 1070 ac
662 1033 696 1069 si
718 1033 804 1085 quis
820 1030 1005 1070 athletam
1023 1032 1192 1085 aliquem
1210 1049 1263 1072 ex
1283 1033 1449 1072 robustis
1468 1033 1551 1074 illis

92 1099 127 1127 et
159 1086 371 1126 admodum
397 1087 567 1139 validis,
606 1088 747 1126 influat
769 1090 971 1140 pur-puteis
999 1089 1185 1137 testibus,
1215 1089 1388 1154 alioque
1412 1102 1554 1129 ornatu

90 1145 476 1186 meJMetricio.J12n-s.
537 1145 669 1183 Recte
691 1143 860 1196 quidem
883 1142 1052 1184 doctiss.
1075 1144 1176 1184 Jens.
1202 1141 1412 1200 ἁλουργέσι
1437 1160 1552 1199 prae-

92 1201 176 1240 fert
198 1201 319 1239 alteri
348 1200 528 1240 lectioni
555 1197 701 1254 ἇλουργ
706 1201 812 1247 ε’ςτι·
846 1213 990 1238 verum
1013 1214 1097 1239 non
1122 1199 1295 1248 dubito.
1342 1203 1445 1255 quin
1468 1205 1549 1255 jam

93 1257 228 1310 magis
251 1256 306 1294 sit
329 1256 584 1308 probaturus
610 1255 716 1295 illud
745 1252 970 1309 ἁλουργίσι,
1012 1255 1125 1310 quod
1159 1271 1210 1294 ex
1244 1259 1475 1298 collatione
1505 1259 1550 1297 in

93 1327 223 1367 marg.
255 1312 435 1351 Aldinae
463 1313 774 1366 Uessclinganae
805 1311 1064 1351 admisimus.
1097 1313 1260 1352 Rem-,z
1315 1310 1549 1369 Αλουργίς·

92 1373 287 1424 πορφυρᾶ
306 1370 452 1422 χλανίς.
487 1369 646 1408 suidas.
706 1369 763 1407 Et
784 1368 952 1421 saepius
971 1369 1159 1424 legitur
1149 1385 1191 1407 m
1204 1369 1378 1410 Nostro.
1411 1371 1550 1411 Prom.

95 1441 185 1478 cap.
208 1432 246 1470 4.
269 1430 307 1470 5.
332 1427 439 1464 Piso.
462 1431 529 1471 36.
552 1426 687 1492 Epist
720 1426 887 1466 Saturn.
919 1430 987 1468 21.
1050 1426 1130 1464 His
1165 1440 1250 1464 non
1287 1426 1551 1466 obstantibus

93 1483 288 1537 equidem
320 1482 589 1535 praetulerim
611 1479 832 1536 ἁλουργέσι.
879 1496 975 1520 nam
1002 1482 1085 1522 hoc
1105 1481 1392 1535 Adjectivum,
1425 1484 1551 1523 etiam

96 1539 251 1578 omisso
283 1537 430 1608 ἐσθὴς,
473 1538 689 1593 significat
719 1548 876 1578 vestem
907 1553 1189 1610 purpuream;
1235 1539 1400 1580 Aelian.
1421 1540 1470 1581 V
1495 1540 1550 1578 H.

94 1595 203 1646 XII,
225 1600 291 1640 32·
319 1591 601 1650 Ἐμπεδοκλῆς
629 1619 685 1626 —-
715 1591 905 1649 ἁλουργεῖ
924 1593 1127 1649 ἔχρησατο.
1187 1596 1265 1633 Est
1287 1594 1440 1635 deinde
1464 1595 1552 1634 dif-

96 1628 254 1691 ficilior
282 1661 324 1692 et
342 1651 590 1691 inusitatior
616 1652 768 1702 lectio,
809 1650 921 1691 unde
953 1653 1138 1707 denique
1157 1651 1327 1690 facilius
1356 1652 1455 1690 oriri
1476 1666 1550 1704 po-

95 1709 182 1746 tuit
211 1705 402 1763 ἁλουργές
433 1726 482 1750 τι.
523 1709 644 1748 Pum.
713 1709 765 1748 In
794 1708 970 1748 Aeliano
1004 1723 1088 1748 non
1119 1717 1286 1761 poterat
1317 1707 1423 1748 bene
1453 1707 1551 1747 addi

92 1764 227 1816 ἒσθης,
258 1765 461 1818 quoniam
481 1763 641 1804 modo
630 1779 674 1803 ιιι
698 1765 938 1803 narratione
961 1773 1256 1816 praecesserat.
1316 1764 1431 1802 Hinc
1449 1778 1549 1818 ergo

92 1821 285 1859 nondum
307 1821 521 1874 sequitur,
553 1817 752 1875 ἇλουργης
772 1820 1023 1872 simpliciter
1053 1834 1173 1873 posse
1195 1819 1279 1857 dici
1300 1831 1435 1859 vestem
1458 1837 1553 1873 pur·-

90 1893 263 1931 puream‚
290 1877 443 1916 omissa
464 1891 568 1916 voce
587 1876 867 1915 substantiva.
930 1875 1086 1915 Addita
1108 1886 1245 1915 autem
1269 1875 1372 1916 haec
1397 1877 1552 1928 reperi-

95 1943 165 1971 tur
186 1948 248 1986 ap.
270 1933 474 1973 Nostrum
494 1934 652 1987 Imagg.
672 1948 706 1972 c.
733 1938 795 1976 11.
828 1929 1028 1987 ἇλουργης
1045 1932 1181 1985 ε’σθης.
1223 1932 1357 1982 Alias,
1378 1941 1424 1970 ut
1445 1932 1551 1971 bene

93 1990 263 2030 notavit
284 1989 546 2043 liudolphus,
579 1990 894 2043 frequentatius
920 2000 982 2028 est
1004 1999 1146 2029 nostro
1181 1987 1378 2040 scriptori
1410 1983 1552 2042 ἇλουρ·

93 2048 179 2101 γίς,
216 2057 257 2085 et
277 2046 358 2085 hoc
381 2046 485 2085 adeo
506 2049 604 2085 loco
628 2046 733 2086 bene
754 2046 997 2085 restitutum
1024 2061 1045 2085 a
1070 2045 1235 2085 Reitzio.
1266 2045 1423 2083 Lmrm.

206 2102 536 2155 Pag.176.1.1.
575 2102 628 2144 Τα
649 2103 805 2154 ἔπειτα)
837 2102 976 2141 Probo
1002 2104 1230 2142 lectionem
1254 2100 1454 2154 marginis
1473 2099 1550 2138 ΑΖ-

95 2157 213 2197 dinae
237 2134 287 2197 UO
276 2158 569 2211 esselinganae‚
604 2162 765 2213 qualem
795 2159 846 2197 ob
871 2161 1017 2198 oculos
1037 2159 1160 2198 etiam
1180 2156 1349 2195 videtur
1374 2156 1552 2194 habuis-

93 2230 137 2254 se
158 2213 352 2268 Illic-yllus
370 2215 596 2266 interpres,
632 2216 704 2268 qui
724 2226 924 2263 verterat,
957 2218 1072 2268 qnasi
1098 2216 1283 2268 posteris,
1326 2229 1402 2252 non
1428 2228 1551 2265 prac-

93 2272 263 2310 sentibus
280 2270 512 2309 scribantur.
544 2272 705 2309 Ptmrz
767 2270 848 2310 Sed
866 2271 913 2312 τὰ
936 2270 1164 2309 difficilius.
1199 2271 1313 2308 Nota
1335 2283 1412 2317 reS,
1435 2267 1551 2306 Neu-

95 2337 207 2366 trum
245 2326 411 2376 saepius
440 2326 516 2364 tali
546 2341 660 2365 nexu
691 2326 740 2366 de
768 2326 1015 2365 hominibus
1047 2327 1143 2367 dici.
1185 2326 1253 2362 lh
1244 2340 1301 2363 D.
1361 2326 1469 2363 Sunt
1503 2340 1551 2364 τοι

95 2385 228 2426 ἒπειτα
242 2382 398 2435 judicia
412 2393 674 2435 postetmorum
706 2398 793 2422 non
818 2384 1008 2434 proxime
1023 2384 1169 2435 posteri
1190 2382 1287 2434 ipsi.
1319 2381 1476 2419 LEHM.

207 2436 565 2482 Ea‹l.1.2“0602
589 2440 703 2486 etc.)
735 2440 784 2477 In
808 2439 1132 2477 Ms.hic10‹:us
1164 2438 1224 2476 sic
1251 2437 1432 2504 legitur:
1462 2433 1552 2477 όσοι

100 2493 142 2539 δ’
161 2499 317 2565 ,οἴονται
336 2499 443 2536 καλ
413 2512 464 2542 ως
483 2498 648 2546 διαιρεῖν
665 2498 718 2542 εἰς
738 2493 809 2536 δυο
830 2493 903 2546 τὴν
926 2497 1124 2548 ἱστορίαν,
1158 2496 1212 2541 εἰς
1232 2491 1273 2534 τὸ
1296 2489 1461 2545 τερπνὸν
1483 2494 1550 2533 καὶ

95 2552 315 2622 χρήσιμον
343 2550 513 2605 κιβὸήλο)
539 2559 586 2607 τῆ
604 2553 770 2619 ὸιαιρέσε
774 2569 787 2592 ι
805 2550 1023 2604 χρώμενοι,
1054 2552 1117 2591 καὶ
1136 2548 1199 2590 διὰ
1218 2554 1335 2590 τοῦτο
1356 2551 1549 2596 signorm?-

99 2624 163 2651 σιν
185 2612 251 2650 καὶ
273 2607 316 2651 τὸ
342 2607 536 2674 ἔγκωμιον
560 2610 598 2656 ἐς
618 2605 769 2661 αὐτην,
804 2624 858 2654 ως
888 2606 1054 2673 τερπνὸν
1082 2608 1148 2646 καὶ
1178 2602 1419 2659 ευφραῑνον,
1462 2609 1550 2645 τοῦ·

96 2683 168 2707 τον
198 2664 448 2720 ἐντυγχάνειν
474 2661 573 2720 ὁρᾶς
606 2664 698 2706 όσον
726 2663 928 2716 τάληθοῦς
956 2660 1231 2716 ημαρτήκασι,
1270 2666 1428 2716 πρῶτον
1455 2662 1547 2712 μὲν,

96 2740 150 2771 ως
167 2724 335 2775 εἴρηται,
367 2719 541 2778 κιβὸηλῳ
562 2726 609 2779 τῇ
630 2723 816 2777 διαιρέσει
834 2737 1044 2776 χρωμενοι.
1075 2736 1116 2761 εν
1136 2717 1209 2774 γὰρ
1230 2720 1357 2773 ἔργον
1417 2717 1545 2772 Quod

144 2790 290 2822 Luc-im
321 2788 397 2822 Vol.
429 2791 494 2822 IV.
1165 2775 1216 2814 -ΝῙ
1238 2790 1276 2814 ¹¹¹
