1834 3188
336 198 390 230 ιΝ
427 195 668 236 QUOMODO
707 194 944 225 111s'romA
981 195 1056 225 SIT
1091 196 1288 227 ρων-3011.
1444 187 1545 234 573

83 307 128 336 ta
161 305 262 335 sunt
277 294 385 354 ἤδει
422 295 514 364 μέν
525 312 585 346 τι,
626 296 737 348 juste
766 292 978 347 explenda
1007 293 1306 347 requirebatur
1334 295 1547 349 particula

82 352 158 402 dssv
193 367 317 406 quam
341 362 438 406 post
468 348 542 395 min
571 350 785 390 excidisse
816 349 966 398 credo;
1011 352 1257 403 praesertim
1289 367 1417 406 quum
1451 360 1499 391 ea
1524 369 1547 392 a

84 409 282 463 sequenti
304 408 463 460 syllaba
487 409 615 447 facile
636 406 829 461 potuerit
858 406 1096 454 absorberi;
1139 408 1193 447 cf.
1222 407 1360 448 simile
1396 423 1550 448 exem-

83 469 202 519 plum
234 465 278 503 in
310 466 503 504 Hermot
540 479 632 517 cap.
655 468 720 508 29.
742 473 785 503 et
808 477 935 516 quum
964 463 1140 516 insuper
1162 464 1207 501 in
1231 465 1419 504 lectione
1442 465 1549 505 Cod.

83 518 312 566 2954012’7,
330 520 380 563 ἄν
405 516 449 565 εὖ
469 521 572 560 satis
597 523 705 561 clara
724 519 851 575 hujus
880 520 1126 560 omissionis
1156 521 1338 576 vestigia
1368 536 1550 575 appare-

84 579 361 620 ant.L1:11M.

198 635 302 676 Ead.
325 639 352 675 1.
372 639 410 678 7.
444 632 723 688 Νεοπλούτῳ)
756 632 827 675 Sic
850 647 976 686 supra
996 633 1105 674 Tim.
1130 648 1166 674 c.
1186 635 1226 678 5.
1247 643 1289 674 et
1311 646 1397 674 non
1423 639 1552 675 semel

87 691 203 734 alibi.
236 695 319 744 (ex
343 691 556 732 divisione
580 690 741 732 Solani:
773 703 901 744 quare
931 690 1147 755 suspicor,
1178 694 1259 744 jam
1278 705 1367 731 esse
1403 706 1493 745 cap.
1512 697 1551 735 7.

85 752 155 788 vel
177 754 216 793 8.
243 747 358 804 quod
377 749 614 801 quaesitum
637 748 760 797 irem,
792 747 828 785 si
861 756 969 785 esset
1000 747 1120 787 tanti
1137 750 1154 796 )
1185 746 1357 788 SOLAN‚
1416 749 1495 788 Est
1514 764 1549 789 c.

87 810 127 849 7.
154 805 226 844 ubi
252 804 302 844 de
322 819 428 844 voce
445 804 683 852 νεόπλουτος
705 802 791 843 vid.
813 802 975 843 Adnot.
1005 804 1165 845 LmrM.

199 860 442 904 Ead.1.11.
483 863 680 915 Ταρίχου)
712 861 969 900 Salsamenta
993 860 1130 906 enim,
1162 860 1227 898 uti
1257 869 1300 900 et
1323 861 1456 910 ἔτνος,
1490 871 1553 900 te-

86 918 286 957 nuiorum
313 916 446 959 cibus
507 917 633 956 Unde
661 915 934 969 proverbium
967 918 1154 968 ταοίχους
1183 912 1422 971 ἆξιώτερου,
1466 931 1551 971 quo

86 988 187 1012 usus
212 982 274 1013 est
291 974 501 1028 Aristopk.
530 974 575 1012 in
605 972 773 1027 Vespis.
832 971 944 1014 Vide
973 973 1100 1013 etiam
1135 973 1328 1027 ΤΙιεορῆι.
1355 973 1480 1013 Char.
1512 991 1553 1016 π.

82 1026 309 1086 ἀγροικίας.
343 1030 512 1073 SOLAN

199 1087 296 1140 Pag
321 1090 416 1130 191.
436 1090 463 1126 l.
486 1094 525 1133 3.
559 1088 773 1139 Πρίσκου)
804 1087 969 1126 Bellum
994 1085 1104 1124 hic
1091 1101 1136 1125 m
1169 1086 1372 1126 Armenia
1401 1087 1554 1141 gessit,

89 1142 202 1195 quod
229 1144 363 1208 captis
382 1143 431 1182 ab
452 1158 501 1183 eo
514 1145 730 1182 Artaxatis
750 1158 814 1182 an.
830 1142 987 1183 Christ
1012 1147 1105 1186 164.
1125 1144 1370 1182 confectum
1391 1153 1469 1184 est.
1500 1144 1554 1184 V.

91 1199 296 1254 Capitol.
283 1214 328 1238 m
351 1201 416 1239 M.
443 1201 619 1240 Aurelio
645 1214 679 1241 e.
703 1206 740 1244 8.
764 1201 922 1240 Statius
945 1199 1125 1240 Priscus.
1159 1201 1327 1242 SOLAN,

202 1267 308 1307 Ibid.
335 1264 458 1309 Επτά
475 1286 539 1309 και
562 1263 689 1314 ὀκτώ)
721 1267 847 1322 Angl.
871 1268 1005 1308 εἴκοσι.
1036 1267 1217 1307 Eoum).
1269 1264 1393 1310 Επτά
1416 1267 1484 1309 καὶ
1508 1268 1559 1309 εἴ·

89 1325 247 1366 κοσιΑ
273 1325 325 1363 G.
347 1326 411 1365 M.
438 1325 483 1366 P.
505 1335 546 1364 et
568 1325 620 1367 L
680 1325 732 1363 In
756 1323 969 1376 impressis
1000 1324 1199 1362 omnibus
1233 1339 1311 1378 pro
1344 1327 1470 1367 εἴκοσι
1495 1327 1561 1364 le-

91 1376 305 1436 gebatur’
286 1378 401 1423 οκτῶ.
432 1382 600 1421 SOLAN.
661 1380 940 1421 Mendacium
961 1379 1044 1419 hoc
1066 1390 1150 1419 tam
1171 1381 1362 1434 ineptum
1389 1391 1473 1430 est,
1507 1391 1558 1419 ut

90 1437 143 1476 ad
164 1438 288 1476 aliam
327 1437 726 1491 interpretationem
759 1437 887 1476 facile
917 1436 1074 1490 aliquis
1106 1437 1261 1476 adduci
1291 1438 1441 1490 possit.
1503 1438 1558 1476 In

89 1504 272 1534 mentem
294 1494 440 1534 venire
461 1503 626 1546 potest,
660 1509 747 1533 non
768 1493 869 1532 fidei
889 1492 960 1532 sed
979 1494 1185 1532 sermonis
1209 1492 1254 1532 id
1275 1494 1427 1532 vitium
1450 1495 1559 1532 fuis-

89 1565 157 1601 se,
190 1560 238 1589 ut
257 1551 384 1589 etiam
408 1549 678 1591 antecedens.
738 1550 848 1589 Nam
871 1550 908 1588 si
932 1548 992 1587 ibi
1014 1549 1066 1587 ad
1086 1547 1247 1601 αὐτίκα,
1281 1550 1397 1603 quod
1419 1565 1471 1590 ex
1496 1551 1559 1588 af—

93 1608 329 1647 sectatione
352 1607 494 1660 aliqua
519 1606 617 1645 addi
640 1607 808 1661 potuit,
842 1620 928 1644 non
949 1606 1227 1658 respiciatur;
1261 1607 1332 1645 hic
1355 1621 1456 1646 vero
1481 1606 1559 1644 ad-

95 1664 250 1702 dantur
279 1663 568 1717 cogitatione,
604 1665 680 1717 qui
702 1662 970 1716 imperatoris
990 1676 1062 1701 seu
1084 1662 1235 1702 ducis
1224 1678 1386 1714 jussum
1411 1678 1559 1716 seque-

94 1720 274 1773 bantur,
303 1720 486 1758 militum
510 1731 686 1758 conatus
719 1729 759 1759 et
781 1720 989 1772 impetus:
1022 1720 1151 1758 facile
1171 1721 1277 1758 facti
1299 1720 1411 1759 ratio
1432 1734 1560 1783 appa·

95 1776 221 1816 rebit.
283 1775 380 1815 Tali
401 1775 529 1814 modo
552 1776 696 1829 inepta
716 1786 824 1815 esset
845 1775 1075 1826 descriptio
1104 1776 1332 1814 celeritatis
1354 1775 1562 1815 victoriae

96 1841 351 1886 reportatae.
414 1831 496 1871 Sed
535 1831 617 1871 hoc
645 1831 1012 1883 interpretationis
1049 1831 1301 1870 beneficium
1343 1831 1414 1870 hic
1453 1835 1561 1870 male

99 1892 397 1928 collocaretur.
426 1903 521 1926 nam
547 1903 674 1942 quum
691 1889 862 1927 XXVII
876 1897 1038 1926 tantum
1059 1890 1240 1926 clamore
1257 1892 1348 1927 solo
1368 1898 1560 1927 mortuos

100 1960 188 1986 esse
211 1945 344 1994 dicat,
380 1954 592 1984 caesorum
616 1960 836 1984 numerum
859 1957 960 1984 vero
990 1953 1138 1996 postea
1159 1944 1383 1996 separatim
1412 1943 1561 1984 addat:

101 2002 153 2041 ab
176 2002 352 2054 ineptiis
375 2002 467 2040 istis
489 2002 565 2041 vix
585 2011 726 2056 potest
750 2000 920 2041 liberari
944 2000 1128 2053 scriptor
1148 2000 1332 2054 ineptus.
1367 2000 1488 2041 Run.

214 2080 362 2122 Eaclffll
386 2086 425 2124 4
460 2078 708 2135 Ἐξέθανον)
747 2082 904 2120 Procul
933 2079 1064 2118 dubio
1097 2089 1210 2119 recte
1241 2080 1328 2121 Ms
1362 2079 1490 2133 Angl.
1522 2088 1565 2118 et

103 2147 267 2188 noster,
298 2139 366 2179 καὶ
388 2154 440 2185 ως
460 2136 735 2205 ἐμβοησαντος
754 2137 880 2190 μόνον
902 2139 1086 2190 Πρίσκου
1105 2142 1177 2178 τοῦ
1197 2152 1435 2190 στοατηγου,
1467 2134 1564 2176 ἑπτα

103 2196 171 2237 καὶ
193 2195 312 2236 εἴνοσι
333 2198 410 2234 τῶν
433 2197 632 2246 πολεμίων
657 2189 890 2245 απέθανον,
923 2202 1017 2243 aut,
1050 2202 1098 2231 ut
1120 2208 1235 2233 meus
1255 2192 1387 2241 liber,
1424 2193 1567 2256 ἐξέθρ-

104 2268 190 2295 νον.
222 2251 292 2289 Sic
313 2265 411 2288 mox
433 2249 559 2290 iidem
585 2250 765 2300 Codices
790 2248 989 2303 Κρόνιον,
1020 2264 1108 2289 non
1130 2248 1307 2300 Κρόνον.
1346 2249 1428 2288 Illo
1451 2249 1563 2288 enim

106 2307 342 2359 exprimere
363 2306 521 2346 Graece
541 2307 685 2346 voluit
711 2307 979 2349 Saturninum.
1043 2304 1204 2360 Κρόνος
1232 2305 1343 2344 enim
1372 2319 1457 2343 non
1480 2305 1566 2343 δακ

106 2366 309 2411 tur-ninus,
354 2362 428 2402 sed
461 2363 664 2402 Saturnus.
698 2364 875 2403 GnAnv.
931 2362 1152 2412 Ἐξέθανον
1178 2372 1344 2416 praeter
1372 2362 1457 2402 IVIS.
1494 2361 1565 2403 Gr.

109 2421 234 2460 etiam
253 2421 317 2459 M.
347 2419 399 2458 In
417 2420 592 2472 reliquis
612 2416 831 2462 ἀπέθανον.
863 2420 1032 2462 SOLAN.

220 2499 321 2541 Εατῖ.
340 2502 366 2538 l.
390 2502 428 2542 5·
457 2495 678 2552 Ἀρχόντων
698 2500 946 2549 ἐπιστολαῖς)
978 2498 1093 2552 Quas
1115 2497 1315 2550 epistolas
1339 2497 1565 2551 intelligat,

110 2555 226 2595 haud
261 2556 385 2595 facile
417 2554 585 2594 dixerit.
646 2554 727 2595 Sed
758 2566 845 2594 tum
877 2571 928 2594 ex
945 2555 1087 2607 phrasi
1117 2558 1195 2595 τῶν
1215 2552 1442 2606 ἀρχόντων,
1477 2563 1567 2593 tum

115 2626 167 2650 ex
199 2612 402 2658 historia,
436 2625 542 2665 quae
574 2621 799 2659 memorat,
840 2612 1025 2649 Lucium
1059 2611 1238 2657 verum,
1281 2609 1378 2648 dum
1410 2610 1567 2649 bellum

115 2667 222 2706 illud
244 2668 489 2721 gerebatur,
523 2667 680 2707 sedisse
717 2667 994 2716 Antiochiae,
1035 2668 1224 2718 proclive
1257 2676 1322 2705 est
1360 2667 1566 2719 suspicari

115 2722 167 2764 <le
189 2725 327 2764 literis
341 2724 486 2765 -Ptisci
509 2734 551 2765 et
571 2724 707 2766 Cassii
731 2724 782 2763 ad
804 2725 1105 2777 Imperatorem
1131 2723 1184 2762 L.
1217 2724 1373 2763 Verum
1404 2723 1566 2764 intelli-
