1834 3188
189 402 319 440 1³·739·

196 1012 328 1048 P·740-

777 259 1183 302 LuciA'Nl

334 269 367 314 4

331 392 400 427 τος
425 377 584 432 σπουδῇ
597 370 871 427 τεκμήρασθαι
889 365 909 389 ¹³
923 370 938 420 )
951 401 960 418 ‚
993 363 1100 421 παρὰ
1122 366 1192 409 τὸν
1212 363 1452 409 διδάσκαλον
1474 365 1716 420 ἐπειγομένῳ

334 448 488 493 ἔοικας·
520 440 692 489 ἐνενόεις
721 443 820 495 γοῦν
852 454 888 479 τι
909 434 1046 490 μεταξὺ
1079 433 1253 488 προϊών,
1285 436 1353 477 καὶ
1377 433 1424 476 τοὶ
1452 436 1558 488 χείλη
1579 430 1719 475 διεσά-

333 519 469 561 λευες,
500 509 626 565 ἠρέμα
657 503 1024 559 ὑποτονθορύζων,
1051 505 1119 545 καὶ
1149 502 1221 556 τὴν
1255 509 1364 557 χεῖρα
1395 496 1470 544 ὦδε
1494 500 1656 558 κᾴκεῖσε
1680 499 1720 552 c)

336 581 568 635 μετέφερες,
619 572 744 629 ὥςπερ
783 565 869 616 τινα
907 576 1027 626 ῥῆσιν
1068 573 1132 614 ἐπὶ
1169 576 1335 613 σεαυτοῦ
1353 567 1397 623 d)
1430 571 1722 623 διατιθέμενος·

339 647 520 702 ἐρώτημα
547 645 606 694 δὲ,
639 642 667 698 ἢ
688 646 724 686 τὶ
742 643 784 699 ⁰)
816 648 895 685 τῶν
924 639 1105 697 ἀγκύλων
1129 642 1353 690 συντιθεὶς,
1386 638 1415 693 ’ἢ
1434 642 1581 694 σκέμμα
1611 655 1724 691 σοφι-

341 713 475 758 στικὸν
505 712 810 768 ἀναφροντίζων
825 743 836 762 ,
871 708 922 760 ὡς
942 710 1040 764 μηδὲ
1073 707 1154 766 ὁδῷ
1171 711 1342 763 βαδίζων
1363 707 1508 762 σχολὴν
1528 706 1639 763 ὄῖγοις
1658 703 1726 760 s)‚

340 779 426 824 ἀλλ’
449 780 608 836 ἐνεργὸς
631 783 713 833 εἴης
728 813 738 830 ,
770 775 833 821 ἀεὶ
864 776 1086 821 σπουδαῖόν
1108 795 1144 819 τι
1164 776 1372 833 πράττων,
1403 779 1469 819 καὶ
1491 775 1513 819 ὃ
1532 773 1611 832 πρὸ
1631 771 1732 817 ὁδοῦ

342 864 406 892 σοι
425 845 566 905 γένοιτ’
593 847 642 891 ἂν
665 850 704 897 ἐς
725 846 772 889 τὰ
795 847 1027 901 μαθήματα.

458 922 600 960 ΕΡΜ.
634 915 700 968 Νὴ
732 912 817 968 Δί’,
851 910 882 958 ὦ
904 923 1082 964 Λυκῖνε,
1112 912 1272 957 τοιοῦτό
1294 931 1344 956 τι.
1386 912 1458 967 τὴν
1480 910 1555 968 γάρ
1586 911 1732 966 χθιζὴν

343 988 590 1036 συνουσίαν,
621 985 689 1027 καὶ
708 982 734 1026 ὁὶ
759 983 842 1027 εἶπε
868 982 971 1041 πρὸς
988 980 1115 1038 ἡμᾶς,
1148 978 1508 1037 ἀνεπεμπαζόμην,
1541 980 1663 1022 ἐπιών
1683 983 1734 1035 τῇ

437 1118 553 1151 Deest
570 1114 610 1149 in
628 1117 712 1150 Par.
737 1123 772 1150 et
792 1117 843 1150 Pl.
864 1123 900 1150 et
919 1117 974 1150 M.
997 1116 1034 1149 in
1055 1116 1188 1162 quibus
1218 1125 1421 1159 numquam
1445 1113 1482 1146 in
1504 1110 1624 1157 capite
1645 1110 1738 1143 scri-

436 1165 581 1197 buntur
605 1174 847 1205 personarum
876 1163 1041 1196 nomina.
1091 1164 1161 1195 Sed
1179 1164 1221 1195 B.
1245 1175 1275 1195 2.
1295 1162 1458 1195 Λυκίνου
1479 1160 1540 1194 nal
1565 1155 1739 1200 ἶΕρμοτί-

441 1222 526 1253 μου.
575 1209 656 1242 Vid.
681 1209 781 1242 infra
802 1221 833 1243 e.
854 1214 898 1252 48
934 1217 969 1241 et
985 1221 1042 1250 40.
1094 1209 1266 1241 Ceterum
1285 1208 1322 1239 in
1345 1206 1509 1250 personis
1530 1216 1594 1248 per
1613 1209 1739 1236 totum

441 1256 635 1297 dialogum
666 1254 937 1297 distinguendis
966 1254 1179 1287 Florentina
1207 1254 1352 1296 integre
1381 1251 1554 1295 exprimit
1583 1249 1740 1283 EpMo-

444 1301 665 1334 TIMOZet
681 1301 960 1334 ΛΤΚΙΝΟΣ.“
987 1300 1188 1344 Vulgatam
1208 1306 1246 1331 et
1259 1303 1298 1332 A.
1315 1310 1343 1330 2.
1357 1297 1548 1341 exprimit3
1575 1296 1638 1328 sed
1650 1297 1691 1328 B.
1706 1307 1737 1327 1.

441 1353 477 1378 ei,
491 1358 522 1389 3.
536 1357 620 1378 cum
633 1346 675 1379 B.
688 1357 718 1378 2.
738 1346 894 1378 faciunt.
943 1346 1098 1378 Temere
1110 1356 1129 1377 a
1142 1346 1258 1378 Rellz.
1272 1345 1419 1377 ratione
1432 1340 1642 1375 recedentes
1654 1342 1738 1384 Bip.

441 1398 479 1424 et
499 1392 612 1426 S'clzm.
636 1391 841 1423 omiserunt
868 1391 907 1423 in
928 1391 1047 1432 capite
1073 1401 1230 1432 nomen,
1258 1401 1326 1422 nec
1354 1388 1424 1422 nisi
1448 1390 1560 1423 AYK.
1581 1388 1740 1421 obscure

443 1438 676 1469 decurtatum
697 1437 948 1480 praefixerunt
967 1438 1006 1469 in
1027 1437 1178 1477 eodem,
1208 1447 1280 1479 quo
1306 1436 1437 1478 Lycini
1454 1435 1566 1467 verba
1587 1434 1667 1476 ipsa
1684 1443 1743 1464 se-

441 1488 629 1528 quuntur,
655 1493 773 1515 versu.
826 1483 962 1514 Melius
986 1483 1135 1524 quidem
1162 1481 1207 1512 ad
1228 1481 1387 1513 aliorum
1411 1480 1647 1524 dialogorum
1673 1489 1740 1510 ex-

443 1528 633 1572 emplum,
660 1528 723 1560 sed
752 1527 813 1560 hic
842 1534 967 1561 tamen
992 1539 1033 1559 ex
1062 1538 1128 1560 suo
1160 1533 1306 1559 tantum
1336 1526 1514 1569 arbitrio,
1550 1524 1740 1570 Seyboldus

442 1573 654 1618 inscripsit:
697 1575 960 1614 AYKINOZ,
1004 1574 1341 1607 EPMOTIMOZ.
1422 1572 1470 1614 b)
1504 1567 1646 1615 τεκμή
1661 1582 1742 1612 ροι-

445 1619 591 1662 σθάι]
617 1620 744 1664 „Lege
771 1622 1037 1663 τεκμαίρεσθαι
1066 1631 1105 1651 cx
1127 1621 1247 1652 NIarc.
1271 1619 1390 1652 Solam.
1438 1619 1507 1651 Sed
1535 1618 1629 1650 nihil
1657 1627 1739 1649 mu-

444 1672 502 1699 tat
533 1667 586 1698 M.
610 1677 676 1698 nec
704 1667 826 1699 Edd.“
882 1664 1145 1711 Τεκμῄρασθαι
1173 1676 1259 1697 cum
1285 1666 1362 1706 jota
1395 1664 1607 1708 subscripto
1635 1672 1736 1706 2954.

446 1712 546 1756 quud
569 1712 773 1755 probatum
797 1712 923 1744 Belino
952 1713 1093 1755 recepit
1123 1711 1353 1749 .5'cl1mie‹ler.‚
1379 1717 1597 1754 receperant
1626 1711 1740 1742 etiam

445 1759 543 1802 Seyb.
566 1762 602 1789 et
619 1760 702 1798 Bip.
753 1758 822 1790 Sed
855 1760 973 1791 Reitz.
994 1770 1079 1790 vum
1104 1762 1190 1789 vett.
1213 1757 1306 1788 Edd.
1328 1757 1499 1789 omnibus
1527 1762 1629 1789 recte
1647 1754 1741 1788 onii-

445 1803 494 1836 sit
513 1804 600 1844 jota.
644 1803 700 1835 Cf.
723 1804 858 1836 Adnot.
909 1804 950 1846 c)
978 1799 1063 1850 ᾦδε
1088 1799 1252 1849 κᾴκεῖσ
1265 1806 1304 1843 ε]
1334 1796 1404 1849 ᾦδε
1424 1798 1529 1850 κᾴκεῖ
1548 1811 1649 1846 2954.
1671 1801 1742 1834 mi-

445 1860 514 1882 nus
536 1849 640 1881 bene.
692 1846 738 1890 d)
768 1850 998 1893 σεαυτοῦ]
1025 1848 1195 1894 ,,ἑαυτοῦ
1213 1850 1264 1881 W.
1281 1855 1316 1879 at
1334 1849 1436 1892 prius
1458 1855 1604 1881 servant
1618 1847 1741 1881 Edd.“

444 1895 567 1928 Etiam
590 1904 691 1938 2954.
710 1895 819 1928 habet
838 1895 986 1930 ἑαυτοῦ.
1045 1899 1084 1938 e)
1112 1891 1334 1939 ἐρώτημα
1360 1892 1426 1935 δὲ,
1454 1889 1478 1938 ἢ
1502 1894 1570 1937 τὶ]
1597 1892 1742 1938 ἐρώτη-

445 1953 497 1984 μα
528 1937 574 1984 δή
596 1953 631 1974 τι
654 1943 861 1985 (nimirum)
895 1943 1023 1975 mallet
1045 1945 1076 1977 J,
1101 1944 1241 1985 Scugcr.
1268 1941 1449 1973 Classical
1470 1941 1624 1973 Journal
1656 1939 1739 1972 Vol.

444 1988 549 2019 XIII.
572 1998 606 2029 p.
626 1998 681 2030 71-
719 1989 762 2019 At
780 1988 853 2022 vid.
878 1989 1011 2021 Adnot.
1060 1988 1097 2027 f)
1127 1982 1289 2031 ἄγοις]
1317 1983 1414 2030 ἄγεις
1434 1998 1536 2029 3011.
1586 1986 1655 2020 Sed
1676 1991 1742 2017 Βε-

446 2032 540 2064 linus
560 2032 747 2064 emendari
767 2034 866 2076 vult,
893 2030 941 2073 aig
966 2031 1023 2068 ὃέν
1048 2053 1093 2058 —-—
1119 2029 1233 2076 ἄγοις,
1260 2045 1370 2077 qnam
1388 2034 1603 2076 improbam
1621 2031 1742 2065 homi-

444 2077 502 2110 nis
519 2077 713 2111 licentiam
733 2079 808 2120 jam
829 2081 968 2113 centies
989 2080 1234 2124 explosi1111153
1261 2085 1303 2111 ut
1321 2080 1416 2112 Pisc.
1440 2091 1520 2122 944.
1542 2090 1572 2111 e.
1593 2090 1624 2110 a.

353 2181 541 2220 incessus
572 2180 812 2231 celeritate,
848 2184 1017 2241 collige·
1078 2182 1345 2237 cogitatione
1404 2181 1738 2235 persequereris,

352 2253 416 2286 re,
453 2238 653 2276 festinare
685 2239 734 2277 ad
769 2241 1015 2293 magistrum

352 2294 525 2335 videris.
588 2295 952 2336 Commentabaris
977 2313 1016 2336 e-

352 2350 439 2387 nim
476 2350 640 2402 aliquid
675 2352 1015 2404 intereundum,

353 2414 393 2443 et
430 2410 625 2444 movebas
655 2422 747 2445 cum
780 2410 866 2446 leni
897 2426 1016 2448 mur-

352 2475 469 2499 mure
505 2462 642 2510 labia,
676 2474 714 2501 et
737 2479 904 2502 inanum
932 2466 1015 2505 huc

352 2516 455 2553 illuc
477 2518 779 2569 transferebas,
817 2531 1013 2576 tanquam

352 2572 424 2624 qui
453 2573 688 2611 orationem
720 2577 903 2629 aliquam
942 2580 1014 2616 in·-

350 2636 411 2666 tra
436 2639 474 2666 te
498 2628 759 2681 disponereS,
795 2644 867 2670 aut
890 2638 1012 2674 alter-

350 2685 585 2735 cationem,
649 2697 720 2725 aut
767 2697 1009 2730 tortuosum

349 2740 551 2791 quiddam
590 2755 893 2796 componeres,
936 2756 1009 2785 aut

346 2795 636 2848 Sophisticam
712 2801 1005 2854 quaestionem

1077 2251 1123 2278 ut
1149 2256 1198 2279 ne
1217 2242 1258 2277 in
1282 2240 1349 2277 via
1374 2240 1543 2293 quidem
1570 2238 1660 2276 otio
1677 2238 1742 2275 in-

1077 2297 1249 2349 dulgeas
1280 2300 1484 2344 nimirum,
1519 2294 1590 2334 sed
1628 2308 1742 2346 ope—
1771 2308 1774 2310 ’

1075 2367 1194 2391 rosus
1225 2354 1305 2401 sis,
1351 2363 1389 2391 et
1421 2352 1574 2390 serium
1605 2349 1739 2404 quid-

1076 2409 1166 2446 dam
1190 2423 1308 2462 agas,
1343 2407 1541 2460 quodque
1565 2405 1616 2444 ad
1640 2405 1738 2445 doc-

1076 2467 1227 2503 trinam
1254 2464 1333 2502 tibi
1361 2464 1506 2517 prosit.

1129 2578 1264 2617 Herm.
1299 2577 1378 2617 Per
1405 2576 1568 2627 Jovem,
1601 2575 1736 2629 Lyci-

1071 2649 1148 2681 ne,
1183 2639 1264 2672 tale
1286 2634 1483 2688 quiddam
1506 2645 1599 2675 erat.
1659 2634 1736 2671 Et-

1070 2692 1182 2730 enim
1199 2689 1730 2739 besternamauditionem,

1068 2757 1108 2785 et
1134 2760 1242 2799 quae
1277 2746 1389 2785 dixit
1422 2746 1570 2796 nobis,
1604 2760 1734 2799 repe-

1066 2802 1225 2851 tebnm‚
1258 2803 1460 2841 memoria
1479 2813 1728 2855 percurrens
