1834 3188
324 185 374 215 m
412 183 652 222 QUOMODO
689 183 929 213 nisTomA
967 183 1043 212 srr
1080 183 1278 213 consen.
1435 168 1536 217 575

68 282 292 333 scribitur;
323 291 364 321 et
390 279 566 337 Ἐλὲγεια
587 280 746 320 dicitur
768 280 992 320 Armeniae
1016 283 1154 331 locus,
1189 280 1233 319 in
1254 294 1340 334 quo
1360 279 1537 320 circum-

74 349 228 378 ventus
263 339 553 377 Romanorum
586 337 799 377 exercitus
830 337 1118 377 internecioni
1158 347 1274 376 totus
1303 337 1426 376 datus
1457 348 1534 377 est.

69 397 136 435 M.
163 393 439 448 Σεουηριανὸς
457 395 630 449 ubique.
662 395 700 436 J.
723 393 805 438 Ed,
831 403 872 432 et
893 394 1003 433 aliae
1026 397 1258 433 nonnullae
1280 393 1352 433 hic
1372 403 1415 433 et
1437 409 1537 433 mox

70 453 224 491 iterum
250 451 510 506 Σεβεριανός,
543 466 649 505 quae
674 466 766 490 cum
789 450 944 489 deinde
965 454 1161 506 Σεβ·ηρ--
1189 461 1304 489 recte
1324 451 1534 500 scribant,

71 523 149 547 nos
171 518 213 548 et
234 509 304 547 hic
327 519 436 548 recte
453 508 583 547 scribi
605 507 845 546 curavimus
860 540 870 557 ‚
901 507 969 546 uti
992 517 1090 547 ante
1111 521 1189 546 nos
1209 508 1258 549 B.
1284 513 1322 550 2.
1343 517 1384 546 et
1408 508 1539 546 Bene-

71 564 200 604 dictus
220 567 423 605 fecerant.
485 565 714 604 Seven‘anus
736 574 874 603 autem
893 563 964 602 hic
987 565 1132 604 Gallus
1151 563 1312 603 dicitur
1332 578 1354 602 a
1374 564 1536 602 Nostro

68 622 192 662 Alex.
232 637 266 661 c.
292 627 361 666 27.
421 621 752 675 Armeniamque
793 621 1017 659 invasurus
1049 620 1287 660 Alexandri
1319 623 1537 660 oraculum

71 679 306 728 consulust,
321 692 407 733 quo
431 692 659 731 responso,
692 691 834 731 quove
858 677 992 729 exitu,
1005 677 1164 717 ibidem
1185 676 1334 716 disces.
1367 678 1535 718 somn-1.

181 734 329 778 Ead.1.
350 741 391 779 3.
430 735 606 787 Ξίφει]
641 733 895 787 Ambiguum
918 743 992 773 est.
1053 734 1146 774 Nee
1166 733 1268 773 inde
1289 743 1433 786 potest
1456 733 1539 772 dis-

71 791 132 839 ci,
166 802 307 830 utrum
329 807 348 830 a
369 792 536 830 Parthis
559 792 616 829 sit
640 791 891 829 interfectus
906 820 916 838 ,
951 804 1002 828 an
1034 805 1077 830 se
1098 792 1189 843 ipse
1211 791 1300 829 vita
1335 790 1540 839 privave--

69 849 138 886 rit.
201 848 247 888 Si
281 849 377 901 quis
396 851 511 886 solos
533 850 645 901 legat
669 849 785 885 locos
809 846 852 883 in
875 845 998 887 Alex.
1023 861 1056 888 e.
1080 852 1146 890 27.
1169 856 1211 887 et
1232 845 1471 900 Xiphilino‚
1504 847 1539 884 is

69 919 164 942 eum
186 904 352 956 putabit
373 919 394 942 a
418 903 585 942 Parthis
607 916 695 942 esse
718 905 811 941 leto
830 901 990 944 datum.
1058 903 1111 945 Τὸ
1132 902 1269 951 πάθος
1297 905 1425 944 ἐκεῖνο
1458 908 1540 943 πᾶν

70 960 242 999 videtur
264 974 353 999 esse
376 961 513 999 omnis
533 961 612 1000 iste
630 973 775 1009 caSUS,
809 959 975 1008 omnia,
1009 973 1117 1013 quae
1142 959 1372 998 Severiano
1394 968 1437 997 et
1457 972 1543 997 ex-

69 1016 223 1055 ercitui
250 1016 510 1056 acciderunt.
552 1018 671 1057 Pam.
731 1015 909 1055 Rectius
939 1015 993 1055 ob
1026 1015 1250 1070 sequentia
1283 1015 1541 1069 intelligitur

69 1073 290 1112 severiani
321 1088 454 1124 mors,
485 1073 725 1127 hujusque,
770 1086 878 1126 quae
910 1073 1022 1112 forte
1055 1083 1200 1121 erant,
1246 1086 1440 1119 caussae,
1471 1075 1540 1110 vel

69 1130 264 1180 morbus,
299 1133 365 1170 vel
388 1133 569 1181 vulnus,
610 1132 679 1169 vel
709 1128 851 1167 inedia
884 1139 964 1170 etc.
997 1139 1046 1167 ut
1074 1143 1221 1168 sensus
1253 1129 1331 1168 sit:
1363 1129 1541 1181 Impru—

70 1186 220 1224 denter
244 1188 315 1226 il-le
342 1186 470 1225 finxit
500 1187 778 1227 Severianum
813 1185 956 1225 inedia
987 1199 1077 1225 esse
1103 1185 1365 1232 absumtum,
1407 1199 1539 1238 quum

72 1244 185 1280 inter
208 1258 393 1297 pugnam
415 1253 457 1282 et
480 1253 655 1282 mortem
683 1245 774 1295 ejus
798 1242 925 1280 trium
961 1252 1128 1281 tantum
1162 1241 1324 1282 dierum
1352 1241 1539 1295 spatium

72 1300 379 1349 intercesserit,
414 1300 540 1338 nimis
564 1299 671 1338 illud
694 1309 853 1338 arctum
876 1299 921 1336 in
944 1298 1058 1337 hunc
1082 1298 1223 1349 finem,
1248 1313 1375 1352 quum
1396 1298 1541 1336 homi-

70 1370 143 1395 nes
167 1356 257 1395 fere
280 1357 404 1395 etiam
427 1366 584 1409 septem
609 1356 770 1395 dierum
794 1354 980 1394 inediam
1003 1356 1189 1407 perferre
1213 1358 1393 1394 valeant.
1434 1355 1542 1393 Ma·-

71 1413 135 1466 gis
163 1413 289 1451 etiam
322 1412 395 1451 hic
429 1427 576 1451 sensus
601 1411 872 1461 inclarescit,
905 1414 966 1459 si,
999 1411 1109 1451 duce
1131 1411 1239 1452 Cod.
1263 1415 1412 1461 2954„
1446 1425 1540 1449 cum

69 1467 212 1508 Belino
236 1478 278 1509 et
302 1469 552 1509 Sclzmiedero
572 1484 649 1523 pro
671 1471 794 1511 ἐκεῖνο
821 1469 973 1523 legeris
994 1470 1152 1524 ἐκείνῳ,
1188 1467 1303 1521 quod
1335 1468 1388 1506 ob
1410 1470 1541 1520 majo·

68 1540 153 1564 rem
179 1535 410 1577 syntaxeos
432 1526 683 1566 facilitatem
706 1541 728 1565 a
746 1525 934 1564 librariis
955 1525 1000 1564 in
1031 1525 1138 1564 illud
1159 1534 1367 1563 mutatum
1399 1524 1540 1563 credo,

67 1582 226 1621 Luam.

185 1639 288 1681 Ead.
312 1643 340 1679 1.
367 1645 408 1684 9.
442 1637 729 1695 Σεβηριανὸς)
770 1637 1026 1694 Σεβηριανός
1057 1641 1158 1695 λιμῷ
1187 1640 1306 1689 (non
1336 1638 1460 1693 λίμῳ,
1492 1645 1542 1674 ut

72 1705 135 1734 est
156 1695 198 1732 in
227 1697 436 1739 animadv.
464 1698 515 1736 L.
537 1696 646 1749 Bos)
679 1693 896 1749 α’πόληται,
931 1697 1000 1738 καὶ
1021 1694 1088 1738 διὰ
1116 1700 1232 1736 τοῦτο
1269 1690 1343 1736 ov'n
1372 1691 1542 1748 ἐπήγαγε

71 1750 137 1793 διὰ
158 1757 228 1804 τῆς
247 1751 432 1807 ἑβδόμης.
495 1754 647 1793 Sensus
670 1753 895 1792 verborum
914 1762 1001 1792 est:
1046 1752 1297 1790 Severianum
1327 1752 1434 1789 intra
1462 1753 1544 1788 tri—-

74 1808 193 1846 ‹luum
211 1821 404 1849 mortuum
416 1810 570 1867 sitisse,
606 1826 691 1849 cum
715 1809 885 1848 inediam
907 1808 962 1846 acl
979 1809 1180 1861 septimum
1198 1824 1317 1861 usque
1337 1806 1436 1844 diem
1456 1823 1542 1859 per·

59 1866 204 1920 ⁸js'cram!
222 1866 424 1920 plerique5
456 1869 582 1906 nisisi
602 1869 688 1920 quis
713 1867 910 1904 adstitisse
926 1876 1032 1918 putet
1060 1864 1208 1903 Osro'bn
1222 1894 1233 1912 ,
1267 1874 1301 1901 et
1319 1874 1543 1915 exspectas-

72 1938 129 1970 se,
172 1921 421 1979 (lonecf'ame
453 1935 604 1963 enectus
637 1934 729 1961 esset
759 1924 1010 1973 Severianus,
1051 1931 1085 1959 et
1113 1931 1318 1974 propterea
1347 1935 1431 1957 eum
1465 1935 1543 1957 non

68 1978 309 2032 produxisse
327 1983 447 2019 vitam
467 1998 537 2034 per
555 1979 818 2018 hebdomada.
879 1979 1094 2031 Interpres
1116 1987 1328 2029 postrema
1359 1976 1421 2013 sic
1443 1975 1543 2013 red-

75 2034 261 2074 diderat:
302 2047 335 2075 et
357 2038 405 2075 ob
425 2037 498 2077 lzoc
524 2054 609 2075 eum
634 2053 704 2090 per
733 2048 871 2088 septem
906 2034 986 2073 dies
1019 2036 1060 2073 in
1084 2036 1208 2073 aciem
1238 2049 1317 2072 non
1347 2031 1542 2071 eduxisse.

73 2091 228 2129 Verum
249 2091 332 2131 hoc
352 2093 555 2131 denotare
575 2093 735 2147 ἐπάγειν
750 2125 760 2143 ,
792 2092 905 2131 unde
928 2090 1131 2130 didicerit
1151 2090 1239 2140 ille,
1272 2089 1430 2127 nescio.
1463 2088 1543 2125 Est

73 2144 235 2201 ἐπάγειν
257 2147 326 2187 bic
351 2149 542 2189 absolute
567 2152 752 2200 positum
776 2163 851 2202 pro
877 2145 1036 2203 ἐπάγειν
1055 2145 1123 2188 τὸν
1144 2149 1254 2199 βίον,
1300 2145 1339 2183 h.
1370 2160 1404 2183 e.
1425 2147 1543 2183 insu—

69 2221 139 2258 per
163 2221 275 2258 agere
295 2208 416 2244 vitam
431 2234 442 2251 ,
475 2205 688 2259 producere
705 2209 849 2255 vitam,
884 2202 1236 2259 quemadmodum
1259 2200 1369 2255 ἄγειν
1392 2212 1434 2240 et
1456 2200 1541 2242 ὁιά-

74 2278 158 2315 γειν
189 2261 381 2300 absolute
408 2262 533 2301 etiam
567 2274 794 2315 usurpatur
823 2263 914 2302 sine
942 2275 1049 2301 voce
1069 2263 1173 2315 βίον.
1235 2260 1351 2298 Haec
1379 2258 1423 2295 in
1445 2257 1543 2295 ani-

75 2316 279 2358 madvers.
305 2332 342 2369 p.
363 2323 429 2362 63.
461 2319 515 2358 L.
538 2319 645 2358 Bos.

189 2374 292 2416 Ibicl.
322 2371 547 2430 Ἐπήγαγε)
580 2377 713 2414 Recte
742 2373 910 2428 quidem
939 2374 989 2413 L.
1011 2375 1094 2414 Bos
1112 2373 1195 2412 hoc
1217 2371 1391 2411 verbum
1414 2370 1541 2409 modo

76 2431 303 2484 exposuit3
339 2446 424 2470 non
448 2442 584 2471 tamen
608 2441 691 2482 est,
726 2430 841 2484 quod
862 2430 966 2470 adeo
989 2431 1174 2484 praecise
1194 2437 1339 2483 neget,
1373 2427 1417 2465 id
1441 2441 1542 2479 quo·

80 2489 224 2540 quein
249 2487 382 2527 aciem
412 2487 588 2527 educere
609 2488 850 2541 significare
875 2501 1023 2539 posse:
1056 2501 1150 2524 nam
1176 2484 1308 2539 ἐπάγω
1330 2494 1371 2522 et
1397 2482 1544 2536 προςά-

77 2560 133 2597 γω
153 2544 196 2581 in
221 2543 384 2583 bellicis
408 2544 756 2597 expeditionibus
780 2545 977 2598 frequens
993 2576 1003 2594 ‚
1036 2557 1113 2596 pro
1137 2545 1241 2581 irruo
1257 2575 1266 2591 ,
1298 2540 1441 2579 induco
1465 2556 1543 2579 esr-

76 2602 298 2639 ercitumin
322 2600 512 2648 hostem;
547 2600 738 2653 adeoque
764 2615 849 2638 non
874 2599 935 2637 ita
954 2602 1082 2653 longe
1115 2599 1281 2637 abludit
1305 2597 1354 2635 ab
1387 2597 1544 2636 educere

78 2658 118 2693 iu
140 2659 273 2695 aciem.
334 2659 468 2707 Dixi,
503 2657 651 2704 cred0‚
687 2657 737 2695 de
762 2656 842 2695 boc
862 2655 1129 2704 significatu,
1162 2670 1212 2694 ex
1245 2655 1411 2694 Art-ian.
1447 2654 1542 2690 Ex-

79 2711 174 2765 ped·
199 2713 244 2762 I,
272 2719 305 2757 1.
331 2729 372 2767 p.
394 2721 432 2761 6.
455 2725 532 2756 etc.
559 2713 611 2753 ad
629 2715 821 2754 Hermot.
843 2727 875 2755 c.
896 2718 961 2757 68.
1004 2713 1160 2752 Verum
1184 2711 1283 2751 ideo
1309 2710 1447 2750 nihilo
1465 2710 1542 2748 mi-
