<?xml version="1.0" encoding="UTF-8"?>
<!DOCTYPE html PUBLIC "-//W3C//DTD XHTML 1.0 Transitional//EN"
    "http://www.w3.org/TR/xhtml1/DTD/xhtml1-transitional.dtd">
<html xmlns="http://www.w3.org/1999/xhtml" xml:lang="en" lang="en">
 <head>
  <title>
</title>
<meta http-equiv="Content-Type" content="text/html;charset=utf-8" />
  <meta name='ocr-system' content='tesseract 3.04.00' />
  <meta name='ocr-capabilities' content='ocr_page ocr_carea ocr_par ocr_line ocrx_word'/>
</head>
<body>
  <div class='ocr_page' id='page_1' title='image "./operagraecaetlat04luciuoft/operagraecaetlat04luciuoft_0729.png"; bbox 0 0 1834 3188; ppageno 0'>
   <div class='ocr_carea' id='block_1_1' title="bbox 383 167 1501 212">
    <p class='ocr_par' dir='ltr' id='par_1_1' title="bbox 383 167 1501 212">
     <span class='ocr_line' id='line_1_1' title="bbox 383 167 1501 212; baseline 0.001 -7"><span class='ocrx_word' id='word_1_1' title='bbox 383 178 429 205; x_wconf 67' lang='lat' dir='ltr'><strong>m</strong></span> <span class='ocrx_word' id='word_1_2' title='bbox 470 174 633 204; x_wconf 64' lang='lat' dir='ltr'><strong>vnnxffl</strong></span> <span class='ocrx_word' id='word_1_3' title='bbox 673 176 936 206; x_wconf 66' lang='lat' dir='ltr'>HlsTORIAE</span> <span class='ocrx_word' id='word_1_4' title='bbox 976 177 1063 208; x_wconf 75' lang='lat' dir='ltr'><strong>Lm.</strong></span> <span class='ocrx_word' id='word_1_5' title='bbox 1104 179 1154 206; x_wconf 83' lang='lat'><strong>11.</strong></span> <span class='ocrx_word' id='word_1_6' title='bbox 1407 167 1501 212; x_wconf 75' lang='lat'><strong>681</strong></span> 
     </span>
    </p>
   </div>
   <div class='ocr_carea' id='block_1_2' title="bbox 33 270 1502 385">
    <p class='ocr_par' dir='ltr' id='par_1_2' title="bbox 33 270 1502 385">
     <span class='ocr_line' id='line_1_2' title="bbox 149 270 1502 325; baseline 0.003 -13"><span class='ocrx_word' id='word_1_7' title='bbox 149 273 249 314; x_wconf 75' lang='lat' dir='ltr'><strong>Ead.</strong></span> <span class='ocrx_word' id='word_1_8' title='bbox 274 276 300 312; x_wconf 89' lang='lat' dir='ltr'><strong>l.</strong></span> <span class='ocrx_word' id='word_1_9' title='bbox 331 278 391 316; x_wconf 85' lang='grc'><strong>10</strong></span> <span class='ocrx_word' id='word_1_10' title='bbox 438 279 501 313; x_wconf 74' lang='grc' dir='ltr'><strong>Με</strong></span> <span class='ocrx_word' id='word_1_11' title='bbox 507 270 748 325; x_wconf 75' lang='grc' dir='ltr'><em>σονὺκτιον)</em></span> <span class='ocrx_word' id='word_1_12' title='bbox 782 273 877 312; x_wconf 82' lang='lat' dir='ltr'><strong>Vid.</strong></span> <span class='ocrx_word' id='word_1_13' title='bbox 916 273 1024 313; x_wconf 82' lang='lat' dir='ltr'><strong>hanc</strong></span> <span class='ocrx_word' id='word_1_14' title='bbox 1059 288 1204 314; x_wconf 82' lang='lat' dir='ltr'><strong>vocem</strong></span> <span class='ocrx_word' id='word_1_15' title='bbox 1242 285 1386 314; x_wconf 79' lang='lat' dir='ltr'><strong>contra</strong></span> <span class='ocrx_word' id='word_1_16' title='bbox 1426 277 1502 316; x_wconf 78' lang='lat'><strong>[72.</strong></span> 
     </span>
     <span class='ocr_line' id='line_1_3' title="bbox 33 328 1365 385; baseline 0 -16"><span class='ocrx_word' id='word_1_17' title='bbox 33 332 151 385; x_wconf 77' lang='lat' dir='ltr'><strong>Mag.</strong></span> <span class='ocrx_word' id='word_1_18' title='bbox 175 330 402 380; x_wconf 83' lang='lat' dir='ltr'><strong>adsertam,</strong></span> <span class='ocrx_word' id='word_1_19' title='bbox 435 330 546 368; x_wconf 84' lang='lat' dir='ltr'><strong>infra</strong></span> <span class='ocrx_word' id='word_1_20' title='bbox 569 328 685 368; x_wconf 87' lang='lat' dir='ltr'><strong>hac</strong></span> <span class='ocrx_word' id='word_1_21' title='bbox 674 344 764 383; x_wconf 88' lang='lat' dir='ltr'><strong>1psa</strong></span> <span class='ocrx_word' id='word_1_22' title='bbox 789 331 883 369; x_wconf 89' lang='lat' dir='ltr'><strong>Ver.</strong></span> <span class='ocrx_word' id='word_1_23' title='bbox 908 330 1021 370; x_wconf 78' lang='lat' dir='ltr'><strong>Hist.</strong></span> <span class='ocrx_word' id='word_1_24' title='bbox 1045 345 1079 371; x_wconf 88' lang='lat' dir='ltr'><strong>c.</strong></span> <span class='ocrx_word' id='word_1_25' title='bbox 1102 336 1170 374; x_wconf 89' lang='grc'><strong>40.</strong></span> <span class='ocrx_word' id='word_1_26' title='bbox 1202 332 1365 372; x_wconf 65' lang='lat' dir='ltr'><strong>errrz</strong></span> 
     </span>
    </p>
   </div>
   <div class='ocr_carea' id='block_1_3' title="bbox 36 384 1510 497">
    <p class='ocr_par' dir='ltr' id='par_1_3' title="bbox 36 384 1510 497">
     <span class='ocr_line' id='line_1_4' title="bbox 145 384 1510 442; baseline 0.002 -15"><span class='ocrx_word' id='word_1_27' title='bbox 145 387 244 441; x_wconf 80' lang='lat' dir='ltr'><strong>Pag</strong></span> <span class='ocrx_word' id='word_1_28' title='bbox 267 390 364 430; x_wconf 82' lang='grc'><strong>298</strong></span> <span class='ocrx_word' id='word_1_29' title='bbox 383 390 477 430; x_wconf 89' lang='lat'><strong>1.1</strong></span> <span class='ocrx_word' id='word_1_30' title='bbox 511 384 626 429; x_wconf 75' lang='grc' dir='ltr'><em>Πολὺ</em></span> <span class='ocrx_word' id='word_1_31' title='bbox 652 384 909 442; x_wconf 73' lang='grc' dir='ltr'>ἀπέχουσαν)</span> <span class='ocrx_word' id='word_1_32' title='bbox 939 388 1054 428; x_wconf 88' lang='lat' dir='ltr'><strong>Flor.</strong></span> <span class='ocrx_word' id='word_1_33' title='bbox 1077 385 1125 430; x_wconf 79' lang='grc' dir='ltr'><strong>οὗ</strong></span> <span class='ocrx_word' id='word_1_34' title='bbox 1148 387 1273 438; x_wconf 70' lang='grc' dir='ltr'><em>πολὺ,</em></span> <span class='ocrx_word' id='word_1_35' title='bbox 1305 391 1431 438; x_wconf 83' lang='lat' dir='ltr'><strong>male,</strong></span> <span class='ocrx_word' id='word_1_36' title='bbox 1463 398 1510 430; x_wconf 86' lang='lat' dir='ltr'><strong>et</strong></span> 
     </span>
     <span class='ocr_line' id='line_1_5' title="bbox 36 442 561 497; baseline -0.004 -14"><span class='ocrx_word' id='word_1_37' title='bbox 36 443 162 484; x_wconf 78' lang='lat' dir='ltr'><strong>aliter</strong></span> <span class='ocrx_word' id='word_1_38' title='bbox 182 445 342 497; x_wconf 88' lang='lat' dir='ltr'><strong>Interp.</strong></span> <span class='ocrx_word' id='word_1_39' title='bbox 382 442 561 485; x_wconf 69' lang='lat' dir='ltr'><strong>Bounn</strong></span> 
     </span>
    </p>
   </div>
   <div class='ocr_carea' id='block_1_4' title="bbox 29 493 1518 1629">
    <p class='ocr_par' dir='ltr' id='par_1_4' title="bbox 29 493 1518 1629">
     <span class='ocr_line' id='line_1_6' title="bbox 148 493 1509 555; baseline 0.001 -15"><span class='ocrx_word' id='word_1_40' title='bbox 148 499 249 541; x_wconf 74' lang='grc' dir='ltr'><strong>Εαᾶ.</strong></span> <span class='ocrx_word' id='word_1_41' title='bbox 263 503 290 539; x_wconf 87' lang='lat'><strong>1.</strong></span> <span class='ocrx_word' id='word_1_42' title='bbox 303 503 344 546; x_wconf 88' lang='lat'><strong>5.</strong></span> <span class='ocrx_word' id='word_1_43' title='bbox 378 499 499 553; x_wconf 81' lang='grc' dir='ltr'><strong><em>Παρα</em></strong></span> <span class='ocrx_word' id='word_1_44' title='bbox 517 503 710 547; x_wconf 81' lang='grc' dir='ltr'><em>τοςοῦτον</em></span> <span class='ocrx_word' id='word_1_45' title='bbox 730 493 860 553; x_wconf 77' lang='grc' dir='ltr'><em>ἦλθον</em></span> <span class='ocrx_word' id='word_1_46' title='bbox 872 499 1102 555; x_wconf 79' lang='grc' dir='ltr'><em>διαδράναι)</em></span> <span class='ocrx_word' id='word_1_47' title='bbox 1132 501 1315 555; x_wconf 81' lang='lat' dir='ltr'><strong>Interpr.</strong></span> <span class='ocrx_word' id='word_1_48' title='bbox 1331 502 1509 541; x_wconf 77' lang='lat' dir='ltr'><strong>Tantum</strong></span> 
     </span>
     <span class='ocr_line' id='line_1_7' title="bbox 32 556 1509 613; baseline 0.001 -16"><span class='ocrx_word' id='word_1_49' title='bbox 32 560 118 597; x_wconf 75' lang='lat' dir='ltr'><strong>viae</strong></span> <span class='ocrx_word' id='word_1_50' title='bbox 135 560 276 597; x_wconf 81' lang='lat' dir='ltr'><em>emensi</em></span> <span class='ocrx_word' id='word_1_51' title='bbox 294 568 416 606; x_wconf 77' lang='lat' dir='ltr'><strong>erant,</strong></span> <span class='ocrx_word' id='word_1_52' title='bbox 441 568 482 595; x_wconf 77' lang='lat' dir='ltr'><strong>ut</strong></span> <span class='ocrx_word' id='word_1_53' title='bbox 503 556 754 597; x_wconf 73' lang='lat' dir='ltr'><strong><em>elaberentur.</em></strong></span> <span class='ocrx_word' id='word_1_54' title='bbox 787 556 1070 597; x_wconf 84' lang='lat' dir='ltr'><strong>Reddendum</strong></span> <span class='ocrx_word' id='word_1_55' title='bbox 1091 572 1170 613; x_wconf 86' lang='lat' dir='ltr'><strong>ego</strong></span> <span class='ocrx_word' id='word_1_56' title='bbox 1194 568 1365 611; x_wconf 86' lang='lat' dir='ltr'><strong>putem:</strong></span> <span class='ocrx_word' id='word_1_57' title='bbox 1401 560 1509 598; x_wconf 82' lang='lat' dir='ltr'><strong>Tam</strong></span> 
     </span>
     <span class='ocr_line' id='line_1_8' title="bbox 29 613 1510 682; baseline 0.001 -29"><span class='ocrx_word' id='word_1_58' title='bbox 29 630 171 682; x_wconf 52' lang='lat' dir='ltr'><strong>paru’m</strong></span> <span class='ocrx_word' id='word_1_59' title='bbox 190 613 346 666; x_wconf 78' lang='lat' dir='ltr'><strong>aberat,</strong></span> <span class='ocrx_word' id='word_1_60' title='bbox 378 616 472 668; x_wconf 80' lang='lat' dir='ltr'><strong>quin</strong></span> <span class='ocrx_word' id='word_1_61' title='bbox 491 613 812 669; x_wconf 70' lang='lat' dir='ltr'><strong>elapsifuissent.</strong></span> <span class='ocrx_word' id='word_1_62' title='bbox 843 614 911 653; x_wconf 84' lang='lat' dir='ltr'><strong>Ita</strong></span> <span class='ocrx_word' id='word_1_63' title='bbox 931 614 1043 653; x_wconf 84' lang='lat' dir='ltr'><strong>infra</strong></span> <span class='ocrx_word' id='word_1_64' title='bbox 1065 620 1104 658; x_wconf 86' lang='grc'><strong>2.</strong></span> <span class='ocrx_word' id='word_1_65' title='bbox 1130 615 1228 655; x_wconf 89' lang='lat' dir='ltr'><strong>Ver.</strong></span> <span class='ocrx_word' id='word_1_66' title='bbox 1251 615 1365 654; x_wconf 89' lang='lat' dir='ltr'><strong>Hist.</strong></span> <span class='ocrx_word' id='word_1_67' title='bbox 1389 630 1426 654; x_wconf 75' lang='lat' dir='ltr'><strong>c..</strong></span> <span class='ocrx_word' id='word_1_68' title='bbox 1439 621 1510 660; x_wconf 84' lang='lat'><strong>43-</strong></span> 
     </span>
     <span class='ocr_line' id='line_1_9' title="bbox 33 667 1509 725; baseline 0 -13"><span class='ocrx_word' id='word_1_69' title='bbox 33 687 116 725; x_wconf 81' lang='grc' dir='ltr'><strong>παρ</strong></span> <span class='ocrx_word' id='word_1_70' title='bbox 169 667 308 725; x_wconf 69' lang='grc' dir='ltr'><em>ὀλίγον</em></span> <span class='ocrx_word' id='word_1_71' title='bbox 337 672 513 713; x_wconf 75' lang='grc' dir='ltr'><em>ἔλθουσα</em></span> <span class='ocrx_word' id='word_1_72' title='bbox 541 675 850 722; x_wconf 74' lang='grc' dir='ltr'><em>κατενεχθῆναι·</em></span> <span class='ocrx_word' id='word_1_73' title='bbox 894 670 968 709; x_wconf 86' lang='lat' dir='ltr'><strong>ubi</strong></span> <span class='ocrx_word' id='word_1_74' title='bbox 1002 682 1116 711; x_wconf 87' lang='lat' dir='ltr'><strong>recte</strong></span> <span class='ocrx_word' id='word_1_75' title='bbox 1137 671 1313 724; x_wconf 81' lang='lat' dir='ltr'>interpr</span> <span class='ocrx_word' id='word_1_76' title='bbox 1346 672 1509 724; x_wconf 47' lang='lat' dir='ltr'><strong>Quam*</strong></span> 
     </span>
     <span class='ocr_line' id='line_1_10' title="bbox 35 726 1514 796; baseline 0 -29"><span class='ocrx_word' id='word_1_77' title='bbox 35 743 154 782; x_wconf 81' lang='lat' dir='ltr'><strong>quam</strong></span> <span class='ocrx_word' id='word_1_78' title='bbox 169 744 310 782; x_wconf 83' lang='lat' dir='ltr'><strong>parum</strong></span> <span class='ocrx_word' id='word_1_79' title='bbox 329 727 484 776; x_wconf 75' lang='lat' dir='ltr'><strong>abet-,at</strong></span> <span class='ocrx_word' id='word_1_80' title='bbox 505 730 612 795; x_wconf 78' lang='lat' dir='ltr'><strong>quin</strong></span> <span class='ocrx_word' id='word_1_81' title='bbox 632 726 905 766; x_wconf 79' lang='lat' dir='ltr'><strong>delaberetur</strong></span> <span class='ocrx_word' id='word_1_82' title='bbox 890 744 932 766; x_wconf 83' lang='lat' dir='ltr'><strong>m</strong></span> <span class='ocrx_word' id='word_1_83' title='bbox 931 744 1142 796; x_wconf 81' lang='lat' dir='ltr'><strong>praeceps.</strong></span> <span class='ocrx_word' id='word_1_84' title='bbox 1174 727 1234 766; x_wconf 90' lang='lat' dir='ltr'><strong>Ut</strong></span> <span class='ocrx_word' id='word_1_85' title='bbox 1252 737 1294 767; x_wconf 87' lang='lat' dir='ltr'><strong>et</strong></span> <span class='ocrx_word' id='word_1_86' title='bbox 1312 729 1357 767; x_wconf 90' lang='lat' dir='ltr'><strong>in</strong></span> <span class='ocrx_word' id='word_1_87' title='bbox 1377 729 1514 768; x_wconf 42' lang='lat' dir='ltr'><strong>Pseu*</strong></span> 
     </span>
     <span class='ocr_line' id='line_1_11' title="bbox 37 780 1513 840; baseline 0.002 -19"><span class='ocrx_word' id='word_1_88' title='bbox 37 783 227 823; x_wconf 81' lang='lat' dir='ltr'><strong>domant.</strong></span> <span class='ocrx_word' id='word_1_89' title='bbox 251 798 287 824; x_wconf 86' lang='lat' dir='ltr'><strong>c.</strong></span> <span class='ocrx_word' id='word_1_90' title='bbox 311 788 378 828; x_wconf 88' lang='grc'><strong>57.</strong></span> <span class='ocrx_word' id='word_1_91' title='bbox 407 782 517 835; x_wconf 77' lang='grc' dir='ltr'><em>παρὰ</em></span> <span class='ocrx_word' id='word_1_92' title='bbox 547 787 738 831; x_wconf 83' lang='grc' dir='ltr'><em>τοςοῦτον</em></span> <span class='ocrx_word' id='word_1_93' title='bbox 768 781 898 825; x_wconf 78' lang='grc' dir='ltr'><em>ἐλθών</em></span> <span class='ocrx_word' id='word_1_94' title='bbox 919 780 1171 834; x_wconf 74' lang='grc' dir='ltr'><em>ἀποθανεῖν,</em></span> <span class='ocrx_word' id='word_1_95' title='bbox 1200 796 1409 840; x_wconf 81' lang='lat' dir='ltr'><em>postquam</em></span> <span class='ocrx_word' id='word_1_96' title='bbox 1428 801 1513 838; x_wconf 83' lang='lat' dir='ltr'><strong>pa·-</strong></span> 
     </span>
     <span class='ocr_line' id='line_1_12' title="bbox 37 840 1509 897; baseline 0.001 -19"><span class='ocrx_word' id='word_1_97' title='bbox 37 858 123 879; x_wconf 81' lang='lat' dir='ltr'><strong>rum</strong></span> <span class='ocrx_word' id='word_1_98' title='bbox 146 840 360 897; x_wconf 62' lang='lat' dir='ltr'><strong>abfizisset,</strong></span> <span class='ocrx_word' id='word_1_99' title='bbox 393 843 487 894; x_wconf 85' lang='lat' dir='ltr'><strong>quin</strong></span> <span class='ocrx_word' id='word_1_100' title='bbox 510 843 722 894; x_wconf 80' lang='lat' dir='ltr'><strong>periissem.</strong></span> <span class='ocrx_word' id='word_1_101' title='bbox 753 841 972 880; x_wconf 72' lang='lat' dir='ltr'><strong>V1‘rmNG.</strong></span> <span class='ocrx_word' id='word_1_102' title='bbox 1034 841 1163 896; x_wconf 80' lang='lat' dir='ltr'><strong>Quod.</strong></span> <span class='ocrx_word' id='word_1_103' title='bbox 1192 841 1297 881; x_wconf 86' lang='lat' dir='ltr'><strong>Hor.</strong></span> <span class='ocrx_word' id='word_1_104' title='bbox 1328 842 1509 895; x_wconf 77' lang='lat' dir='ltr'><strong>Vitring</strong></span> 
     </span>
     <span class='ocr_line' id='line_1_13' title="bbox 38 897 1512 953; baseline 0.002 -19"><span class='ocrx_word' id='word_1_105' title='bbox 38 908 80 934; x_wconf 89' lang='lat' dir='ltr'><strong>et</strong></span> <span class='ocrx_word' id='word_1_106' title='bbox 104 897 175 935; x_wconf 87' lang='lat' dir='ltr'><strong>hic</strong></span> <span class='ocrx_word' id='word_1_107' title='bbox 195 905 236 936; x_wconf 89' lang='lat' dir='ltr'><strong>et</strong></span> <span class='ocrx_word' id='word_1_108' title='bbox 266 912 392 949; x_wconf 78' lang='lat' dir='ltr'><strong>supra</strong></span> <span class='ocrx_word' id='word_1_109' title='bbox 414 911 505 950; x_wconf 83' lang='lat' dir='ltr'><strong>cap.</strong></span> <span class='ocrx_word' id='word_1_110' title='bbox 527 902 595 940; x_wconf 92' lang='grc'><strong>20.</strong></span> <span class='ocrx_word' id='word_1_111' title='bbox 619 897 664 934; x_wconf 85' lang='lat' dir='ltr'><strong>in</strong></span> <span class='ocrx_word' id='word_1_112' title='bbox 687 897 886 936; x_wconf 83' lang='lat' dir='ltr'>versione</span> <span class='ocrx_word' id='word_1_113' title='bbox 915 897 1211 953; x_wconf 80' lang='lat' dir='ltr'><strong>corrigendum</strong></span> <span class='ocrx_word' id='word_1_114' title='bbox 1235 898 1429 948; x_wconf 84' lang='lat' dir='ltr'><strong>monuit,</strong></span> <span class='ocrx_word' id='word_1_115' title='bbox 1466 899 1512 937; x_wconf 85' lang='lat' dir='ltr'><strong>id</strong></span> 
     </span>
     <span class='ocr_line' id='line_1_14' title="bbox 41 951 1513 1017; baseline 0.001 -26"><span class='ocrx_word' id='word_1_116' title='bbox 41 951 250 1017; x_wconf 60' lang='lat' dir='ltr'><strong>Gesnerus,</strong></span> <span class='ocrx_word' id='word_1_117' title='bbox 283 954 407 992; x_wconf 86' lang='lat' dir='ltr'><strong>etiam</strong></span> <span class='ocrx_word' id='word_1_118' title='bbox 431 967 521 992; x_wconf 91' lang='lat' dir='ltr'><strong>non</strong></span> <span class='ocrx_word' id='word_1_119' title='bbox 543 953 633 992; x_wconf 81' lang='lat' dir='ltr'><strong>visa</strong></span> <span class='ocrx_word' id='word_1_120' title='bbox 655 953 772 992; x_wconf 84' lang='lat' dir='ltr'><strong>illius</strong></span> <span class='ocrx_word' id='word_1_121' title='bbox 793 953 1186 1004; x_wconf 82' lang='lat' dir='ltr'><strong>animadversione,</strong></span> <span class='ocrx_word' id='word_1_122' title='bbox 1218 963 1371 1006; x_wconf 87' lang='lat' dir='ltr'><strong>sponte</strong></span> <span class='ocrx_word' id='word_1_123' title='bbox 1390 969 1513 1005; x_wconf 74' lang='lat' dir='ltr'><strong>prae-</strong></span> 
     </span>
     <span class='ocr_line' id='line_1_15' title="bbox 39 1009 1513 1063; baseline 0.001 -17"><span class='ocrx_word' id='word_1_124' title='bbox 39 1009 176 1057; x_wconf 84' lang='lat' dir='ltr'><strong>stitit;</strong></span> <span class='ocrx_word' id='word_1_125' title='bbox 212 1022 341 1062; x_wconf 87' lang='lat' dir='ltr'><strong>quare</strong></span> <span class='ocrx_word' id='word_1_126' title='bbox 365 1010 438 1048; x_wconf 77' lang='lat' dir='ltr'><strong>illa</strong></span> <span class='ocrx_word' id='word_1_127' title='bbox 467 1010 674 1063; x_wconf 73' lang='lat' dir='ltr'><strong>Vitringae</strong></span> <span class='ocrx_word' id='word_1_128' title='bbox 698 1010 895 1049; x_wconf 81' lang='lat' dir='ltr'><strong>omittere</strong></span> <span class='ocrx_word' id='word_1_129' title='bbox 916 1011 1176 1063; x_wconf 74' lang='lat' dir='ltr'><strong>potuissem:</strong></span> <span class='ocrx_word' id='word_1_130' title='bbox 1211 1020 1253 1048; x_wconf 83' lang='lat' dir='ltr'><strong>at</strong></span> <span class='ocrx_word' id='word_1_131' title='bbox 1274 1025 1394 1061; x_wconf 84' lang='lat' dir='ltr'><strong>eum,</strong></span> <span class='ocrx_word' id='word_1_132' title='bbox 1428 1013 1513 1050; x_wconf 65' lang='lat' dir='ltr'><strong>etsi</strong></span> 
     </span>
     <span class='ocr_line' id='line_1_16' title="bbox 35 1065 1515 1117; baseline 0.003 -15"><span class='ocrx_word' id='word_1_133' title='bbox 35 1065 214 1104; x_wconf 86' lang='lat' dir='ltr'><strong>levioris</strong></span> <span class='ocrx_word' id='word_1_134' title='bbox 242 1080 306 1105; x_wconf 87' lang='lat' dir='ltr'><strong>res</strong></span> <span class='ocrx_word' id='word_1_135' title='bbox 334 1076 399 1106; x_wconf 86' lang='lat' dir='ltr'><strong>est</strong></span> <span class='ocrx_word' id='word_1_136' title='bbox 430 1066 658 1110; x_wconf 86' lang='lat' dir='ltr'><strong>momenti,</strong></span> <span class='ocrx_word' id='word_1_137' title='bbox 699 1081 774 1105; x_wconf 84' lang='lat' dir='ltr'><strong>sua</strong></span> <span class='ocrx_word' id='word_1_138' title='bbox 803 1066 929 1106; x_wconf 81' lang='lat' dir='ltr'><strong>laude</strong></span> <span class='ocrx_word' id='word_1_139' title='bbox 957 1067 1146 1106; x_wconf 84' lang='lat' dir='ltr'><strong>fraudari</strong></span> <span class='ocrx_word' id='word_1_140' title='bbox 1180 1067 1244 1105; x_wconf 86' lang='lat' dir='ltr'><strong>fas</strong></span> <span class='ocrx_word' id='word_1_141' title='bbox 1277 1082 1363 1106; x_wconf 86' lang='lat' dir='ltr'><strong>non</strong></span> <span class='ocrx_word' id='word_1_142' title='bbox 1395 1078 1515 1117; x_wconf 76' lang='lat' dir='ltr'><strong>erat3</strong></span> 
     </span>
     <span class='ocr_line' id='line_1_17' title="bbox 35 1122 1515 1176; baseline 0.002 -17"><span class='ocrx_word' id='word_1_143' title='bbox 35 1135 132 1159; x_wconf 84' lang='lat' dir='ltr'><strong>nam</strong></span> <span class='ocrx_word' id='word_1_144' title='bbox 158 1131 200 1161; x_wconf 90' lang='lat' dir='ltr'><strong>et</strong></span> <span class='ocrx_word' id='word_1_145' title='bbox 227 1122 330 1160; x_wconf 83' lang='lat' dir='ltr'><strong>alibi</strong></span> <span class='ocrx_word' id='word_1_146' title='bbox 364 1123 408 1160; x_wconf 88' lang='lat' dir='ltr'><strong>in</strong></span> <span class='ocrx_word' id='word_1_147' title='bbox 433 1122 500 1160; x_wconf 86' lang='lat' dir='ltr'><strong>his</strong></span> <span class='ocrx_word' id='word_1_148' title='bbox 524 1122 664 1161; x_wconf 89' lang='lat' dir='ltr'><strong>verbis</strong></span> <span class='ocrx_word' id='word_1_149' title='bbox 688 1122 903 1163; x_wconf 85' lang='lat' dir='ltr'><strong>vertendis</strong></span> <span class='ocrx_word' id='word_1_150' title='bbox 928 1133 1149 1176; x_wconf 89' lang='lat' dir='ltr'><strong>peccatum</strong></span> <span class='ocrx_word' id='word_1_151' title='bbox 1185 1124 1234 1162; x_wconf 85' lang='lat' dir='ltr'><strong>ab</strong></span> <span class='ocrx_word' id='word_1_152' title='bbox 1256 1123 1352 1162; x_wconf 80' lang='lat' dir='ltr'><strong>aliis</strong></span> <span class='ocrx_word' id='word_1_153' title='bbox 1379 1124 1515 1164; x_wconf 73' lang='lat' dir='ltr'><strong>inter-</strong></span> 
     </span>
     <span class='ocr_line' id='line_1_18' title="bbox 35 1177 1515 1232; baseline 0.003 -17"><span class='ocrx_word' id='word_1_154' title='bbox 35 1177 245 1230; x_wconf 87' lang='lat' dir='ltr'><strong>pretibus.</strong></span> <span class='ocrx_word' id='word_1_155' title='bbox 307 1178 454 1232; x_wconf 78' lang='lat' dir='ltr'><strong>Obsop.</strong></span> <span class='ocrx_word' id='word_1_156' title='bbox 477 1189 616 1218; x_wconf 89' lang='lat' dir='ltr'><strong>tamen</strong></span> <span class='ocrx_word' id='word_1_157' title='bbox 641 1178 685 1217; x_wconf 88' lang='lat' dir='ltr'><strong>id</strong></span> <span class='ocrx_word' id='word_1_158' title='bbox 717 1181 762 1217; x_wconf 85' lang='lat' dir='ltr'><strong>in</strong></span> <span class='ocrx_word' id='word_1_159' title='bbox 784 1180 968 1219; x_wconf 79' lang='lat' dir='ltr'><strong>Lucicmo</strong></span> <span class='ocrx_word' id='word_1_160' title='bbox 1005 1195 1092 1219; x_wconf 88' lang='lat' dir='ltr'><strong>non</strong></span> <span class='ocrx_word' id='word_1_161' title='bbox 1118 1182 1247 1220; x_wconf 83' lang='lat' dir='ltr'><strong>semel</strong></span> <span class='ocrx_word' id='word_1_162' title='bbox 1274 1190 1386 1219; x_wconf 88' lang='lat' dir='ltr'><strong>recte</strong></span> <span class='ocrx_word' id='word_1_163' title='bbox 1415 1179 1515 1219; x_wconf 75' lang='lat' dir='ltr'><strong>red-</strong></span> 
     </span>
     <span class='ocr_line' id='line_1_19' title="bbox 37 1232 1514 1290; baseline 0.003 -19"><span class='ocrx_word' id='word_1_164' title='bbox 37 1232 217 1273; x_wconf 83' lang='lat' dir='ltr'><strong>diderat.</strong></span> <span class='ocrx_word' id='word_1_165' title='bbox 276 1236 335 1273; x_wconf 85' lang='lat' dir='ltr'><strong>Et</strong></span> <span class='ocrx_word' id='word_1_166' title='bbox 355 1236 416 1274; x_wconf 86' lang='lat' dir='ltr'><strong>sic</strong></span> <span class='ocrx_word' id='word_1_167' title='bbox 437 1236 540 1275; x_wconf 91' lang='lat' dir='ltr'><strong>bene</strong></span> <span class='ocrx_word' id='word_1_168' title='bbox 565 1234 761 1289; x_wconf 34' lang='lat' dir='ltr'><strong>Jungerffim</strong></span> <span class='ocrx_word' id='word_1_169' title='bbox 787 1251 943 1275; x_wconf 79' lang='lat' dir='ltr'><strong>conver</strong></span> <span class='ocrx_word' id='word_1_170' title='bbox 948 1236 1002 1274; x_wconf 83' lang='lat' dir='ltr'><strong>tit</strong></span> <span class='ocrx_word' id='word_1_171' title='bbox 1022 1237 1153 1290; x_wconf 79' lang='lat' dir='ltr'><strong>Long.</strong></span> <span class='ocrx_word' id='word_1_172' title='bbox 1179 1238 1288 1277; x_wconf 88' lang='lat' dir='ltr'><strong>Past.</strong></span> <span class='ocrx_word' id='word_1_173' title='bbox 1315 1241 1354 1279; x_wconf 87' lang='grc'><strong>2.</strong></span> <span class='ocrx_word' id='word_1_174' title='bbox 1375 1251 1420 1289; x_wconf 87' lang='lat' dir='ltr'><strong>p.</strong></span> <span class='ocrx_word' id='word_1_175' title='bbox 1445 1243 1514 1280; x_wconf 84' lang='lat'><strong>62.</strong></span> 
     </span>
     <span class='ocr_line' id='line_1_20' title="bbox 37 1292 1516 1350; baseline 0.001 -19"><span class='ocrx_word' id='word_1_176' title='bbox 37 1307 148 1343; x_wconf 69' lang='lat' dir='ltr'><strong>nana</strong></span> <span class='ocrx_word' id='word_1_177' title='bbox 170 1297 367 1340; x_wconf 81' lang='grc' dir='ltr'><em>τοςοῦτον</em></span> <span class='ocrx_word' id='word_1_178' title='bbox 386 1293 486 1345; x_wconf 60' lang='lat' dir='ltr'><strong>ntes</strong></span> <span class='ocrx_word' id='word_1_179' title='bbox 514 1296 662 1340; x_wconf 78' lang='grc' dir='ltr'><em>κακοῦ,</em></span> <span class='ocrx_word' id='word_1_180' title='bbox 692 1309 834 1346; x_wconf 81' lang='lat' dir='ltr'><strong>parum</strong></span> <span class='ocrx_word' id='word_1_181' title='bbox 858 1292 991 1350; x_wconf 70' lang='lat' dir='ltr'><strong>abjicit</strong></span> <span class='ocrx_word' id='word_1_182' title='bbox 1012 1296 1107 1348; x_wconf 84' lang='lat' dir='ltr'><strong>quin</strong></span> <span class='ocrx_word' id='word_1_183' title='bbox 1129 1304 1210 1333; x_wconf 85' lang='lat' dir='ltr'><strong>etc.</strong></span> <span class='ocrx_word' id='word_1_184' title='bbox 1271 1292 1394 1331; x_wconf 87' lang='lat' dir='ltr'><strong>Adde</strong></span> <span class='ocrx_word' id='word_1_185' title='bbox 1416 1295 1516 1334; x_wconf 89' lang='grc' dir='ltr'><em>,Νο-</em></span> 
     </span>
     <span class='ocr_line' id='line_1_21' title="bbox 38 1348 1515 1403; baseline 0.001 -18.004"><span class='ocrx_word' id='word_1_186' title='bbox 38 1358 161 1386; x_wconf 77' lang='lat' dir='ltr'><strong>strum</strong></span> <span class='ocrx_word' id='word_1_187' title='bbox 183 1348 348 1400; x_wconf 89' lang='lat' dir='ltr'><strong>Catapl.</strong></span> <span class='ocrx_word' id='word_1_188' title='bbox 370 1364 404 1388; x_wconf 87' lang='lat' dir='ltr'><strong>c.</strong></span> <span class='ocrx_word' id='word_1_189' title='bbox 427 1353 465 1392; x_wconf 88' lang='lat'>4</span> <span class='ocrx_word' id='word_1_190' title='bbox 491 1350 523 1388; x_wconf 88' lang='lat' dir='ltr'><strong>f.</strong></span> <span class='ocrx_word' id='word_1_191' title='bbox 554 1349 664 1400; x_wconf 79' lang='grc' dir='ltr'><em>παρὰ</em></span> <span class='ocrx_word' id='word_1_192' title='bbox 689 1354 880 1397; x_wconf 81' lang='grc' dir='ltr'><em>τοςοῦτου</em></span> <span class='ocrx_word' id='word_1_193' title='bbox 911 1351 1016 1401; x_wconf 75' lang='grc' dir='ltr'><strong>ἦλθε</strong></span> <span class='ocrx_word' id='word_1_194' title='bbox 1042 1353 1276 1403; x_wconf 77' lang='grc' dir='ltr'><em>διαφυγεῖν,</em></span> <span class='ocrx_word' id='word_1_195' title='bbox 1308 1350 1515 1389; x_wconf 59' lang='lat' dir='ltr'><strong>tantillum</strong></span> 
     </span>
     <span class='ocr_line' id='line_1_22' title="bbox 38 1404 1518 1472; baseline 0.005 -31"><span class='ocrx_word' id='word_1_196' title='bbox 38 1404 196 1453; x_wconf 78' lang='lat' dir='ltr'><strong>aberat,</strong></span> <span class='ocrx_word' id='word_1_197' title='bbox 229 1407 324 1460; x_wconf 87' lang='lat' dir='ltr'><strong>quin</strong></span> <span class='ocrx_word' id='word_1_198' title='bbox 356 1405 568 1472; x_wconf 69' lang='lat' dir='ltr'><strong>eff&#39;ugisset</strong></span> <span class='ocrx_word' id='word_1_199' title='bbox 628 1407 679 1444; x_wconf 90' lang='lat' dir='ltr'><strong>In</strong></span> <span class='ocrx_word' id='word_1_200' title='bbox 713 1406 887 1457; x_wconf 58' lang='lat' dir='ltr'><strong>Thucyd,</strong></span> <span class='ocrx_word' id='word_1_201' title='bbox 919 1416 1059 1445; x_wconf 84' lang='lat' dir='ltr'><strong>tamen</strong></span> <span class='ocrx_word' id='word_1_202' title='bbox 1093 1408 1147 1448; x_wconf 84' lang='lat' dir='ltr'><strong>L.</strong></span> <span class='ocrx_word' id='word_1_203' title='bbox 1166 1407 1240 1447; x_wconf 88' lang='lat' dir='ltr'><strong>VI.</strong></span> <span class='ocrx_word' id='word_1_204' title='bbox 1264 1421 1297 1447; x_wconf 84' lang='lat' dir='ltr'><strong>c.</strong></span> <span class='ocrx_word' id='word_1_205' title='bbox 1319 1412 1387 1450; x_wconf 81' lang='lat'><strong>37.</strong></span> <span class='ocrx_word' id='word_1_206' title='bbox 1422 1405 1518 1455; x_wconf 84' lang='grc' dir='ltr'><em>ω’ςτε</em></span> 
     </span>
     <span class='ocr_line' id='line_1_23' title="bbox 38 1458 1518 1517; baseline 0 -16"><span class='ocrx_word' id='word_1_207' title='bbox 38 1458 150 1513; x_wconf 78' lang='grc' dir='ltr'><em>παρὰ</em></span> <span class='ocrx_word' id='word_1_208' title='bbox 172 1467 365 1511; x_wconf 83' lang='grc' dir='ltr'><em>τοςοῦτον</em></span> <span class='ocrx_word' id='word_1_209' title='bbox 385 1460 616 1517; x_wconf 76' lang='grc' dir='ltr'><em>γιγνώσκω,</em></span> <span class='ocrx_word' id='word_1_210' title='bbox 650 1462 853 1509; x_wconf 82' lang='lat' dir='ltr'><strong>vertitur,</strong></span> <span class='ocrx_word' id='word_1_211' title='bbox 887 1463 1139 1517; x_wconf 78' lang='lat' dir='ltr'><strong>quamobrem</strong></span> <span class='ocrx_word' id='word_1_212' title='bbox 1162 1463 1212 1501; x_wconf 79' lang='lat' dir='ltr'><strong>ab</strong></span> <span class='ocrx_word' id='word_1_213' title='bbox 1234 1462 1308 1502; x_wconf 75' lang='lat' dir='ltr'><strong>hac</strong></span> <span class='ocrx_word' id='word_1_214' title='bbox 1333 1466 1518 1516; x_wconf 78' lang='lat' dir='ltr'><strong>opinione</strong></span> 
     </span>
     <span class='ocr_line' id='line_1_24' title="bbox 39 1517 1518 1573; baseline 0 -18"><span class='ocrx_word' id='word_1_215' title='bbox 39 1533 116 1570; x_wconf 80' lang='lat' dir='ltr'><strong>ego</strong></span> <span class='ocrx_word' id='word_1_216' title='bbox 125 1517 223 1559; x_wconf 84' lang='lat' dir='ltr'><strong>acleo</strong></span> <span class='ocrx_word' id='word_1_217' title='bbox 243 1519 452 1570; x_wconf 80' lang='lat' dir='ltr'><strong>dissentio·</strong></span> <span class='ocrx_word' id='word_1_218' title='bbox 485 1519 599 1573; x_wconf 91' lang='lat' dir='ltr'><strong>quod</strong></span> <span class='ocrx_word' id='word_1_219' title='bbox 619 1529 659 1558; x_wconf 89' lang='lat' dir='ltr'><strong>et</strong></span> <span class='ocrx_word' id='word_1_220' title='bbox 674 1518 885 1561; x_wconf 75' lang='lat' dir='ltr'><strong>Sclzoliast,</strong></span> <span class='ocrx_word' id='word_1_221' title='bbox 900 1520 961 1558; x_wconf 85' lang='lat' dir='ltr'><strong>sic</strong></span> <span class='ocrx_word' id='word_1_222' title='bbox 982 1520 1189 1572; x_wconf 83' lang='lat' dir='ltr'><strong>exponit:</strong></span> <span class='ocrx_word' id='word_1_223' title='bbox 1221 1524 1413 1567; x_wconf 75' lang='grc' dir='ltr'><em>τοςοῦτου·</em></span> <span class='ocrx_word' id='word_1_224' title='bbox 1433 1523 1518 1562; x_wconf 80' lang='grc' dir='ltr'><strong>δια-</strong></span> 
     </span>
     <span class='ocr_line' id='line_1_25' title="bbox 40 1573 1403 1629; baseline 0.001 -14"><span class='ocrx_word' id='word_1_225' title='bbox 40 1575 216 1628; x_wconf 82' lang='grc' dir='ltr'><strong><em>φέρομαι</em></strong></span> <span class='ocrx_word' id='word_1_226' title='bbox 235 1582 318 1623; x_wconf 84' lang='grc' dir='ltr'><em>τοῖς</em></span> <span class='ocrx_word' id='word_1_227' title='bbox 338 1573 385 1615; x_wconf 76' lang='grc' dir='ltr'><strong>τὰ</strong></span> <span class='ocrx_word' id='word_1_228' title='bbox 405 1576 517 1627; x_wconf 74' lang='grc' dir='ltr'><em>ἕτερα</em></span> <span class='ocrx_word' id='word_1_229' title='bbox 536 1577 809 1629; x_wconf 71' lang='grc' dir='ltr'><em>διαγγέλλουσι</em></span> <span class='ocrx_word' id='word_1_230' title='bbox 830 1585 910 1614; x_wconf 81' lang='lat' dir='ltr'><strong>etc,</strong></span> <span class='ocrx_word' id='word_1_231' title='bbox 939 1590 1065 1628; x_wconf 85' lang='lat' dir='ltr'><strong>quem</strong></span> <span class='ocrx_word' id='word_1_232' title='bbox 1088 1575 1197 1616; x_wconf 88' lang='lat' dir='ltr'><strong>vide.</strong></span> <span class='ocrx_word' id='word_1_233' title='bbox 1232 1577 1403 1616; x_wconf 68' lang='lat' dir='ltr'><strong>me..</strong></span> 
     </span>
    </p>
   </div>
   <div class='ocr_carea' id='block_1_5' title="bbox 39 1631 1531 2759">
    <p class='ocr_par' dir='ltr' id='par_1_5' title="bbox 39 1631 1521 1738">
     <span class='ocr_line' id='line_1_26' title="bbox 153 1631 1521 1686; baseline -0.004 -14"><span class='ocrx_word' id='word_1_234' title='bbox 153 1632 252 1685; x_wconf 78' lang='lat' dir='ltr'><strong>Pag.</strong></span> <span class='ocrx_word' id='word_1_235' title='bbox 274 1636 370 1675; x_wconf 80' lang='lat'><strong>299.</strong></span> <span class='ocrx_word' id='word_1_236' title='bbox 402 1634 434 1673; x_wconf 86' lang='lat' dir='ltr'><strong>l.</strong></span> <span class='ocrx_word' id='word_1_237' title='bbox 453 1634 494 1676; x_wconf 85' lang='lat'><strong>5.</strong></span> <span class='ocrx_word' id='word_1_238' title='bbox 530 1632 670 1673; x_wconf 75' lang='grc' dir='ltr'><em>Πολλὰ</em></span> <span class='ocrx_word' id='word_1_239' title='bbox 701 1632 904 1680; x_wconf 76' lang='grc' dir='ltr'><em>ἱκέτευον)</em></span> <span class='ocrx_word' id='word_1_240' title='bbox 934 1631 1034 1672; x_wconf 87' lang='lat' dir='ltr'><strong>Vid.</strong></span> <span class='ocrx_word' id='word_1_241' title='bbox 1073 1631 1146 1671; x_wconf 70' lang='lat' dir='ltr'><strong>Th.</strong></span> <span class='ocrx_word' id='word_1_242' title='bbox 1169 1633 1285 1686; x_wconf 79' lang='lat' dir='ltr'><strong>Mag.</strong></span> <span class='ocrx_word' id='word_1_243' title='bbox 1305 1646 1344 1673; x_wconf 88' lang='lat' dir='ltr'><strong>v.</strong></span> <span class='ocrx_word' id='word_1_244' title='bbox 1366 1632 1521 1676; x_wconf 82' lang='grc' dir='ltr'><strong>Βούλο.</strong></span> 
     </span>
     <span class='ocr_line' id='line_1_27' title="bbox 39 1687 712 1738; baseline -0.005 -9"><span class='ocrx_word' id='word_1_245' title='bbox 39 1704 111 1738; x_wconf 79' lang='grc' dir='ltr'><strong>μαι</strong></span> <span class='ocrx_word' id='word_1_246' title='bbox 127 1687 270 1726; x_wconf 89' lang='lat' dir='ltr'><strong>eadem</strong></span> <span class='ocrx_word' id='word_1_247' title='bbox 293 1691 507 1727; x_wconf 82' lang='lat' dir='ltr'><strong>citantem.</strong></span> <span class='ocrx_word' id='word_1_248' title='bbox 541 1688 712 1727; x_wconf 67' lang='lat' dir='ltr'><strong>Somm.</strong></span> 
     </span>
    </p>

    <p class='ocr_par' dir='ltr' id='par_1_6' title="bbox 45 1739 1525 1968">
     <span class='ocr_line' id='line_1_28' title="bbox 154 1739 1521 1800; baseline 0 -15"><span class='ocrx_word' id='word_1_249' title='bbox 154 1745 396 1787; x_wconf 74' lang='lat' dir='ltr'><strong>Eacl.1.11</strong></span> <span class='ocrx_word' id='word_1_250' title='bbox 424 1743 521 1795; x_wconf 78' lang='grc' dir='ltr'><strong>Ἀφ’</strong></span> <span class='ocrx_word' id='word_1_251' title='bbox 547 1739 629 1796; x_wconf 73' lang='grc' dir='ltr'><strong>ὧν)</strong></span> <span class='ocrx_word' id='word_1_252' title='bbox 662 1745 888 1797; x_wconf 75' lang='lat' dir='ltr'><strong>i.e.1mde‚·</strong></span> <span class='ocrx_word' id='word_1_253' title='bbox 921 1759 1105 1799; x_wconf 82' lang='lat' dir='ltr'><strong>proquo</strong></span> <span class='ocrx_word' id='word_1_254' title='bbox 1129 1755 1171 1785; x_wconf 88' lang='lat' dir='ltr'><strong>et</strong></span> <span class='ocrx_word' id='word_1_255' title='bbox 1192 1746 1266 1785; x_wconf 87' lang='lat' dir='ltr'><strong>hic</strong></span> <span class='ocrx_word' id='word_1_256' title='bbox 1289 1745 1421 1796; x_wconf 83' lang='lat' dir='ltr'><strong>dicas,</strong></span> <span class='ocrx_word' id='word_1_257' title='bbox 1447 1745 1521 1800; x_wconf 78' lang='grc' dir='ltr'><strong>ἐφ’</strong></span> 
     </span>
     <span class='ocr_line' id='line_1_29' title="bbox 45 1799 1525 1854; baseline 0.003 -15"><span class='ocrx_word' id='word_1_258' title='bbox 45 1801 117 1843; x_wconf 79' lang='grc' dir='ltr'><strong>ὧν.</strong></span> <span class='ocrx_word' id='word_1_259' title='bbox 179 1802 363 1840; x_wconf 86' lang='lat' dir='ltr'>Etiamsi</span> <span class='ocrx_word' id='word_1_260' title='bbox 387 1802 491 1839; x_wconf 83' lang='lat' dir='ltr'><strong>alibi</strong></span> <span class='ocrx_word' id='word_1_261' title='bbox 522 1799 602 1843; x_wconf 74' lang='grc' dir='ltr'><strong>ἀπὸ</strong></span> <span class='ocrx_word' id='word_1_262' title='bbox 625 1802 669 1839; x_wconf 89' lang='lat' dir='ltr'><strong>in</strong></span> <span class='ocrx_word' id='word_1_263' title='bbox 695 1801 829 1839; x_wconf 85' lang='lat' dir='ltr'>simili</span> <span class='ocrx_word' id='word_1_264' title='bbox 856 1801 1084 1841; x_wconf 84' lang='lat' dir='ltr'><strong>locutione</strong></span> <span class='ocrx_word' id='word_1_265' title='bbox 1110 1805 1257 1854; x_wconf 86' lang='lat' dir='ltr'><strong>paullo</strong></span> <span class='ocrx_word' id='word_1_266' title='bbox 1285 1804 1410 1843; x_wconf 86' lang='lat' dir='ltr'><strong>aliter</strong></span> <span class='ocrx_word' id='word_1_267' title='bbox 1443 1814 1525 1843; x_wconf 55' lang='lat' dir='ltr'><strong>va-u&#39;</strong></span> 
     </span>
     <span class='ocr_line' id='line_1_30' title="bbox 45 1856 1519 1916; baseline 0.003 -18"><span class='ocrx_word' id='word_1_268' title='bbox 45 1862 153 1906; x_wconf 85' lang='lat' dir='ltr'><strong>leat,</strong></span> <span class='ocrx_word' id='word_1_269' title='bbox 183 1868 230 1896; x_wconf 89' lang='lat' dir='ltr'><strong>ut</strong></span> <span class='ocrx_word' id='word_1_270' title='bbox 248 1872 313 1910; x_wconf 88' lang='lat' dir='ltr'><strong>ap.</strong></span> <span class='ocrx_word' id='word_1_271' title='bbox 337 1858 545 1911; x_wconf 73' lang='lat' dir='ltr'><strong>Aristoph.</strong></span> <span class='ocrx_word' id='word_1_272' title='bbox 574 1856 690 1896; x_wconf 86' lang='lat' dir='ltr'><strong>Nub-</strong></span> <span class='ocrx_word' id='word_1_273' title='bbox 717 1863 811 1901; x_wconf 82' lang='lat'><strong>766.</strong></span> <span class='ocrx_word' id='word_1_274' title='bbox 845 1857 948 1911; x_wconf 80' lang='grc' dir='ltr'><strong>(τὴν</strong></span> <span class='ocrx_word' id='word_1_275' title='bbox 977 1857 1136 1908; x_wconf 73' lang='grc' dir='ltr'><em>ὕαλον)</em></span> <span class='ocrx_word' id='word_1_276' title='bbox 1169 1857 1246 1910; x_wconf 84' lang='grc' dir='ltr'><strong>αφ’</strong></span> <span class='ocrx_word' id='word_1_277' title='bbox 1279 1860 1330 1911; x_wconf 74' lang='grc' dir='ltr'><strong>ἧς</strong></span> <span class='ocrx_word' id='word_1_278' title='bbox 1358 1858 1404 1901; x_wconf 75' lang='grc' dir='ltr'><strong>τὸ</strong></span> <span class='ocrx_word' id='word_1_279' title='bbox 1435 1866 1519 1916; x_wconf 78' lang='grc' dir='ltr'><strong>πῦρ</strong></span> 
     </span>
     <span class='ocr_line' id='line_1_31' title="bbox 47 1913 1518 1983; baseline -0.001 -26"><span class='ocrx_word' id='word_1_280' title='bbox 47 1927 238 1957; x_wconf 78' lang='grc' dir='ltr'><em>απτουσι·</em></span> <span class='ocrx_word' id='word_1_281' title='bbox 271 1914 388 1967; x_wconf 88' lang='lat' dir='ltr'><strong>quod</strong></span> <span class='ocrx_word' id='word_1_282' title='bbox 408 1929 534 1967; x_wconf 83' lang='lat' dir='ltr'><strong>supra</strong></span> <span class='ocrx_word' id='word_1_283' title='bbox 561 1914 605 1952; x_wconf 88' lang='lat' dir='ltr'><strong>in</strong></span> <span class='ocrx_word' id='word_1_284' title='bbox 630 1913 788 1983; x_wconf 81' lang='lat' dir='ltr'><strong>Quom.</strong></span> <span class='ocrx_word' id='word_1_285' title='bbox 813 1929 973 1954; x_wconf 81' lang='lat' dir='ltr'><strong>consor.</strong></span> <span class='ocrx_word' id='word_1_286' title='bbox 993 1915 1095 1954; x_wconf 84' lang='lat' dir='ltr'><strong>hist.</strong></span> <span class='ocrx_word' id='word_1_287' title='bbox 1118 1915 1317 1955; x_wconf 83' lang='lat' dir='ltr'><strong>vidimus.</strong></span> <span class='ocrx_word' id='word_1_288' title='bbox 1350 1918 1518 1957; x_wconf 73' lang='lat' dir='ltr'><strong>Rmrz.</strong></span> 
     </span>
    </p>

    <p class='ocr_par' dir='ltr' id='par_1_7' title="bbox 48 1967 1531 2759">
     <span class='ocr_line' id='line_1_32' title="bbox 162 1967 1522 2026; baseline 0 -14"><span class='ocrx_word' id='word_1_289' title='bbox 162 1972 262 2025; x_wconf 80' lang='lat' dir='ltr'><strong>Pag.</strong></span> <span class='ocrx_word' id='word_1_290' title='bbox 282 1976 379 2015; x_wconf 81' lang='lat'><strong>300</strong></span> <span class='ocrx_word' id='word_1_291' title='bbox 401 1974 428 2010; x_wconf 94' lang='lat' dir='ltr'>l</span> <span class='ocrx_word' id='word_1_292' title='bbox 456 1977 491 2013; x_wconf 85' lang='lat'><strong>1.</strong></span> <span class='ocrx_word' id='word_1_293' title='bbox 531 1975 586 2026; x_wconf 81' lang='grc' dir='ltr'><strong>Τῇ</strong></span> <span class='ocrx_word' id='word_1_294' title='bbox 616 1967 693 2021; x_wconf 80' lang='grc' dir='ltr'><strong>υφ’</strong></span> <span class='ocrx_word' id='word_1_295' title='bbox 724 1967 865 2024; x_wconf 77' lang='grc' dir='ltr'><em>ὖμων)</em></span> <span class='ocrx_word' id='word_1_296' title='bbox 897 1972 967 2011; x_wconf 84' lang='lat' dir='ltr'><strong>Sic</strong></span> <span class='ocrx_word' id='word_1_297' title='bbox 995 1971 1296 2022; x_wconf 80' lang='lat' dir='ltr'><strong>scribendum,</strong></span> <span class='ocrx_word' id='word_1_298' title='bbox 1328 1987 1434 2022; x_wconf 89' lang='lat' dir='ltr'><strong>non,</strong></span> <span class='ocrx_word' id='word_1_299' title='bbox 1470 1984 1522 2012; x_wconf 79' lang='lat' dir='ltr'><strong>ut:</strong></span> 
     </span>
     <span class='ocr_line' id='line_1_33' title="bbox 54 2026 1522 2082; baseline -0.003 -15"><span class='ocrx_word' id='word_1_300' title='bbox 54 2029 241 2067; x_wconf 78' lang='lat' dir='ltr'><strong>inlibris</strong></span> <span class='ocrx_word' id='word_1_301' title='bbox 275 2038 357 2078; x_wconf 88' lang='lat' dir='ltr'><strong>est,</strong></span> <span class='ocrx_word' id='word_1_302' title='bbox 385 2026 512 2081; x_wconf 78' lang='grc' dir='ltr'><em>ἡμων</em></span> <span class='ocrx_word' id='word_1_303' title='bbox 576 2026 671 2069; x_wconf 86' lang='lat' dir='ltr'><strong>Vid.</strong></span> <span class='ocrx_word' id='word_1_304' title='bbox 696 2041 732 2067; x_wconf 92' lang='lat' dir='ltr'><strong>c.</strong></span> <span class='ocrx_word' id='word_1_305' title='bbox 756 2033 825 2070; x_wconf 86' lang='lat'><strong>47.</strong></span> <span class='ocrx_word' id='word_1_306' title='bbox 855 2028 968 2068; x_wconf 81' lang='lat' dir='ltr'><strong>unde</strong></span> <span class='ocrx_word' id='word_1_307' title='bbox 1002 2032 1115 2068; x_wconf 72' lang='lat' dir='ltr'><strong>clare</strong></span> <span class='ocrx_word' id='word_1_308' title='bbox 1141 2030 1301 2081; x_wconf 80' lang='lat' dir='ltr'><strong>liquet,</strong></span> <span class='ocrx_word' id='word_1_309' title='bbox 1336 2032 1522 2082; x_wconf 77' lang='lat' dir='ltr'><strong>opposi-</strong></span> 
     </span>
     <span class='ocr_line' id='line_1_34' title="bbox 51 2084 1527 2140; baseline -0.001 -17"><span class='ocrx_word' id='word_1_310' title='bbox 51 2095 132 2123; x_wconf 88' lang='lat' dir='ltr'><strong>tam</strong></span> <span class='ocrx_word' id='word_1_311' title='bbox 155 2094 324 2123; x_wconf 87' lang='lat' dir='ltr'><strong>nostrae</strong></span> <span class='ocrx_word' id='word_1_312' title='bbox 346 2094 500 2135; x_wconf 90' lang='lat' dir='ltr'><strong>terrae,</strong></span> <span class='ocrx_word' id='word_1_313' title='bbox 535 2098 623 2124; x_wconf 87' lang='lat' dir='ltr'><strong>non</strong></span> <span class='ocrx_word' id='word_1_314' title='bbox 658 2084 719 2134; x_wconf 82' lang='lat' dir='ltr'><strong>ei,</strong></span> <span class='ocrx_word' id='word_1_315' title='bbox 753 2097 877 2137; x_wconf 87' lang='lat' dir='ltr'><strong>quam</strong></span> <span class='ocrx_word' id='word_1_316' title='bbox 902 2084 1142 2131; x_wconf 63' lang='lat' dir='ltr'><strong>incolebat,</strong></span> <span class='ocrx_word' id='word_1_317' title='bbox 1176 2086 1250 2138; x_wconf 88' lang='lat' dir='ltr'><strong>qui</strong></span> <span class='ocrx_word' id='word_1_318' title='bbox 1275 2085 1346 2124; x_wconf 86' lang='lat' dir='ltr'><strong>hic</strong></span> <span class='ocrx_word' id='word_1_319' title='bbox 1380 2088 1527 2140; x_wconf 88' lang='lat' dir='ltr'><strong>loqui-</strong></span> 
     </span>
     <span class='ocr_line' id='line_1_35' title="bbox 51 2140 1520 2195; baseline 0.001 -15"><span class='ocrx_word' id='word_1_320' title='bbox 51 2152 144 2192; x_wconf 84' lang='lat' dir='ltr'><strong>tur,</strong></span> <span class='ocrx_word' id='word_1_321' title='bbox 183 2140 550 2180; x_wconf 83' lang='lat' dir='ltr'><strong>Rhadamanthus.</strong></span> <span class='ocrx_word' id='word_1_322' title='bbox 592 2141 762 2180; x_wconf 65' lang='lat' dir='ltr'><strong>Sonm.</strong></span> <span class='ocrx_word' id='word_1_323' title='bbox 835 2141 1053 2195; x_wconf 80' lang='lat' dir='ltr'>Loquitur</span> <span class='ocrx_word' id='word_1_324' title='bbox 1092 2141 1443 2181; x_wconf 78' lang='lat' dir='ltr'><strong>Rhadamanthus</strong></span> <span class='ocrx_word' id='word_1_325' title='bbox 1475 2144 1520 2182; x_wconf 86' lang='lat' dir='ltr'><strong>in</strong></span> 
     </span>
     <span class='ocr_line' id='line_1_36' title="bbox 51 2196 1521 2252; baseline 0.001 -15"><span class='ocrx_word' id='word_1_326' title='bbox 51 2199 189 2238; x_wconf 82' lang='lat' dir='ltr'><strong>insula</strong></span> <span class='ocrx_word' id='word_1_327' title='bbox 216 2196 457 2247; x_wconf 83' lang='lat' dir='ltr'><strong>beatorum,</strong></span> <span class='ocrx_word' id='word_1_328' title='bbox 492 2207 534 2236; x_wconf 85' lang='lat' dir='ltr'><strong>et</strong></span> <span class='ocrx_word' id='word_1_329' title='bbox 562 2197 756 2252; x_wconf 87' lang='lat' dir='ltr'><strong>loquitur</strong></span> <span class='ocrx_word' id='word_1_330' title='bbox 786 2212 879 2236; x_wconf 90' lang='lat' dir='ltr'><strong>cum</strong></span> <span class='ocrx_word' id='word_1_331' title='bbox 913 2198 1018 2236; x_wconf 84' lang='lat' dir='ltr'><strong>vivo</strong></span> <span class='ocrx_word' id='word_1_332' title='bbox 1048 2208 1090 2236; x_wconf 91' lang='lat' dir='ltr'><strong>et</strong></span> <span class='ocrx_word' id='word_1_333' title='bbox 1122 2197 1174 2236; x_wconf 86' lang='lat' dir='ltr'><strong>ad</strong></span> <span class='ocrx_word' id='word_1_334' title='bbox 1201 2212 1300 2237; x_wconf 86' lang='lat' dir='ltr'><strong>suos</strong></span> <span class='ocrx_word' id='word_1_335' title='bbox 1331 2198 1521 2239; x_wconf 85' lang='lat' dir='ltr'><strong>redituro</strong></span> 
     </span>
     <span class='ocr_line' id='line_1_37' title="bbox 48 2252 1520 2318; baseline 0.001 -25"><span class='ocrx_word' id='word_1_336' title='bbox 48 2254 271 2303; x_wconf 87' lang='lat' dir='ltr'><strong>Luciano,</strong></span> <span class='ocrx_word' id='word_1_337' title='bbox 305 2263 348 2293; x_wconf 89' lang='lat' dir='ltr'><strong>et</strong></span> <span class='ocrx_word' id='word_1_338' title='bbox 370 2252 576 2306; x_wconf 86' lang='lat' dir='ltr'><strong>praedicit</strong></span> <span class='ocrx_word' id='word_1_339' title='bbox 604 2268 675 2303; x_wconf 83' lang='lat' dir='ltr'><strong>ea,</strong></span> <span class='ocrx_word' id='word_1_340' title='bbox 710 2267 819 2306; x_wconf 88' lang='lat' dir='ltr'><strong>quae</strong></span> <span class='ocrx_word' id='word_1_341' title='bbox 845 2255 889 2292; x_wconf 91' lang='lat' dir='ltr'><strong>in</strong></span> <span class='ocrx_word' id='word_1_342' title='bbox 920 2255 1019 2318; x_wconf 70' lang='lat' dir='ltr'><strong>ipso</strong></span> <span class='ocrx_word' id='word_1_343' title='bbox 1039 2253 1122 2294; x_wconf 84' lang='lat' dir='ltr'><strong>fine</strong></span> <span class='ocrx_word' id='word_1_344' title='bbox 1145 2252 1273 2307; x_wconf 89' lang='lat' dir='ltr'><strong>hujus</strong></span> <span class='ocrx_word' id='word_1_345' title='bbox 1296 2254 1465 2294; x_wconf 77' lang='lat' dir='ltr'><strong>libelli·</strong></span> <span class='ocrx_word' id='word_1_346' title='bbox 1455 2272 1520 2294; x_wconf 74' lang='grc' dir='ltr'><strong>ιιι·</strong></span> 
     </span>
     <span class='ocr_line' id='line_1_38' title="bbox 52 2310 1526 2366; baseline 0.001 -17"><span class='ocrx_word' id='word_1_347' title='bbox 52 2311 264 2357; x_wconf 81' lang='lat' dir='ltr'><strong>dicantur,</strong></span> <span class='ocrx_word' id='word_1_348' title='bbox 286 2323 373 2348; x_wconf 90' lang='lat' dir='ltr'><strong>non</strong></span> <span class='ocrx_word' id='word_1_349' title='bbox 398 2320 660 2350; x_wconf 82' lang='lat' dir='ltr'><strong>enarrantur</strong></span> <span class='ocrx_word' id='word_1_350' title='bbox 703 2311 838 2351; x_wconf 90' lang='lat' dir='ltr'><strong>Nullo</strong></span> <span class='ocrx_word' id='word_1_351' title='bbox 860 2311 986 2350; x_wconf 91' lang='lat' dir='ltr'><strong>modo</strong></span> <span class='ocrx_word' id='word_1_352' title='bbox 1009 2310 1143 2364; x_wconf 84' lang='lat' dir='ltr'><strong>igitur</strong></span> <span class='ocrx_word' id='word_1_353' title='bbox 1162 2311 1265 2350; x_wconf 87' lang='lat' dir='ltr'><strong>ferri</strong></span> <span class='ocrx_word' id='word_1_354' title='bbox 1285 2310 1356 2350; x_wconf 87' lang='lat' dir='ltr'><strong>hic</strong></span> <span class='ocrx_word' id='word_1_355' title='bbox 1379 2323 1526 2366; x_wconf 67' lang='lat' dir='ltr'><strong>potest·</strong></span> 
     </span>
     <span class='ocr_line' id='line_1_39' title="bbox 50 2365 1528 2422; baseline 0.003 -19"><span class='ocrx_word' id='word_1_356' title='bbox 50 2385 182 2421; x_wconf 56' lang='grc' dir='ltr'><strong>ἤμων.</strong></span> <span class='ocrx_word' id='word_1_357' title='bbox 244 2365 386 2420; x_wconf 84' lang='lat' dir='ltr'><strong>Quare</strong></span> <span class='ocrx_word' id='word_1_358' title='bbox 415 2375 560 2406; x_wconf 86' lang='lat' dir='ltr'><strong>contra</strong></span> <span class='ocrx_word' id='word_1_359' title='bbox 590 2366 723 2406; x_wconf 86' lang='lat' dir='ltr'><strong>libros</strong></span> <span class='ocrx_word' id='word_1_360' title='bbox 759 2381 904 2406; x_wconf 87' lang='lat' dir='ltr'><strong>omnes</strong></span> <span class='ocrx_word' id='word_1_361' title='bbox 935 2376 1064 2420; x_wconf 84' lang='lat' dir='ltr'><strong>atque</strong></span> <span class='ocrx_word' id='word_1_362' title='bbox 1095 2367 1370 2420; x_wconf 76' lang='lat' dir='ltr'><strong>interpretes,</strong></span> <span class='ocrx_word' id='word_1_363' title='bbox 1413 2383 1528 2422; x_wconf 85' lang='lat' dir='ltr'><strong>quos</strong></span> 
     </span>
     <span class='ocr_line' id='line_1_40' title="bbox 52 2422 1529 2477; baseline -0.001 -14"><span class='ocrx_word' id='word_1_364' title='bbox 52 2424 215 2474; x_wconf 86' lang='lat' dir='ltr'><strong>norim,</strong></span> <span class='ocrx_word' id='word_1_365' title='bbox 246 2423 585 2470; x_wconf 85' lang='lat' dir='ltr'><strong>rescribendum,</strong></span> <span class='ocrx_word' id='word_1_366' title='bbox 630 2432 678 2461; x_wconf 89' lang='lat' dir='ltr'><strong>ut</strong></span> <span class='ocrx_word' id='word_1_367' title='bbox 703 2423 1009 2477; x_wconf 86' lang='lat' dir='ltr'><strong>inte1pretatus</strong></span> <span class='ocrx_word' id='word_1_368' title='bbox 1041 2437 1159 2475; x_wconf 83' lang='lat' dir='ltr'><strong>sum,</strong></span> <span class='ocrx_word' id='word_1_369' title='bbox 1189 2422 1318 2477; x_wconf 73' lang='grc' dir='ltr'><strong>ὑμῶν.</strong></span> <span class='ocrx_word' id='word_1_370' title='bbox 1379 2425 1426 2465; x_wconf 88' lang='lat' dir='ltr'><strong>Si</strong></span> <span class='ocrx_word' id='word_1_371' title='bbox 1457 2439 1529 2463; x_wconf 62' lang='lat' dir='ltr'><strong>resa</strong></span> 
     </span>
     <span class='ocr_line' id='line_1_41' title="bbox 55 2479 1528 2534; baseline 0.001 -15"><span class='ocrx_word' id='word_1_372' title='bbox 55 2480 193 2519; x_wconf 78' lang='lat' dir='ltr'><strong>verbis</strong></span> <span class='ocrx_word' id='word_1_373' title='bbox 226 2489 391 2534; x_wconf 83' lang='lat' dir='ltr'><strong>egeret,</strong></span> <span class='ocrx_word' id='word_1_374' title='bbox 426 2490 466 2518; x_wconf 88' lang='lat' dir='ltr'><strong>et</strong></span> <span class='ocrx_word' id='word_1_375' title='bbox 497 2481 682 2532; x_wconf 82' lang='lat' dir='ltr'><strong>reliquas</strong></span> <span class='ocrx_word' id='word_1_376' title='bbox 717 2494 768 2518; x_wconf 81' lang='lat' dir='ltr'><strong>ex</strong></span> <span class='ocrx_word' id='word_1_377' title='bbox 797 2480 880 2518; x_wconf 90' lang='lat' dir='ltr'><strong>hoc</strong></span> <span class='ocrx_word' id='word_1_378' title='bbox 910 2479 1058 2519; x_wconf 85' lang='lat' dir='ltr'><strong>libello</strong></span> <span class='ocrx_word' id='word_1_379' title='bbox 1089 2480 1299 2534; x_wconf 87' lang='lat' dir='ltr'><strong>loquendi</strong></span> <span class='ocrx_word' id='word_1_380' title='bbox 1338 2482 1528 2520; x_wconf 60' lang='lat' dir='ltr'><strong>rationem</strong></span> 
     </span>
     <span class='ocr_line' id='line_1_42' title="bbox 54 2536 1529 2587; baseline 0 -12"><span class='ocrx_word' id='word_1_381' title='bbox 54 2537 289 2576; x_wconf 87' lang='lat' dir='ltr'><strong>conferrem</strong></span> <span class='ocrx_word' id='word_1_382' title='bbox 306 2565 317 2583; x_wconf 86' lang='lat'>,</span> <span class='ocrx_word' id='word_1_383' title='bbox 350 2547 394 2576; x_wconf 86' lang='lat' dir='ltr'><strong>et</strong></span> <span class='ocrx_word' id='word_1_384' title='bbox 415 2536 632 2587; x_wconf 83' lang='lat' dir='ltr'><strong>Scipionis</strong></span> <span class='ocrx_word' id='word_1_385' title='bbox 657 2537 850 2574; x_wconf 83' lang='lat' dir='ltr'><strong>Africani</strong></span> <span class='ocrx_word' id='word_1_386' title='bbox 874 2537 1042 2586; x_wconf 76' lang='lat' dir='ltr'><strong>majoris</strong></span> <span class='ocrx_word' id='word_1_387' title='bbox 1067 2550 1162 2576; x_wconf 86' lang='lat' dir='ltr'><strong>cum</strong></span> <span class='ocrx_word' id='word_1_388' title='bbox 1187 2539 1350 2576; x_wconf 83' lang='lat' dir='ltr'><strong>minore</strong></span> <span class='ocrx_word' id='word_1_389' title='bbox 1367 2552 1529 2576; x_wconf 80' lang='lat' dir='ltr'><strong>sermo-</strong></span> 
     </span>
     <span class='ocr_line' id='line_1_43' title="bbox 57 2593 1530 2645; baseline 0 -14"><span class='ocrx_word' id='word_1_390' title='bbox 57 2607 129 2632; x_wconf 83' lang='lat' dir='ltr'><strong>nes</strong></span> <span class='ocrx_word' id='word_1_391' title='bbox 152 2607 447 2645; x_wconf 83' lang='lat' dir='ltr'><strong>compararem.</strong></span> <span class='ocrx_word' id='word_1_392' title='bbox 485 2593 619 2631; x_wconf 55' lang='lat' dir='ltr'><strong>Grsx.</strong></span> <span class='ocrx_word' id='word_1_393' title='bbox 683 2593 1058 2631; x_wconf 69' lang='lat' dir='ltr'><strong>132vider1tissi=nam</strong></span> <span class='ocrx_word' id='word_1_394' title='bbox 1082 2607 1169 2632; x_wconf 71' lang='lat' dir='ltr'><strong>rem</strong></span> <span class='ocrx_word' id='word_1_395' title='bbox 1193 2608 1277 2631; x_wconf 86' lang='lat' dir='ltr'><strong>non</strong></span> <span class='ocrx_word' id='word_1_396' title='bbox 1302 2604 1440 2633; x_wconf 85' lang='lat' dir='ltr'><strong>tamen</strong></span> <span class='ocrx_word' id='word_1_397' title='bbox 1465 2595 1530 2631; x_wconf 80' lang='lat' dir='ltr'><strong>vi.-</strong></span> 
     </span>
     <span class='ocr_line' id='line_1_44' title="bbox 56 2647 1530 2704; baseline 0.003 -17"><span class='ocrx_word' id='word_1_398' title='bbox 56 2648 119 2687; x_wconf 83' lang='lat' dir='ltr'><strong>dit</strong></span> <span class='ocrx_word' id='word_1_399' title='bbox 147 2649 313 2688; x_wconf 73' lang='lat' dir='ltr'><strong>Rclinus.</strong></span> <span class='ocrx_word' id='word_1_400' title='bbox 349 2651 426 2689; x_wconf 77' lang='lat' dir='ltr'><strong>Vel</strong></span> <span class='ocrx_word' id='word_1_401' title='bbox 449 2648 501 2685; x_wconf 80' lang='lat' dir='ltr'><strong>ob</strong></span> <span class='ocrx_word' id='word_1_402' title='bbox 524 2649 711 2701; x_wconf 78' lang='lat' dir='ltr'><strong>proxima</strong></span> <span class='ocrx_word' id='word_1_403' title='bbox 738 2650 859 2687; x_wconf 69' lang='lat' dir='ltr'><strong>verba</strong></span> <span class='ocrx_word' id='word_1_404' title='bbox 888 2652 938 2696; x_wconf 77' lang='grc' dir='ltr'><strong>εἰς</strong></span> <span class='ocrx_word' id='word_1_405' title='bbox 962 2647 1034 2699; x_wconf 71' lang='grc' dir='ltr'><strong>τὴν</strong></span> <span class='ocrx_word' id='word_1_406' title='bbox 1051 2650 1190 2702; x_wconf 66' lang='grc' dir='ltr'><em>ἑτέραν</em></span> <span class='ocrx_word' id='word_1_407' title='bbox 1211 2649 1397 2704; x_wconf 76' lang='grc' dir='ltr'><em>ἤπειρον,</em></span> <span class='ocrx_word' id='word_1_408' title='bbox 1417 2665 1530 2704; x_wconf 50' lang='lat' dir='ltr'><strong>quar!</strong></span> 
     </span>
     <span class='ocr_line' id='line_1_45' title="bbox 56 2705 1531 2759; baseline 0.001 -16"><span class='ocrx_word' id='word_1_409' title='bbox 56 2706 231 2744; x_wconf 88' lang='lat' dir='ltr'><strong>nonnisi</strong></span> <span class='ocrx_word' id='word_1_410' title='bbox 261 2705 310 2744; x_wconf 86' lang='lat' dir='ltr'><strong>de</strong></span> <span class='ocrx_word' id='word_1_411' title='bbox 343 2707 530 2745; x_wconf 59' lang='lat' dir='ltr'><strong>Luciam</strong></span> <span class='ocrx_word' id='word_1_412' title='bbox 561 2716 664 2754; x_wconf 31' lang='lat' dir='ltr'><strong>ter-fn</strong></span> <span class='ocrx_word' id='word_1_413' title='bbox 698 2707 946 2744; x_wconf 64' lang='lat' dir='ltr'><strong>continente</strong></span> <span class='ocrx_word' id='word_1_414' title='bbox 985 2707 1079 2758; x_wconf 76' lang='lat' dir='ltr'><strong>capi</strong></span> <span class='ocrx_word' id='word_1_415' title='bbox 1110 2718 1322 2759; x_wconf 65' lang='lat' dir='ltr'><strong>wossunt,</strong></span> <span class='ocrx_word' id='word_1_416' title='bbox 1357 2721 1531 2747; x_wconf 64' lang='lat' dir='ltr'><strong>neces-se</strong></span> 
     </span>
    </p>
   </div>
  </div>
 </body>
</html>
