1834 3188
430 177 1239 209 JNHERMOTIMUM.
1476 165 1572 214 471

107 276 249 317 aderat
272 276 313 314 in
340 274 448 317 Edd.
470 275 593 315 etiarn
616 275 754 324 omisi,
770 275 866 329 quia
892 275 1004 315 Gesn.
1029 275 1089 314 sic
1106 277 1215 314 velle
1233 273 1374 314 video.
1408 275 1571 315 Rura-z..

106 336 315 387 Vulgatae
341 333 541 381 lectioni,
577 346 699 385 quam
733 333 930 371 tuendam
965 344 1007 372 et
1038 331 1399 385 interpretandam
1427 346 1571 371 susce-

106 391 180 444 pi,
213 389 319 427 illud
347 389 471 428 etiam
501 390 642 437 favet,
686 388 801 442 quod
840 404 909 439 ea,
950 404 1072 442 quam
1112 389 1350 427 restitutam
1385 388 1571 440 cupiunt

108 447 297 486 Graevius
323 456 365 486 et
394 445 587 493 solanus,
621 445 657 483 si
683 446 858 484 inventa
880 456 987 484 esset
1018 447 1061 484 in
1089 444 1291 498 antiquis·
1313 445 1572 498 exemplari·

104 503 202 552 bus,
236 502 397 541 nemini
421 503 463 539 in
487 512 667 540 mentem
691 502 836 541 venire
854 503 1067 553 potuisset
1085 505 1151 540 vel
1171 515 1392 573 personam
1415 501 1571 538 adseri-

103 559 225 608 bere,
258 562 325 598 vel
346 562 382 600 τί
404 563 539 614 σιγᾷςς
573 557 802 597 lectionem
824 558 1138 610 planissimam,
1171 560 1216 596 in
1235 560 1314 598 τισί
1331 575 1373 612 γε
1393 566 1568 601 mutare.

103 616 149 656 Si
174 615 304 669 quid'
295 631 336 652 m
354 615 432 654 hac
449 625 534 653 arte
558 614 719 653 firmum
735 624 811 664 est,
828 614 934 652 illud
956 616 1152 667 profecto
1166 624 1242 663 est,
1257 629 1342 653 non
1365 623 1568 657 mutatam

101 687 191 711 esse
212 673 440 711 lectionem
464 675 657 725 planam,
689 670 856 710 facilem
873 701 883 720 ,
919 685 1025 723 quae
1048 671 1160 709 nihil
1182 670 1467 709 dubitationis
1490 668 1570 710 ha-

100 728 240 777 beret,
281 729 326 766 in
358 727 578 768 diversam.
640 728 788 781 Neque
816 727 877 765 sic
907 738 1048 766 errant
1081 728 1384 779 descriptores,
1426 740 1567 779 neque

101 785 163 823 sic
185 784 424 825 emendant.
459 785 595 822 GnsN.
619 782 858 824 inAddeml.
919 784 955 823 V
961 787 1102 837 ulgata
1124 783 1267 824 verba:
1298 787 1377 824 τίσι
1395 801 1460 838 ys,-
1492 798 1566 836 per

105 856 249 880 omnes
270 840 379 878 Edd.
405 851 508 879 vett.
525 870 535 884 ‚
568 851 743 893 excepta
767 842 830 879 1⁴1.
843 850 1141 893 ‚propagata‚
1175 840 1478 892 interpretatus
1501 849 1567 879 est

99 897 262 936 Belinus
291 896 337 934 in
367 896 563 936 versione
596 897 711 935 hunc
738 898 889 935 mirum
920 896 965 934 in
995 896 1190 935 modum:
1233 896 1311 935 Sur
1338 896 1464 950 quoi?
1498 897 1567 935 Du

100 956 226 992 moins
253 984 262 993 .
290 983 299 992 .
327 983 336 992 .
365 983 401 1002 .,
435 956 578 1005 paullo
600 954 751 992 melius
776 953 1022 1007 Obsopoeus:
1057 952 1207 1004 Quibus
1222 952 1412 993 tandem!
1446 952 1567 992 Grae·

98 1012 154 1048 vii
173 1013 479 1063 conjecturam,
513 1025 592 1063 qua
611 1010 735 1049 verba
758 1010 820 1048 sic
845 1011 1144 1049 immutantur:
1176 1012 1212 1049 τί
1225 1015 1364 1063 σιγᾷςς
1395 1019 1436 1048 et
1457 1010 1565 1048 Her-

97 1067 276 1105 motimo
296 1064 618 1116 adscribuntur,
651 1076 817 1120 praeter
836 1066 1026 1106 Solanum
1047 1066 1170 1103 etiam
1201 1065 1447 1105 Wiclandius
1467 1079 1564 1118 pro-

97 1123 216 1162 bavit
239 1132 279 1161 et
303 1122 348 1159 in
370 1123 566 1161 versione
588 1126 810 1162 vernacula
834 1133 1003 1169 secutus
1025 1132 1102 1163 est,
1160 1122 1413 1161 Reiizianam
1437 1121 1563 1159 deni-

98 1193 180 1232 que
201 1178 429 1218 lectionem
450 1181 528 1220 τισί
545 1197 608 1233 γε,
643 1179 685 1216 in
709 1179 786 1217 Ed.
809 1179 916 1218 Flor.
938 1189 1168 1231 repertam,
1202 1193 1289 1218 nou
1312 1182 1446 1217 solum
1473 1177 1564 1217 Ges-

98 1251 212 1274 ner-us
236 1235 446 1287 expressit
471 1245 510 1274 et
534 1234 753 1283 defendit,
784 1235 855 1274 sed
878 1244 1125 1287 receperunt
1147 1235 1272 1273 etiam
1304 1235 1564 1274 recentiores

96 1291 313 1330 Editores.
374 1291 492 1329 Mihi
518 1291 688 1344 quidem
716 1291 936 1331 Gnaei-iana
959 1290 1198 1330 emendatio
1222 1291 1379 1343 pariter
1402 1305 1448 1328 ac
1473 1289 1564 1329 Ges-

98 1364 188 1387 nero
210 1357 251 1386 et
271 1347 427 1387 Reiizio
449 1358 495 1386 ut
520 1348 741 1401 ingeniosa
774 1348 999 1386 admodum
1025 1362 1071 1386 ac
1096 1347 1305 1399 perbella,
1337 1348 1398 1385 ita
1423 1357 1562 1385 tamen

93 1408 224 1456 longe
247 1403 450 1441 audacior
476 1404 564 1441 visa
592 1415 678 1454 est,
712 1419 834 1458 quam
863 1406 933 1442 cui
967 1408 1087 1443 locus
1111 1402 1200 1441 dari
1233 1413 1400 1455 posset;
1436 1417 1564 1455 prae—

96 1461 239 1498 sertim
273 1473 402 1511 quum
438 1459 676 1499 θεεηενὶαηα
707 1464 905 1513 vulgatae
937 1460 1140 1499 lectionis
1179 1459 1396 1507 defensio,
1439 1473 1563 1511 quarn

103 1515 370 1563 ῙΓίι-Ζαηιῖίιις,
405 1516 583 1554 nimium
609 1518 820 1555 contraria
841 1517 1052 1556 sententia
1074 1525 1243 1568 captus,
1278 1518 1462 1567 jejunam
1485 1515 1564 1554 mi·

96 1573 256 1610 nimum
280 1581 323 1610 et
346 1571 545 1625 frigidam
569 1573 738 1622 (schaal
760 1573 849 1610 und
882 1573 1060 1626 frostig,
1094 1587 1162 1609 um
1200 1572 1340 1610 nichts
1375 1585 1564 1625 aergeres

99 1645 151 1668 zu
173 1632 325 1682 sagen)
359 1638 511 1678 v‚ocat
553 1629 658 1667 mihi
694 1629 865 1683 quidem
894 1639 940 1667 ut
971 1631 1075 1667 satis
1106 1627 1323 1666 commoda
1355 1638 1396 1666 et
1426 1628 1564 1680 perita

96 1690 192 1739 plus
228 1699 350 1739 quam
382 1685 483 1723 satis
514 1685 678 1725 fecerit.
739 1687 790 1724 In
832 1684 1185 1738 praecedentibus
1219 1695 1358 1723 autem
1398 1683 1563 1736 Lycini

99 1741 261 1781 verbis:
292 1742 360 1781 καὶ
396 1738 639 1793 φιληδουος,
687 1760 737 1794 νη
761 1740 832 1783 Δί’
849 1773 860 1784 .
893 1742 1015 1783 εἶκαὶ
1044 1740 1097 1793 μή
1124 1747 1208 1789 τοῖς
1236 1746 1397 1788 πολλοῖς
1430 1745 1562 1786 δοκεῖ,

98 1796 364 1849 explicandis
386 1811 470 1835 non
495 1812 666 1850 possum
701 1813 794 1836 curn
834 1797 998 1837 Gesner-0
1034 1799 1195 1862 facere,
1240 1800 1360 1848 cujus
1392 1796 1565 1848 quidem

96 1855 361 1893 versionem:
393 1870 512 1908 aeque
532 1854 821 1907 zoluptuarius,
857 1855 980 1905 (talis
1007 1856 1104 1892 enim
1130 1857 1210 1903 esi)
1230 1869 1299 1905 per
1320 1854 1474 1899 Jozcm,
1509 1851 1566 1890 li-

101 1921 157 1950 cet
181 1910 269 1963 vulg
264 1925 297 1948 ¹0
319 1910 412 1948 talis
428 1927 505 1949 non
527 1911 705 1950 ιίιῖεαίιιι
714 1941 725 1960 ,
760 1925 896 1951 nemo
933 1910 1102 1962 opinor,
1136 1909 1348 1962 probabit,
1383 1908 1455 1961 qui
1478 1909 1565 1946 for·-

99 1969 237 2006 mulae
260 1967 326 2007 καὶ
347 1966 397 2019 νὴ
421 1969 500 2007 Δία
523 1982 642 2005 usum
670 1977 712 2006 et
740 1968 823 2005 vim
860 1966 1069 2019 imprimis
1099 1979 1150 2004 ex
1184 1965 1319 2003 nostri
1348 1964 1567 2017 scriptoris

100 2025 202 2061 stilo
228 2023 495 2077 cognoverit.
556 2022 657 2065 Vid.
691 2023 742 2062 ad
775 2024 912 2063 Proin
938 2023 982 2060 in
1015 2021 1169 2062 Verbb
1193 2036 1226 2060 c.
1251 2027 1288 2064 6.
1315 2023 1435 2060 Tom.
1463 2021 1497 2058 I.
1523 2035 1565 2072 p.

99 2084 194 2121 227.
215 2092 275 2130 sq.
339 2079 596 2118 Gravissime
629 2081 743 2119 enim
767 2080 956 2118 omnium
978 2088 1151 2117 notatur
1173 2077 1213 2116 h.
1233 2080 1262 2119 1,
1288 2076 1474 2116 doctoris
1493 2091 1565 2114 vo-

99 2139 310 2187 luptatum
340 2135 577 2187 cupiditas,
609 2150 732 2188 quam
763 2136 980 2176 verissime
1005 2134 1085 2189 (νὴ
1111 2134 1216 2188 Δία)
1241 2133 1389 2173 asse-rit
1417 2143 1566 2171 auctor

101 2193 165 2229 illi
193 2193 350 2238 inesse,
385 2191 462 2229 etsi
488 2195 616 2245 vulgo
638 2207 724 2230 non
748 2192 804 2232 ita
830 2191 1046 2239 videatur3
1091 2192 1143 2230 ob
1166 2190 1459 2234 incredibilem
1480 2189 1565 2226 sci-

99 2250 199 2287 licet
224 2246 601 2297 dissimulantiarn,
634 2263 712 2301 qua
741 2262 868 2301 quum
891 2250 1026 2300 palam
1049 2247 1267 2285 mirificam
1288 2261 1449 2285 morum
1474 2258 1567 2299 gra-

99 2305 274 2342 vitatem
298 2303 490 2352 affectet,
523 2304 566 2341 in
592 2303 769 2344 obscuro
793 2314 930 2345 tamen
955 2304 1091 2343 omnis
1115 2303 1279 2358 generis
1302 2302 1467 2343 deliciis
1490 2302 1566 2342 im-

102 2359 438 2401 moderatissime
457 2370 499 2398 et
522 2359 890 2411 impudentissime
921 2359 1156 2414 indulgeat.
1215 2359 1460 2397 Contulisse
1487 2360 1564 2410 ju·-

99 2416 217 2455 vabit
248 2416 456 2454 simillimi
486 2430 632 2455 sensus
659 2417 899 2470 colorisque
929 2418 1068 2460 locum
1100 2417 1234 2455 Diall.
1258 2416 1412 2455 Mortt.
1437 2414 1498 2462 X,
1521 2417 1562 2456 8.

101 2474 174 2510 ubi
198 2472 414 2513 recensitis
438 2476 519 2525 jam
553 2473 869 2524 compluribus,
913 2486 1020 2524 quae
1051 2471 1336 2525 philosophus
1369 2480 1561 2508 mortuus

105 2530 317 2581 deponere
337 2529 527 2581 jubetur,
560 2543 675 2566 nunc
691 2528 932 2571 lvlercurius
951 2529 1110 2595 pergit·
1143 2545 1203 2579 νη
1238 2530 1331 2568 Δία
1359 2528 1438 2568 καὶ
1467 2544 1559 2580 χρυ-

104 2589 191 2626 σίον
210 2603 250 2640 γε
270 2586 381 2626 τουτὶ
404 2604 469 2627 και
489 2582 750 2638 ηδυπαθειαν
778 2584 842 2634 δὲ,
874 2586 940 2625 καὶ
972 2581 1274 2638 ειναισχυντὶαν,
1313 2585 1380 2625 καὶ
1407 2581 1466 2636 ὄρ
1458 2582 1554 2638 [ἠν.

105 2644 173 2682 καὶ
193 2641 373 2694 τρυφὴν,
404 2644 470 2683 καὶ
493 2644 711 2693 μαλακίαν·
753 2638 806 2682 οὐ
837 2642 1031 2694 λέληθε
1061 2640 1153 2696 γάρ
1182 2658 1256 2696 με,
1290 2643 1331 2683 εἰ
1361 2642 1447 2683 καὶ
1476 2639 1557 2694 μά-

107 2703 162 2739 λα
192 2698 569 2752 περικρύπτεις
599 2695 923 2740 αυτα.1,ιιωι.
