1834 3188
465 206 631 239 VERAE
668 204 935 239 msromnn
970 204 1060 237 mni
1098 205 1147 238 11.
1389 187 1489 235 317

109 313 291 367 ἔχοντες,
341 305 431 351 οἷον
469 302 573 361 παρ’
609 301 707 359 ἡμῖν
746 304 817 351 τόν
850 302 1126 360 Μινώταυρον
1155 300 1489 349 ἀναπλάττουσιν.
1503 325 1539 361 ρ,
1557 324 1634 359 137,

109 377 340 434 ἀποβάντες
374 376 441 427 δὲ,
488 373 706 430 προῄειμεν
726 377 777 426 ⁰)
815 371 1124 430 ὑδρευσόμενοι,
1175 374 1305 415 καίτοι
1331 372 1400 414 καὶ
1429 385 1494 414 σι-

111 449 201 490 τίου
217 449 265 500 ¹¹)
294 444 543 501 ληψόμενοι,
573 447 740 488 εἴποθεν
761 441 811 498 q)
840 444 1138 496 δυνηθείημεν·
1173 439 1250 485 οὔκ
1265 442 1319 484 ἔτι
1345 438 1423 496 γὰρ
1442 440 1497 482 εἷ’.

110 530 254 570 χομεν·
283 515 351 557 καὶ
371 514 484 569 ὕδωρ
504 514 574 569 μὲν
595 509 723 556 αὐτοῦ
748 511 919 565 πλησίον
949 508 1146 566 εὕρομεν,
1186 509 1279 553 ἄλλο
1304 509 1346 552 δὲ
1372 503 1496 552 οὐδὲν

110 585 341 637 ἐνεφαίνετο
353 613 367 634 ,
397 581 502 636 πλὴν
528 579 743 636 μυκηθμὸς
759 576 886 628 πολῦς
906 575 955 621 οὐ
968 578 1187 634 πόρῤωθεν
1205 576 1376 633 ἠκούετο
1388 591 1399 602 ·
1429 575 1496 620 δό-

110 655 251 703 ξαντες
269 645 344 694 οὖν
360 646 506 706 ἇγέλην
524 648 626 693 εἶναι
641 652 765 704 βοῶν,
795 643 887 691 κατ’
911 643 1046 702 ὀλίγον
1060 651 1381 703 προχωροῦντες,
1407 645 1495 689 ἐπέ-

110 733 261 776 στημεν
277 724 361 769 τοῖς
376 715 629 775 ἀνθρώποις.
661 719 704 760 οἱ
716 716 758 760 δὲ
770 713 926 765 ἰδόντες
941 711 1062 769 ἡμᾶς,
1093 717 1276 767 ἐδίωκον,
1307 716 1377 757 καὶ
1392 719 1495 770 τρεῖς

112 788 187 843 μὲν
207 791 286 830 τῶν
304 788 473 842 ἑταίρων
491 784 791 841 λαμβάνουσιν·
825 784 867 827 οἵ
890 782 934 826 δὲ
952 783 1085 826 λοιποὶ
1110 781 1214 837 πρὸς
1240 782 1314 837 τὴν
1337 781 1495 826 θάλατ-

114 873 190 899 ταν
217 852 528 910 κατεφεύγομεν.
571 852 655 896 εἶτα
683 853 820 906 μέντοι
846 849 995 901 πάντες
1022 847 1281 905 ὁπλισάμενοι
1307 847 1388 904 (ου
1417 849 1497 907 yde

113 922 244 968 ἐδόκει
271 919 369 976 ἡμῖν
396 918 679 1005 οἷτιμωρητους
703 923 898 974 περιιδεῖν
926 937 1021 970 τους
1048 920 1226 975 φίλους)
1255 921 1499 974 ἐμπίπτομεν

112 997 200 1042 τοῖς
219 987 516 1045 Βουκεφάλοις,
529 988 578 1032 τά
593 990 692 1045 κρέα
707 1006 790 1031 των
809 984 1073 1044 ἀνῃρημένων
1089 988 1399 1044 διαιρουμένοις·
1421 1005 1502 1041 φο-

111 1059 310 1117 βήσαντες
327 1059 383 1112 δὲ,
394 1055 548 1107 πάντας
564 1060 598 1110 r)
628 1054 860 1112 ἐδιώκομεν,
872 1057 942 1099 καὶ
957 1057 1164 1110 κτείνομέν
1178 1073 1223 1111 γε
1242 1053 1341 1098 ὅσον
1357 1053 1502 1109 πεντή·

111 1147 249 1181 κοντα,
258 1129 328 1172 καὶ
348 1131 500 1178 ζῶντας
515 1125 647 1169 αὐτῶν
664 1123 741 1168 δύο
760 1121 1034 1180 λαμβάνομεν,
1045 1125 1113 1167 καὶ
1124 1118 1247 1174 αὖθις
1260 1122 1388 1167 ὀπίσω
1407 1121 1500 1167 ἆνε-

111 1198 337 1253 στρέφομεν
351 1200 400 1249 8),
428 1193 524 1245 τοὺς
535 1191 810 1249 αἰχμαλώτους
824 1194 993 1248 ἔχοντες·
1004 1195 1132 1237 σιτίον
1149 1193 1287 1248 μέντοι
1306 1191 1424 1237 οὐδὲν
1436 1190 1499 1236 sii-

205 1326 279 1363 Sed
296 1325 371 1361 vid.
391 1325 527 1360 Adnot.
596 1327 645 1370 ο)
668 1338 696 1360 π
708 1338 728 1370 ρ
744 1321 969 1371 οῄειμεν]
992 1326 1050 1360 Ita
1081 1326 1183 1359 Gesn.
1205 1326 1304 1369 conj.
1331 1330 1369 1358 et
1387 1324 1501 1358 Schm

208 1374 344 1417 edidit,
372 1374 480 1406 edere
509 1378 609 1406 certe
630 1373 801 1412 volebat,
826 1373 1113 1406 assentientibus
1132 1372 1251 1406 Codd.
1274 1381 1340 1416 295
1343 1384 1374 1415 4.
1394 1382 1501 1414 5011.

206 1421 316 1453 Gorl,
329 1421 466 1464 etAug.
481 1430 550 1463 pro
563 1419 663 1462 vulg
675 1416 904 1464 προςῄειμεν.
951 1420 1001 1462 p)
1027 1420 1165 1454 καίτο
1178 1433 1191 1454 ι
1214 1418 1297 1454 καὶ
1321 1418 1504 1460 σιτίον]

209 1465 273 1501 καὶ
300 1467 416 1507 σιτία,
443 1464 583 1498 omisso
613 1465 757 1508 καίτοι,
786 1476 887 1509 2954·
910 1474 1013 1507 5011.
1043 1466 1153 1500 Gorl.
1182 1465 1261 1499 Bel.
1292 1465 1407 1497 Schm.
1457 1465 1504 1496 At

207 1512 282 1547 vid.
302 1511 438 1545 Adnot.
487 1512 536 1556 q)
562 1510 794 1553 εἴποθεν]
821 1511 942 1544 εἰποτε
961 1520 1062 1554 2954.
1082 1517 1119 1544 et
1137 1522 1239 1554 301¹·
1288 1516 1327 1549 r)
1353 1507 1508 1556 φοβή-

210 1569 383 1598 σαντες
408 1554 480 1600 δὲ,
506 1554 711 1601 πάντας]
738 1554 940 1602 βοήσαντες
961 1556 1003 1592 δὲ
1023 1554 1158 1597 πάντες
1176 1556 1506 1601 2954.5011.Bel

209 1605 328 1638 Schm.
376 1604 424 1637 Et
455 1603 561 1637 Gorl.
591 1603 704 1637 habet
731 1603 945 1654 βοήσαντες.
992 1603 1091 1638 Mihi
1112 1603 1263 1659 quidem
1283 1603 1508 1658 displicebat

208 1648 344 1691 πάντες
371 1649 419 1683 ob
437 1649 700 1694 praecedentia
730 1654 809 1685 εἰτα
831 1649 958 1694 μέντοι
980 1649 1152 1690 πάντες
1174 1647 1279 1694 ὁπλ.,
1305 1647 1510 1702 βοήσαντες

211 1703 338 1730 autem
358 1707 435 1729 non
443 1707 608 1750 possum
628 1707 706 1729 non
721 1708 791 1740 pro
810 1697 973 1750 glossem
975 1705 1032 1730 ·1te
1051 1697 1234 1741 genuinae
1249 1695 1425 1730 lectionis
1443 1694 1510 1727 ha-

209 1743 310 1779 bere.

366 1743 406 1784 s)
432 1737 824 1798 ἀνεστρέφομεν]
862 1737 1138 1789 ἀνεστρέψαμεν
1157 1753 1260 1789 2954..
1284 1742 1394 1777 Gorl.
1410 1742 1507 1785 Aug.

213 1788 360 1834 inepte:
386 1788 496 1834 origo
513 1788 597 1821 vitii
614 1788 653 1822 in
668 1799 746 1834 seq.
763 1800 923 1834 ενρομεν
939 1789 1161 1835 quaerenda.

123 1918 287 1945 cornua
335 1903 565 1956 habentes,
619 1908 786 1960 qualem

123 1960 240 2016 apud
260 1975 339 2000 nos
368 1960 538 2015 fingunt
561 1962 789 2002 Minotau-

124 2033 234 2058 rum.
281 2017 389 2056 Cum
410 2018 789 2071 exscendissemus‚

125 2083 328 2127 aquatum
348 2074 624 2126 perreximus,
653 2093 790 2130 quam-

124 2145 247 2184 quam
259 2130 384 2168 etiam
405 2129 595 2169 ciborum
609 2133 791 2186 aliquid,

125 2187 164 2224 si
196 2199 433 2239 possemus,
476 2187 680 2227 ablaturi:
720 2191 791 2227 ni-

127 2242 194 2282 hil
236 2242 349 2282 enim
385 2242 568 2294 amplius
600 2243 791 2283 habeba-

130 2313 238 2338 mus,
288 2299 345 2336 Et
364 2312 515 2351 aquam
536 2299 705 2351 quidem
729 2302 791 2340 ibi

132 2356 176 2393 in
216 2354 413 2408 proximo
440 2355 762 2395 inveniebamus
780 2388 793 2410 ‚

131 2411 251 2451 aliud
277 2424 375 2450 vero
398 2410 510 2448 nihil
535 2411 791 2464 apparebat,

133 2478 424 2522 praeterquam
459 2467 574 2521 quod
605 2468 793 2521 mugitus

134 2526 292 2562 multus
335 2538 423 2562 non
465 2538 517 2561 ex
550 2524 793 2577 longinquo

134 2579 396 2619 audiebatur.
436 2579 543 2618 Cum
567 2580 702 2633 igitur
721 2581 793 2620 bo-

135 2650 205 2673 um
230 2650 395 2690 gregem
428 2650 515 2675 esse
537 2646 793 2689 putaremus,

135 2694 323 2744 paullum
355 2692 595 2746 progressi,
635 2702 792 2732 stamus

136 2746 247 2801 apud
265 2747 471 2789 homines.
531 2750 589 2788 At
607 2749 672 2788 illi
693 2763 793 2789 con·

845 1915 1014 1962 spectos
1052 1919 1132 1945 nos
1168 1909 1513 1959 persequuntur‚‘

846 1979 895 2004 ac
943 1973 1028 2002 tres
1077 1962 1247 2017 quidem
1291 1960 1511 2000 sociorum

819 2030 1092 2060 «nostrorum
1116 2017 1513 2072 comprehendunt:

847 2076 1008 2130 reliqui
1041 2090 1141 2116 vero
1174 2075 1228 2114 ad
1259 2089 1371 2113 mare
1403 2088 1514 2112 con-

849 2134 1051 2197 fugi-mus.
1109 2131 1285 2172 Deinde
1320 2129 1514 2169 universi

849 2190 976 2229 armis
1020 2190 1180 2242 captis,
1228 2201 1366 2241 neque
1399 2185 1514 2224 enim

848 2245 1040 2300 placebat
1085 2246 1249 2284 inultos
1293 2242 1514 2307 negligere

849 2303 1034 2352 amieos,
1076 2302 1277 2340 irruimus
1302 2300 1348 2337 in
1379 2299 1515 2337 Buce-

849 2358 1026 2411 phalos,
1075 2372 1220 2397 carnes
1261 2356 1514 2393 interfecto-

850 2429 942 2452 rum
983 2413 1250 2463 divideute53
1301 2421 1432 2464 atque
1466 2410 1514 2449 in

850 2479 1051 2509 terrorem
1082 2473 1300 2521 conjectos
1340 2467 1513 2505 univer·

854 2540 922 2564 sos
947 2526 1252 2579 persequimur,
1285 2537 1515 2576 eorumque

853 2582 1025 2620 circiter
1046 2581 1362 2634 quinquaginta
1386 2579 1516 2619 inter-

855 2637 1039 2688 ficimus,
1095 2637 1288 2690 duosque
1324 2637 1514 2688 capimus

854 2694 991 2734 vivos.
1052 2694 1124 2735 Sic
1148 2693 1398 2733 revertimur
1418 2707 1514 2731 cum

853 2751 1060 2804 captivis:
1092 2750 1177 2790 cibi
1197 2764 1295 2792 vero
1317 2748 1430 2789 nihil
1449 2748 1513 2787 in-
