1834 3188
291 220 388 271 658
640 228 1400 263 ADNO1TAT1ONE3

290 340 454 376 locum:
486 348 563 371 non
581 344 669 369 vero
692 327 870 367 (lentibus
896 329 1007 382 prius
1030 327 1279 374 comminuit,
1310 325 1378 365 secl
1394 343 1463 382 per
1484 342 1613 366 eorum
1634 327 1761 365 inter-

290 394 399 432 stitia
415 392 526 428 navis
544 390 585 427 in
601 397 769 425 ventrem
788 384 948 424 decidit.
981 385 1100 423 Haec
1121 384 1164 421 in
1187 384 1288 425 Obs.
1302 383 1408 425 Crit.
1431 398 1469 435 p,
1482 387 1548 427 52.
1579 383 1632 424 L.
1651 383 1758 424 Bos.

291 447 416 488 Nihil
436 442 698 484 mutandum.
757 442 848 483 Jam
874 441 1153 481 observarunt
1175 440 1465 490 Grammatici‚
1490 439 1659 492 saepius
1681 438 1759 477 du-

291 504 446 558 plicari
466 502 538 540 hic
564 495 807 540 literam‘P.
866 497 988 537 Adde
1023 498 1148 536 etiam
1176 497 1272 536 Ver.
1306 497 1418 539 Hist,
1452 497 1512 537 II.
1545 510 1679 548 prope
1710 495 1763 533 fi-

292 575 403 600 nem.
430 560 598 598 SorAN.
648 555 991 596 Geminationem
1011 555 1159 593 literae
1179 572 1199 608 ρ
1219 554 1262 591 in
1281 553 1455 593 verbum
1472 551 1653 606 ἆρᾶττειν
1672 565 1761 590 non

292 616 426 670 magis
459 614 632 658 cadere,
676 627 801 666 quam
834 612 878 649 in
905 609 1164 664 σπαράττειν,
1200 613 1417 664 συρίττειν,
1451 614 1693 663 σμαραγεῖν,
1723 616 1766 647 et

294 673 475 721 similia,
518 670 645 709 facile
676 684 728 708 ex
761 669 852 719 ipsa
894 683 936 707 re
964 677 1095 721 patet.
1154 667 1317 706 Mirum
1356 676 1517 716 autem,
1566 665 1767 705 Reitzium

296 728 502 778 eundem,
548 726 622 780 qui
647 726 741 764 Ver.
764 726 878 766 Hist.
901 725 971 774 II,
999 729 1067 768 47.
1110 722 1370 777 προςαράξας
1398 731 1544 762 contra
1577 721 1770 761 omnium

296 785 578 830 Editionum,
622 795 730 835 quae
765 780 924 833 duplex
957 798 978 834 ρ
1011 779 1240 830 exhibent,
1283 776 1406 819 fidem
1434 778 1642 828 ediderit,
1675 777 1719 817 h.
1740 780 1769 816 l.

298 842 349 881 ad
372 842 507 893 ipsum
527 838 632 878 illud
658 840 895 891 exemplum
928 838 1120 892 ablegare
1150 840 1349 876 lectorem
1373 835 1579 888 potuisse.
1639 832 1770 887 Quod

300 898 469 952 quidem
496 910 610 935 novo
635 909 721 933 esse
745 903 886 945 potest
913 893 1198 942 documento,
1243 908 1366 945 quam
1398 906 1544 944 parum
1576 890 1659 929 sibi
1697 891 1771 928 ille

299 953 543 992 constiterit
566 954 632 990 vel
656 951 699 988 in
724 951 775 988 iis
800 949 903 1002 ipsis
932 950 1077 997 rebus,
1108 950 1151 988 in
1176 949 1332 1005 quibus
1355 962 1556 986 summam
1587 946 1772 1001 diligen-

299 1012 403 1049 tiam
429 1017 627 1049 ostentat.
690 1007 947 1046 Constanter
973 1016 1109 1045 autem
1138 1007 1181 1044 in
1216 1006 1338 1044 libris
1371 1003 1534 1044 editum
1569 1000 1774 1055 συνηράσ-

301 1082 418 1109 σοντο
446 1066 559 1103 infra
579 1079 615 1104 c.
640 1068 708 1106 41.
733 1062 1052 1116 συναράττουσιν
1084 1062 1315 1101 Anachars.
1335 1077 1369 1101 c.
1398 1067 1434 1103 1.
1456 1058 1772 1114 προςαραξάτω-

301 1138 376 1166 σαν
400 1121 555 1175 Navig.
584 1135 618 1159 c.
640 1126 706 1163 22.
730 1117 947 1171 ἀράττουσι
969 1121 1037 1158 De
1060 1121 1184 1157 Luct.
1209 1134 1241 1160 e.
1271 1124 1338 1160 12.
1370 1115 1496 1155 Unde
1522 1117 1672 1170 colligi
1695 1130 1772 1168 po-

300 1189 407 1225 test,
441 1187 484 1216 et
502 1177 546 1217 h.
569 1179 596 1218 l.
620 1174 864 1230 συναράξαι,
897 1185 946 1213 ut
972 1177 1015 1214 in
1039 1175 1116 1225 Fl„
1141 1189 1251 1223 non,
1283 1184 1332 1212 ut
1355 1173 1400 1211 in
1422 1172 1595 1223 ceteris,
1627 1173 1774 1227 σύναῤ-

301 1236 418 1293 §eigai
436 1233 593 1273 Reitzio
617 1243 658 1271 et
681 1232 992 1272 recentioribus
1016 1231 1225 1271 edendum
1246 1231 1392 1268 fuisse.
1425 1229 1582 1270 me,

413 1289 518 1331 Ead.
539 1293 565 1328 l.
590 1295 652 1334 13.
686 1292 850 1338 Κῦτος)
882 1289 999 1327 Ferri
1023 1303 1110 1326 non
1137 1297 1280 1340 potest
1299 1291 1434 1338 κῆτος.
1485 1286 1606 1338 Lege
1627 1283 1774 1338 itaque

303 1364 396 1388 cum
416 1347 480 1387 Fl.
503 1351 635 1395 κῦτος.
699 1345 804 1386 Vide
826 1355 966 1384 tamen
989 1343 1224 1384 Breerwoocl
1243 1359 1337 1397 pag.
1363 1348 1455 1386 133.
1492 1340 1673 1398 Oflong.
1695 1350 1775 1380 etc.

301 1406 470 1445 SoLAN.
530 1404 705 1442 Lubens
727 1402 899 1453 adripui
920 1401 1170 1453 scripturam
1192 1400 1464 1450 Florentinae5
1495 1412 1589 1436 nam
1616 1400 1776 1451 vulga-

301 1471 345 1501 ta
374 1467 514 1515 κῆτος,
549 1471 650 1508 σεῖε,
693 1473 862 1497 sensum
896 1458 1074 1497 exhibet
1102 1457 1204 1496 satis
1234 1455 1476 1494 absurdum.
1536 1454 1633 1492 Etsi
1664 1453 1776 1492 enim

301 1521 373 1558 vel
398 1517 540 1557 omnia
564 1516 692 1567 hujus
720 1515 923 1554 historiae
952 1523 1187 1552 commenta
1212 1513 1363 1552 merito
1386 1509 1565 1550 absurda
1588 1509 1774 1559 dixeris,

301 1583 443 1614 tamen
471 1572 678 1611 orationis
710 1585 842 1611 nexus
876 1585 962 1609 non
995 1570 1119 1609 debet
1148 1584 1237 1609 esse
1265 1568 1487 1606 absurdus.
1547 1566 1675 1605 Nihil
1697 1580 1780 1603 au·—

303 1640 388 1682 tem
410 1631 455 1668 in
475 1628 753 1681 sequentibus
773 1635 859 1674 est,
891 1625 1006 1665 unde
1025 1627 1208 1679 liqueat,
1240 1624 1434 1663 homines
1455 1624 1499 1660 in
1521 1633 1602 1662 ceto
1627 1621 1777 1661 seden-

303 1681 392 1735 tes,
424 1685 554 1723 alium
579 1695 702 1723 cetum
728 1683 899 1722 vidisse.
960 1681 1041 1722 Sed
1067 1681 1170 1735 quid
1197 1680 1434 1733 simplicius
1461 1688 1545 1729 est,
1580 1692 1702 1732 quam
1728 1688 1779 1717 ut

304 1743 349 1780 in
370 1757 420 1782 eo
445 1745 626 1780 latentes
643 1771 653 1789 ,
688 1749 828 1793 partes
852 1742 941 1791 ejus
966 1741 1156 1777 internas
1181 1735 1512 1791 perlustrarint?
1547 1735 1689 1787 Quare
1707 1738 1778 1776 κῦ·

302 1815 372 1847 τος
395 1798 466 1836 hic
488 1797 689 1849 intelligo
712 1806 925 1834 mrim-eum
952 1798 1113 1848 capacis
1143 1794 1224 1833 alvi
1243 1809 1421 1846 specum,
1454 1800 1501 1829 ut
1521 1790 1688 1832 Phaedr.
1707 1794 1779 1829 lo-

305 1856 453 1908 quitur
472 1854 559 1902 IV,
582 1854 620 1896 5.
646 1866 769 1905 quem
795 1861 885 1889 tum
909 1851 1147 1904 perspicere
1169 1850 1369 1898 dabatur,
1405 1862 1498 1887 cum
1521 1848 1663 1887 bellua
1681 1847 1780 1885 hia-

303 1921 368 1950 ret
383 1942 394 1959 ,
425 1912 656 1963 lumenque
677 1918 775 1947 ante
795 1918 995 1962 negatum
1016 1922 1088 1959 per
1109 1921 1153 1945 os
1173 1906 1426 1945 admitteret.
1486 1905 1566 1942 Est
1588 1918 1687 1943 vero
1706 1909 1777 1945 κῦ-

303 1985 371 2016 τος
396 1966 569 2021 proprie
600 1968 745 2003 alveus
780 1965 925 2010 navis;
960 1963 1048 2002 vid.
1072 1963 1228 2003 Pollae.
1254 1962 1409 2001 Onom.
1431 1961 1478 2007 I,
1503 1965 1571 2004 87.
1591 1974 1684 2014 pag.
1705 1964 1775 2005 58.

303 2025 362 2062 Et
380 2034 533 2074 venter5
564 2020 651 2063 vid.
686 2030 831 2060 notam
863 2020 1027 2059 Kukm‘i.
1086 2018 1330 2058 Ediderunt
1359 2027 1500 2056 antem
1536 2018 1581 2055 in
1610 2015 1779 2057 Polluce

302 2079 438 2131 κύτος,
466 2080 601 2131 prima
628 2087 768 2128 acuta,
802 2089 896 2116 cum
922 2087 1061 2116 tamen
1084 2077 1313 2124 fateantur,
1346 2075 1451 2112 Mss.
1476 2073 1630 2113 habere
1646 2078 1776 2122 κῦτος.

303 2137 362 2175 At
384 2150 505 2176 versa
526 2135 622 2173 vice
641 2135 696 2173 L.
717 2140 754 2176 2.
779 2147 822 2185 p.
846 2138 939 2176 171.
957 2138 1078 2181 κῦτος
1106 2131 1277 2181 dedere,
1311 2145 1403 2168 cum
1432 2131 1539 2168 Mss.
1571 2130 1634 2169 ibi
1658 2128 1778 2179 κύτος

302 2195 444 2247 legere
465 2190 656 2229 adfirmet
684 2189 837 2229 editor.
901 2188 1029 2243 Quod
1053 2187 1223 2243 quidem
1252 2202 1325 2226 cur
1353 2187 1537 2238 factum,
1580 2201 1668 2225 non
1701 2187 1778 2228 vi·-

305 2249 408 2288 deo:
442 2262 539 2287 nam
563 2247 600 2284 si
638 2244 920 2284 differentiam
944 2248 1217 2294 statuissent,
1259 2243 1373 2298 quod
1408 2244 1645 2296 posteriore
1676 2246 1776 2282 loco'

303 2307 434 2344 cranii
456 2303 662 2356 capacitas
685 2300 975 2355 significetur,
1009 2302 1277 2341 monuissent
1298 2301 1455 2338 forsan.
1518 2301 1674 2339 Verum
1703 2301 1778 2337 ni·-

303 2360 368 2400 hil
390 2360 656 2401 differentiae
676 2357 828 2407 video,
873 2373 967 2396 cum
995 2358 1046 2398 de
1071 2357 1221 2412 quavis
1253 2356 1490 2409 capacitate
1519 2370 1593 2396 vas
1623 2348 1775 2410 ingeris

302 2416 516 2457 referente
537 2415 727 2461 dicatum
761 2428 841 2453 nec
861 2414 967 2454 adeo
987 2429 1130 2454 moror
1151 2421 1369 2453 accentum
1388 2444 1399 2463 ‚
1434 2413 1509 2466 qui
1533 2413 1577 2451 in
1610 2409 1772 2464 syllaba

304 2473 486 2526 ancipiti
515 2470 729 2511 interdum
759 2470 810 2509 ab
843 2471 939 2510 aliis
967 2471 1016 2511 fit
1043 2469 1374 2518 circumflexus,-
1395 2468 1445 2507 ab
1477 2469 1572 2508 aliis
1606 2476 1772 2508 acutus.

303 2528 478 2569 RIallem
510 2537 650 2567 tamen
683 2532 805 2575 κῦτος
830 2537 1018 2581 utroque
1046 2531 1169 2576 loco,
1214 2541 1266 2566 ex
1292 2525 1513 2579 analogia,
1548 2534 1595 2562 ut
1617 2528 1770 2575 μῦθος,

303 2590 440 2634 νῖκος,
474 2594 515 2625 et
532 2583 709 2635 similia,
742 2596 848 2639 quae
867 2582 1143 2623 circumflecti
1166 2591 1319 2622 amant.
1381 2581 1503 2620 Adde
1521 2580 1708 2633 Alciplu·.
1731 2586 1770 2624 3.

303 2639 384 2691 ΕΡ.
413 2647 453 2684 7.
479 2656 519 2693 p.
540 2644 635 2684 292·
659 2642 735 2694 qui
761 2644 882 2688 κῦτος
899 2646 971 2693 τῆς
993 2638 1184 2695 γαστρὸς,
1217 2640 1419 2692 capotcz'wts'⁴
1439 2636 1530 2675 alvi.
1588 2637 1647 2675 Et
1663 2638 1771 2676 Dio-¹

302 2694 387 2733 dor.
410 2697 493 2736 Sic.
517 2697 598 2735 III.
622 2711 654 2738 e.
676 2702 742 2740 40.
766 2713 816 2735 m.
841 2696 914 2751 q'ui
942 2703 1016 2749 pro
1040 2696 1148 2736 alveo
1169 2699 1292 2734 navis.
1321 2693 1504 2733 ‘'‘Versio
1537 2692 1695 2732 Gesneri
1712 2691 1765 2731 ad

299 2754 512 2806 vulgatam
532 2762 594 2791 est
613 2753 877 2807 composita,
908 2752 1005 2793 ideo
1028 2753 1184 2807 reliqui
1206 2748 1425 2802 eam3¹·sed
1454 2757 1641 2791 mutatae
1669 2753 1764 2790 lec-
