1834 3188
287 206 386 253 448
643 215 1395 247 ΛῃΝοΤΑτιοΝΕε

286 327 369 356 tam
391 314 617 353 manifesta
641 323 811 367 peccata
834 311 1043 351 affirmans
1066 316 1131 353 vel
1153 313 1282 353 tacite
1310 313 1465 354 editori
1490 329 1579 355 esse
1612 317 1749 355 corri-

286 372 437 428 genda.
498 371 697 410 Correxit
722 371 867 422 itaque
889 369 1173 410 Schmieclerus.
1234 371 1301 411 Cf.
1329 372 1498 411 Timon.
1526 386 1559 415 c,
1583 378 1648 416 18.
1669 374 1748 411 ibi-

286 444 370 484 que
384 428 605 468 Hemsierh..
626 429 748 466 Tom.
772 426 807 463 I.
834 441 876 478 p.
899 431 995 469 410.
1023 427 1181 465 LEHM.

397 485 498 524 Ead.
516 487 547 524 l.
572 488 636 527 12.
664 479 922 536 Ἀκαριαῖον)
955 483 1116 522 Confer
1140 497 1265 537 supra
1296 497 1330 525 c.
1354 489 1394 528 6,
1420 484 1492 527 fin.
1551 486 1611 525 Et
1633 485 1745 525 infra

327 558 367 585 u,
387 542 501 580 Hist.
525 540 699 581 Conscr.
723 555 758 578 e.
782 543 820 582 7.
852 539 1017 580 SOLAN.

394 597 498 639 Ibid.
534 593 786 647 Ἀποξύσας)
832 595 925 635 Vid.
957 596 1077 634 Dial.
1113 596 1300 634 omnium
1331 596 1511 649 primum
1551 613 1585 638 c.
1613 603 1654 641 2.
1685 598 1747 637 ait

283 654 468 696 Solanus.
501 652 559 691 At
582 667 675 691 cum
694 651 757 690 ibi
780 654 944 706 legatur
963 647 1145 701 ἀποξέων
1165 650 1214 695 ἂν
1236 651 1306 695 τὸν
1326 652 1474 706 κηρὸν,
1496 654 1609 693 nihil
1628 653 1746 693 aliud

281 711 431 760 credo,
464 709 655 748 indicare
684 708 844 760 voluit,
877 722 1000 763 quam
1024 703 1180 759 ἄποξέω
1210 718 1253 748 et
1280 707 1447 760 ἆποξύω
1468 711 1635 750 utrovis
1656 725 1747 750 mo-

280 767 336 807 do
360 766 462 810 dici,
502 767 669 806 Rm'rZ.
1472 795 1473 799 ,

393 824 496 876 Pag.
520 823 637 867 87.1.
663 826 699 865 1·
726 818 1006 875 Ἀποθάνοιο)
1036 821 1156 861 Ferri
1188 821 1250 861 sic
1284 830 1451 875 potest3
1482 821 1556 862 sed
1591 822 1742 862 Lucia.-

278 898 371 931 ητις,
401 881 447 918 ni
476 880 627 926 fallor,
669 879 911 930 scripserat,
953 876 1160 920 ἀποθάνοι
1187 877 1209 920 ὁ
1240 877 1621 933 προςενεγκάμενος.
1655 880 1744 918 So-

280 953 385 977 LAN.
445 937 516 974 De
546 935 632 974 hoc
673 933 816 973 Solam·
843 935 1004 986 judicio
1039 935 1140 974 satis
1168 944 1283 974 certo
1321 934 1519 988 equidem
1550 935 1742 987 judicare

275 1009 364 1033 non
384 1006 570 1045 possum,
592 990 753 1044 quippe
772 990 941 1037 dubius,
955 991 1126 1029 ubinam
1150 990 1318 1030 tandem
1340 990 1580 1040 offenderit,
1598 1002 1740 1030 utrum

277 1051 322 1088 in
344 1063 525 1103 persona
555 1046 763 1096 secunda,
796 1061 847 1084 an
871 1047 915 1084 in
947 1046 1095 1085 Media
1118 1047 1269 1086 forma.
1329 1047 1436 1086 Nam
1466 1047 1538 1086 illa
1567 1047 1739 1100 quidem

274 1107 378 1145 ferri
400 1104 528 1143 facile
545 1111 711 1157 potest,
743 1116 831 1140 non
861 1106 997 1141 solum
1021 1117 1096 1154 per
1127 1116 1191 1151 se,
1224 1103 1274 1141 de
1297 1117 1381 1156 quo
1406 1117 1530 1141 nemo
1554 1103 1738 1152 dubitet,

274 1162 347 1202 sed
368 1175 484 1199 nunc
508 1173 700 1213 quoque,
730 1158 807 1196 ubi
832 1159 955 1197 tertia
977 1172 1154 1211 persona
1177 1175 1236 1206 τις
1251 1159 1490 1211 praecessit.
1519 1159 1630 1197 Nam
1650 1173 1739 1198 non

274 1219 428 1258 desunt
448 1219 640 1269 exempla
673 1215 934 1254 transeuntis
956 1215 1163 1253 orationis
1193 1215 1237 1252 in
1262 1215 1494 1253 universali
1526 1215 1738 1254 sententia

273 1291 294 1314 a
320 1288 426 1313 voce
446 1275 502 1321 τὶς
523 1272 574 1311 ad
599 1271 827 1310 secundam
860 1286 1106 1324 personam,
1139 1280 1188 1309 ut
1207 1285 1333 1323 supra
1358 1285 1390 1312 c.
1414 1276 1483 1315 23.
1503 1271 1549 1310 in
1574 1271 1737 1324 Lycini

256 1330 438 1377 verbis,
471 1339 512 1368 et
540 1329 635 1368 vice
657 1342 774 1368 versa
798 1342 820 1366 a
845 1327 1029 1366 secunda
1049 1341 1229 1380 persona
1256 1326 1305 1364 ad
1331 1341 1477 1366 vocem
1500 1328 1559 1376 τὶς
1582 1342 1674 1380 cap.
1695 1332 1735 1370 4.

271 1387 348 1426 ubi
370 1385 590 1438 Lycinus:
627 1387 662 1426 εἰ
691 1382 785 1437 μηδ’
812 1386 854 1426 ἐν
885 1382 1058 1440 τοςούτῳ
1088 1382 1218 1439 χρόνῳ
1250 1381 1500 1426 δύναισθε
1527 1407 1585 1415 —-
1616 1387 1651 1426 εἰ
1669 1386 1738 1426 καὶ

271 1442 325 1498 μὴ
356 1466 411 1474 --
440 1443 650 1495 βαδίζοι
683 1458 754 1489 τις
785 1450 864 1479 etc.
915 1441 985 1478 De
1000 1440 1160 1479 Plurali
1182 1454 1327 1478 vocem
1346 1442 1402 1488 τὶς
1424 1450 1628 1493 sequente
1649 1441 1738 1494 egit

270 1500 466 1542 Abi-escle,
482 1499 654 1537 Dilucc.
677 1498 811 1538 Thuc.
833 1510 871 1548 p.
885 1501 980 1538 240.
1003 1505 1043 1534 et
1068 1498 1258 1547 exempla
1281 1497 1588 1549 echophontis
1605 1498 1736 1548 scrip-

269 1558 324 1594 tis
347 1558 524 1594 collecta
551 1553 678 1592 habet
698 1553 828 1592 Sturz.
849 1553 957 1592 Lex,
982 1551 1179 1604 Xenoph.
1203 1552 1410 1592 Tom.1V.
1433 1557 1584 1604 p.298.
1610 1556 1647 1601 0.
1665 1558 1731 1594 17.

267 1613 369 1651 Non
404 1620 538 1649 autem
565 1609 668 1648 ferri
702 1618 843 1661 potest
865 1607 1015 1646 Media
1050 1607 1154 1645 haec
1178 1607 1377 1660 Optativi
1412 1609 1568 1655 forma,
1601 1623 1731 1660 quum

269 1666 389 1708 verbi
407 1664 602 1719 θνήσκειν
622 1675 662 1704 et
685 1663 965 1717 ἀποθνήσκειν
987 1663 1216 1716 Optativus
1237 1663 1403 1702 Aoristi
1424 1678 1585 1716 semper
1608 1675 1733 1704 sonet

268 1721 542 1775 ἅποθᾶνοιμι,
574 1736 807 1775 nunquam,
843 1720 957 1773 quod
975 1721 1117 1768 sciam,
1151 1715 1447 1772 οἷποῦανοίμην.
1508 1721 1631 1759 Hanc
1652 1722 1731 1775 igi-

269 1791 340 1819 tur
367 1779 419 1818 ob
457 1793 643 1818 caussam
681 1775 929 1828 corrigenda
959 1790 1061 1814 sane
1098 1785 1186 1813 erat
1221 1790 1308 1814 vox
1336 1779 1528 1830 vulgata,
1558 1778 1731 1817 minime

267 1851 370 1876 vero
393 1836 474 1884 sic,
507 1846 555 1874 ut
581 1833 767 1884 conjecit
790 1831 982 1881 solanus,
1011 1846 1263 1886 quamquam
1293 1831 1395 1871 haec
1417 1835 1527 1871 ratio
1550 1835 1731 1886 simplex

267 1903 310 1931 et
339 1893 479 1931 facilis
511 1906 598 1931 esse
631 1889 841 1929 videatur.
905 1889 1014 1928 Nam
1039 1888 1244 1926 articulus
1272 1884 1398 1929 5hoc
1431 1889 1602 1941 quidem
1631 1894 1728 1928 loco

265 1951 394 2003 longe
419 1947 703 1988 alienissimus
734 1955 809 1984 est.
873 1944 1183 1997 Corrigendum
1214 1944 1361 1995 potius
1393 1941 1646 1994 ἀποθάνοις,
1682 1946 1726 1984 in

265 2019 352 2059 quo
373 2004 485 2043 haud
506 2004 621 2055 scio,
654 2018 705 2042 an
727 2017 866 2041 veram
885 2002 1061 2040 Luciani
1079 2013 1246 2037 manum
1273 2001 1509 2052 agnoveris.
1540 2002 1700 2042 Lm-nu.

375 2062 479 2101 Eacz.
498 2064 526 2099 1.
545 2065 584 2104 6.
612 2059 682 2100 ’Ev
706 2054 831 2112 ἀρχῇ)
862 2057 958 2105 Vid.
983 2069 1107 2107 supra
1131 2055 1212 2092 hoc
1229 2056 1347 2095 Dial.
1373 2069 1408 2095 c.
1432 2060 1469 2099 1.
1501 2057 1670 2098 SoLAN.

375 2117 482 2157 Ibid.
510 2113 563 2158 ‘O
582 2116 651 2168 μὲν
672 2118 760 2170 βίος
780 2111 956 2168 βραχύς)
986 2111 1137 2165 Virgil.
1166 2111 1220 2151 X.
1242 2111 1351 2151 Aen.

480 2197 535 2205 --
567 2173 675 2211 breve
692 2182 726 2210 et
752 2168 1008 2223 irreparabile
1030 2178 1176 2221 tempus

485 2228 676 2269 Omnibus
698 2238 753 2266 est
782 2229 894 2266 vitae.
930 2248 983 2255 -—

260 2285 410 2325 IIorat.
436 2285 519 2325 Od.
547 2290 587 2329 4.
609 2285 663 2325 L.
690 2284 724 2323 I.
741 2281 917 2323 Juvenal.
943 2282 1028 2320 Sat.
1051 2285 1090 2323 9.
1141 2280 1284 2321 Coos.

371 2343 472 2396 Pag.
496 2344 613 2386 88.1.
642 2346 678 2383 1.
717 2335 839 2381 Οἷσθ’
868 2333 939 2379 οὖν
971 2336 993 2380 ὂ
1019 2335 1221 2390 δράσεις-5)
1253 2339 1383 2379 Doct.
1404 2337 1595 2378 Abresch.
1616 2337 1722 2390 legit

259 2397 434 2451 δράσον,
466 2399 511 2437 in
543 2396 754 2436 animadv.
781 2395 831 2433 ad
863 2393 1046 2448 Aesclzyl.
1069 2396 1120 2432 T.
1145 2394 1180 2433 I.
1204 2408 1244 2445 p.
1267 2397 1364 2437 510.
1391 2402 1438 2431 ut
1457 2395 1514 2432 sit
1545 2407 1618 2445 per
1640 2392 1721 2445 hy—

259 2454 491 2505 perbaton,
526 2468 602 2506 pro
638 2452 787 2506 δράσον
816 2447 911 2501 οὖν,
946 2449 968 2492 ἃ
998 2449 1143 2497 οἶσθα,
1175 2458 1224 2486 ut
1257 2450 1300 2487 in
1334 2452 1439 2490 TOX.
1475 2463 1507 2490 e.
1531 2454 1596 2492 62.
1631 2444 1720 2489 ἀλλ’

259 2508 381 2550 οἶσθα
409 2508 432 2551 ὃ
462 2509 676 2562 δράσομεν.
735 2509 794 2546 Et
822 2522 874 2546 ex
906 2507 1040 2560 Eurip.
1063 2504 1161 2558 Ipll.
1187 2507 1314 2545 Taur.
1343 2510 1461 2548 1203.
1493 2503 1616 2546 οἶσθα
1645 2509 1721 2545 νῦν

258 2562 285 2604 ἅ
308 2582 374 2616 μοι
399 2568 596 2619 γενέσθω,
631 2565 808 2618 aliisque
829 2563 872 2600 id
899 2563 1072 2616 probat;
1107 2575 1183 2599 nec
1206 2560 1422 2613 displicet,
1458 2560 1558 2611 quia
1582 2561 1722 2599 inter-

257 2621 424 2673 rogatio
447 2621 518 2660 hic
552 2623 597 2660 in
617 2623 801 2661 Luciano
830 2621 970 2657 minus
995 2628 1103 2671 apta.
1138 2618 1301 2654 Rnrrz·
1363 2617 1578 2654 Reclamat
1600 2619 1718 2655 locus

256 2676 556 2716 Dia11.Mortt.
578 2678 704 2728 XIII,
717 2683 755 2722 6.
781 2676 856 2716 ubi
876 2674 986 2725 vide,
1021 2688 1128 2729 quae
1149 2672 1349 2712 adnotata
1372 2680 1484 2710 suut.
1519 2674 1641 2712 Tom.
1659 2673 1717 2711 II.

255 2745 298 2785 p.
317 2736 414 2777 574.
445 2733 599 2775 Lnnm.
