1834 3188
282 185 382 231 704
640 190 1398 222 AnNOTATioNus

284 296 407 345 deese,
439 293 710 339 facultatem,
754 288 1210 343 opportunitatemque
1242 290 1500 330 referantur:
1552 284 1624 329 sed
1654 304 1746 329 me-
1781 302 1785 305 ·

285 351 445 391 moriae
463 347 672 403 confisus,
705 355 754 384 ut
773 345 842 396 fit,
875 345 1058 384 scribere
1076 346 1259 400 neglexi.
1301 346 1439 386 GESN.

399 405 502 447 Ead.
523 407 552 443 1.
570 410 608 449 3.
638 404 826 452 ”Ησσον)
858 400 971 455 Quia
996 403 1141 454 probis
1163 402 1297 442 Codd.
1319 403 1497 453 nititur,
1529 411 1571 441 et
1593 401 1745 442 bellam

285 460 694 520 argumentationem
723 456 876 507 efficit,
907 458 1072 511 recepi,
1106 470 1145 498 et
1174 473 1250 511 pro
1281 475 1407 499 nonne
1434 482 1492 491 -—
1522 459 1749 514 aequalem,-

287 540 362 563 non
384 523 484 560 enim
507 519 714 566 minorem,
738 516 782 552 in
803 515 998 554 versione
1020 516 1214 567 reposui,
1236 525 1284 553 ut
1307 530 1430 569 quarn
1449 516 1626 554 minime
1645 518 1752 553 mul-

287 589 330 619 ta
355 579 399 616 in
433 575 592 615 Gesneri
610 572 963 625 interpretatione
991 583 1214 619 mutarem;
1251 586 1360 624 quae
1381 572 1433 611 ad
1459 575 1673 626 vulgatam
1703 567 1751 612 οὗ

285 634 361 691 γὰρ
392 655 447 663 --
477 634 566 673 ἴσον
600 628 859 681 composita,
900 628 961 665 sic
994 627 1194 667 habebat:
1236 645 1361 667 nonne
1398 632 1500 676 enim
1527 627 1651 668 voluit
1675 629 1754 682 ipsi

287 693 401 746 facio
429 687 629 743 aequalem
661 702 738 725 esse
762 684 1050 738 suppeditaiam
1081 684 1239 738 plenam
1259 685 1452 740 faciendi
1472 682 1754 741 facultatem?

276 740 429 802 ⁸Quam
461 745 698 783 versionem
733 750 780 779 ut
813 755 899 779 non
929 741 1103 794 rejicio,
1144 742 1204 780 sic
1236 751 1375 780 tamen
1410 741 1515 780 illud
1544 734 1672 796 ἧσσον
1699 753 1751 779 eo

289 803 524 859 planiorem
551 813 719 838 sensum
752 796 954 836 exhibere
983 797 1205 847 existimo,
1239 812 1325 850 quo
1359 799 1451 852 ipse
1475 799 1538 837 sic
1565 807 1627 836 est
1648 796 1768 835 sim-v

289 859 470 915 plicior,
503 857 538 895 si
567 856 658 895 sine
689 853 1028 909 interrogatione
1055 854 1268 906 procedat,
1329 855 1407 893 Est
1443 856 1554 894 enim
1584 866 1754 894 sensus:

290 919 385 957 Lex
403 931 481 955 non
512 915 639 952 minus
666 912 820 966 respicit
851 910 1075 961 consilium,
1109 928 1225 965 quam
1246 914 1371 965 ipsum
1389 911 1570 968 factum.
1616 907 1759 956 ’Ἀδειοι

291 975 403 1014 enim
437 970 698 1009 temerariam
731 976 860 1019 atque
890 966 1088 1007 audacem
1119 968 1384 1007 molitionem
1420 968 1490 1007 hic
1514 965 1758 1021 significare

291 1029 486 1074 videtur3
530 1040 681 1080 quare,
718 1024 753 1062 si
774 1025 951 1072 diceret,
987 1024 1129 1062 omnia
1163 1026 1224 1062 sic
1258 1024 1494 1064 redderem:
1536 1024 1630 1063 Non
1657 1024 1759 1062 enim

292 1085 416 1126 voluit
436 1081 566 1138 (lex)
587 1081 711 1139 sacto
730 1083 814 1134 ipso
836 1079 955 1119 levius
984 1083 1127 1119 censeri
1149 1080 1292 1119 audax
1319 1080 1550 1130 consilium,
1584 1082 1652 1120 vel
1676 1093 1756 1133 po-

293 1144 403 1185 tius.
436 1150 621 1180 conatum
644 1138 790 1187 istius,
824 1136 899 1190 qui
928 1151 977 1175 eo
1001 1137 1163 1175 minore
1195 1151 1287 1174 cum
1321 1151 1482 1189 poenae
1502 1145 1616 1175 metu
1648 1136 1758 1189 agit,

294 1197 411 1252 quod
435 1196 568 1235 tutius
587 1210 660 1247 per
680 1194 832 1242 alium,
868 1207 993 1245 quam
1018 1208 1090 1244 per
1107 1207 1149 1232 se
1174 1192 1340 1232 caedem
1362 1192 1542 1245 perficit.
1602 1192 1761 1231 Verum

294 1265 336 1296 et
362 1263 476 1293 recte
502 1252 719 1300 licentiam,
752 1250 844 1287 sive
866 1260 1095 1303 potestatem
1123 1249 1285 1302 agendi,
1321 1264 1443 1302 quam
1474 1249 1595 1288 alteri
1626 1248 1757 1297 facio,

298 1321 458 1360 vertas,
508 1311 627 1361 cujus
663 1305 928 1361 significatus
975 1309 1167 1358 exempla
1207 1302 1392 1360 Steplzarz.
1419 1306 1463 1343 in
1500 1304 1629 1345 Thes.
1656 1305 1762 1344 licet

295 1365 411 1406 haud
444 1365 572 1403 nimis
608 1372 824 1412 accurate,
856 1363 1045 1407 notavit;
1090 1362 1273 1415 ideoque
1305 1362 1384 1400 hac
1415 1363 1459 1400 in
1499 1372 1618 1415 parte
1648 1360 1762 1398 nihil

298 1422 469 1479 quidem
487 1421 652 1461 Gesner-o
675 1418 898 1469 adversor,
929 1419 1057 1457 modo
1081 1433 1127 1456 ea
1150 1418 1313 1473 agendi·
1327 1419 1509 1458 facultas
1533 1433 1607 1471 per
1625 1417 1765 1459 ἄδειαν

297 1480 590 1533 intelligatur,
624 1491 730 1530 quae
752 1475 878 1514 simul
900 1476 1166 1515 securitatem
1192 1475 1402 1528 quandam
1429 1486 1502 1513 aut
1524 1474 1776 1531 impunita-l

298 1547 380 1576 tem
412 1534 638 1589 promittit.
699 1532 807 1570 Nam
836 1541 878 1571 et
901 1542 1015 1570 recte
1046 1531 1125 1570 hoc
1155 1531 1315 1585 Josephi
1342 1532 1393 1571 de
1425 1534 1532 1572 Bell.
1565 1530 1662 1572 Jud.
1683 1530 1759 1569 IV.

299 1609 334 1632 c.
349 1597 389 1636 7.
413 1593 449 1646 ξ.
463 1597 501 1634 2.
524 1588 603 1631 Διά
628 1594 727 1643 γοῦν
746 1588 819 1640 τήν
840 1590 881 1630 ἐν
900 1588 1134 1641 μετροπόλει,
1159 1587 1298 1629 στάσιν
1317 1590 1383 1629 καὶ
1402 1586 1590 1640 ταραχὴν,
1622 1584 1764 1628 ἄδειαν

301 1648 409 1702 εἶχον
437 1647 524 1698 (sic
545 1645 657 1685 enim
677 1659 752 1697 pro
774 1646 864 1697 ἕχον
884 1647 1004 1698 lego)
1028 1647 1069 1685 οἵ
1087 1643 1185 1685 κατά
1207 1643 1281 1695 τὴν
1305 1641 1437 1697 χώραν
1456 1644 1651 1695 πονηροὶ,
1682 1648 1765 1685 τῶν

299 1705 512 1760 ἁρπαγῶν,
552 1711 800 1740 convertas:
846 1699 985 1754 Itaque
1014 1712 1173 1754 propter
1201 1701 1427 1739 seditionem
1462 1717 1511 1739 ac
1542 1699 1696 1739 turbam
1724 1702 1765 1739 in

301 1760 507 1816 metropoli
526 1758 682 1813 plenam
693 1757 940 1812 facultatem
957 1757 1152 1795 habebant
1169 1759 1392 1811 nequissimi
1408 1756 1571 1796 accolae
1588 1756 1643 1794 acl
1663 1760 1769 1810 rapi-

302 1835 387 1859 nas.
448 1817 604 1857 Verum
632 1829 677 1852 ea
701 1815 882 1852 facultas
914 1813 1131 1852 licentiam
1164 1824 1205 1852 et
1235 1814 1468 1866 impunitas
1489 1828 1603 1866 spem
1628 1814 1765 1852 invol-

304 1876 381 1916 vit.
443 1872 572 1912 Conf.
601 1880 740 1909 tamen
763 1869 1031 1923 praemissam
1062 1870 1185 1909 Jensii
1206 1880 1346 1908 notam
1363 1902 1374 1918 ,
1409 1884 1532 1924 quam
1558 1869 1658 1923 quia
1684 1870 1767 1908 alia

305 1930 472 1971 erudite
507 1926 661 1977 tradit,
705 1927 915 1980 integram
952 1926 1143 1978 servavi3
1197 1927 1306 1965 circa
1338 1926 1439 1966 haec
1471 1925 1595 1965 verba
1626 1936 1768 1965 autem

304 1986 419 2026 haud
447 1986 557 2034 scio,
590 1999 642 2022 an
675 1983 928 2023 sententiam
961 1983 1092 2021 fuerit
1118 1992 1379 2032 mutaturus,
1415 1982 1451 2021 si
1472 1982 1615 2022 Solani
1635 1993 1769 2021 muta-

305 2054 390 2082 tam
409 2042 640 2082 lectionem
661 2040 854 2079 vidisset.
915 2038 1164 2078 Adsentirer
1184 2039 1310 2078 facile
1331 2039 1381 2078 de
1399 2040 1676 2094 πεπραγμένου
1697 2038 1769 2077 hic

306 2100 446 2139 active
481 2096 757 2149 accipiendo,
810 2098 929 2147 cujus
963 2098 1154 2147 exempla
1184 2110 1352 2150 quoque
1383 2095 1480 2135 dedi
1513 2096 1563 2135 ad
1599 2103 1636 2139 1.
1671 2096 1768 2137 Ver.

306 2157 422 2196 Hist.
447 2170 478 2196 e.
502 2157 570 2198 35·
631 2153 711 2193 Sed
739 2151 956 2206 quomodo
988 2152 1048 2190 sic
1081 2151 1123 2193 τὸ
1154 2157 1223 2205 τῆς
1255 2149 1390 2201 ἀδείας
1416 2152 1656 2207 significet‚
1690 2155 1770 2206 ejus

306 2230 385 2252 esse
401 2213 691 2266 impunitatem,
724 2224 813 2248 non
836 2208 977 2259 video,
1004 2208 1102 2261 quia
1125 2218 1211 2247 tum
1236 2208 1406 2248 videtur
1426 2209 1616 2247 dicturus
1638 2209 1771 2247 fuisse

307 2270 533 2318 Lucianus,
565 2265 744 2321 ἐβούλετο
766 2267 976 2321 γίγνεσθαι
991 2262 1065 2317 τὴν
1081 2264 1231 2306 ἄδειαν.
1292 2266 1350 2304 At
1369 2268 1451 2319 jam
1469 2264 1512 2307 τὸ
1534 2270 1605 2318 τῆς
1624 2274 1687 2304 est
1707 2263 1770 2303 Zi-

310 2327 438 2366 ccniia
465 2327 565 2378 ipsa.
605 2325 769 2362 mez.
828 2322 998 2361 Locum
1033 2322 1146 2361 varie
1175 2332 1372 2361 vexatum
1403 2332 1444 2362 et
1469 2332 1676 2361 tentatum
1707 2321 1768 2359 ita

309 2384 407 2436 lego
431 2389 472 2419 et
496 2380 639 2433 capio:
671 2378 718 2420 τὰ
739 2381 805 2421 ἴσα
822 2380 892 2420 καὶ
911 2383 1052 2420 τοῦτον
1075 2379 1193 2428 (scil.
1214 2377 1285 2420 τὸν
1305 2378 1556 2433 παρασχόντα
1578 2374 1770 2431 ἀφορμήν

311 2443 382 2479 τοῦ
397 2435 559 2489 φόνου)
588 2433 699 2487 οἷξιοῖ
718 2434 742 2478 o‘
768 2433 894 2488 νόμος
916 2430 1260 2490 ἆιζτικολάζεσθαι,
1291 2435 1394 2488 μάλα
1415 2439 1592 2484 δικαίως·
1626 2434 1674 2478 οὕ
1693 2433 1768 2489 γὰρ

312 2492 495 2548 ἐβούλετο
521 2498 596 2535 τοῦ
626 2493 907 2547 πεπραγμένου
939 2491 1066 2544 ἧσσον
1090 2495 1299 2547 γίγνεσθαι
1328 2491 1372 2534 τὸ
1401 2499 1471 2545 τῆς
1501 2491 1660 2540 ἀδείας·
1701 2492 1771 2532 καὶ

313 2549 475 2604 περιττὴ
494 2548 636 2592 λοιπὸν
654 2547 678 2602 ἡ
702 2552 869 2600 ἐξέτασις
892 2553 965 2589 τοῦ
984 2548 1135 2597 τρόπου
1156 2554 1229 2600 τῆς
1250 2555 1421 2604 σφαγῆς.
1454 2549 1536 2590 εἶτα
1557 2559 1634 2587 etc.
1682 2548 1772 2586 Eo-

316 2606 400 2645 clem
415 2606 532 2647 modo
553 2608 669 2645 etiam
690 2607 792 2646 hunc
810 2610 935 2660 ipsum
947 2606 1056 2659 jubet
1077 2605 1146 2645 lex
1163 2608 1333 2645 vicissim
1349 2609 1502 2660 puniri,-
1531 2605 1648 2658 idque
1666 2607 1773 2643 omni

314 2664 419 2709 iure:
451 2679 528 2701 ηοη
552 2666 651 2701 enim
677 2663 832 2703 volebat
858 2665 957 2716 ejuS,
988 2662 1239 2717 q11ifacinus
1263 2665 1342 2716 ipse
1359 2664 1551 2716 patravit,
1583 2664 1769 2700 minorem

316 2734 394 2758 csse
422 2725 663 2758 securitatem
697 2722 848 2774 (quam
879 2720 970 2758 scil.
1005 2722 1117 2771 ejuS,
1161 2719 1235 2773 qui
1264 2720 1397 2758 suasit
1427 2728 1469 2757 et
1502 2717 1769 2758 occasionem
