1834 3188
425 154 1122 188 TYRANNIClDA·

84 254 237 299 λόντων
258 251 310 308 ¹¹)
343 259 480 297 κακῶν
500 255 678 304 ἐλπίδος,
718 254 783 296 καὶ
803 252 875 307 τὴν
892 255 1123 307 ἐλευθερίαν
1141 252 1308 308 βέβαιον
1328 271 1460 311 παρα-
1474 272 1511 307 p.
1527 273 1602 308 ιφ.

1363 144 1463 192 325

85 323 216 379 σχών,
249 320 417 373 οὗδενὸς
443 323 795 377 παραλελειμμένου
815 319 856 373 i)
886 321 1137 376 κληρονόμου
1157 327 1237 364 τῶν
1266 319 1462 378 ἀδικημά-

82 406 186 435 των·
218 389 357 447 μεταξυ
381 392 422 433 δὲ
447 389 692 441 κινδυνεύω,
723 394 894 439 τοςαῦτα
921 389 1203 446 κατορθώσας,
1244 386 1464 446 οἷγέραστος

80 460 274 504 οἶπελθεῖν
294 456 386 516 παρ’
406 457 534 512 υμῶν,
565 461 631 500 καὶ
651 456 777 512 μόνος
795 459 1002 512 στέρεσθαι
1019 465 1089 513 τῆς
1103 477 1211 514 παρα
1227 477 1306 501 των
1322 458 1460 514 νόμων

80 527 276 584 ἀμοιβῆς,
311 546 381 577 ους
400 522 630 578 διεφύλαξα.
665 524 684 568 ὅ
708 527 778 580 μὲν
808 527 882 567 οὐν
910 525 1121 582 ἀντιλέγων
1149 524 1306 579 οὖτοσὶ,
1347 531 1465 571 δοκεῖ

78 616 148 652 μοι
170 616 219 640 ου
242 591 502 651 κηδόιιενοςΙὶ
516 598 552 646 ),
585 594 637 644 ὥς
657 609 770 648 φησι,
800 600 879 636 τῶν
899 599 1048 636 κοινῶν
1065 600 1182 638 τοῦτο
1199 603 1344 643 ποιεῖν,
1376 593 1457 638 αλλ’

77 667 143 709 ἐπὶ
161 673 244 716 τοῖς
263 661 555 717 τετελευτηκόσι
572 665 864 717 λελυπημένος,
895 664 961 705 καὶ
980 659 1232 716 αμυνόμενος
1248 663 1318 707 τὸν
1349 666 1456 708 ἐκεί-

77 752 166 784 νοις
190 740 265 777 τοῦ
290 731 475 776 θανατου
503 734 630 774 αἴτιον
659 733 936 787 γεγενημένον.

990 727 1138 784 1’Τμεῖς
1166 734 1207 775 δὲ
1233 730 1457 788 ἀνάσχεσθέ
1479 741 1508 782 4

76 820 181 855 μου,
214 803 244 844 ὦ
273 801 413 855 ἄνδρες
443 801 649 850 δικασταὶ,
692 798 794 854 πρὸς
831 798 965 854 ὀλίγον
992 818 1040 840 τα
1067 801 1109 841 ἐν
1137 806 1188 856 τῇ
1218 806 1449 857 τυραννίδι,

72 874 213 925 καίπερ
235 869 381 912 εἰδόσιν
401 867 496 922 ὑμῖν
519 865 695 923 οἷκριβῶς
716 870 1010 924 διηγουμένου·
1039 869 1108 910 καὶ
1125 887 1199 924 γαρ
1218 868 1262 912 τὸ
1281 872 1499 930 μέγεθοςρ
1517 895 1595 931 143·

72 937 176 980 οὕτω
196 935 364 992 μάθοιτ’
389 936 440 979 ἄν
458 941 531 990 τῆς
559 934 784 992 εὐεργεσίας
811 942 881 989 τῆς
911 939 1027 990 ἐμῆς,
1069 955 1136 979 και
1166 934 1280 981 αὐτοὶ
1304 945 1453 992 μαλλον

68 1002 367 1061 εὐφρανεῖσθε,
397 1003 644 1061 λογιζόμενοι
676 1004 731 1046 ὡν
750 1001 1009 1060 οἷπηλλαγητε.
1043 1023 1090 1047 ου
1120 1023 1196 1061 γαρ
1228 1004 1355 1062 ω’ςπερ
1386 1007 1453 1050 α’λ-

67 1080 153 1124 λοις
177 1077 282 1117 τισὶν
315 1073 393 1128 ἠδη
412 1075 558 1128 συνέβη
590 1071 806 1125 πολλάκις,
841 1071 972 1126 ἁπλῆν
992 1075 1058 1115 καὶ
1078 1071 1191 1127 ἡμεῖς
1206 1078 1450 1130 τυραννίδα,

66 1144 133 1184 καὶ
152 1145 247 1195 μίαν
266 1145 452 1185 δουλείαν
470 1139 758 1195 ὑπεμείναμεν,
791 1139 878 1184 οὐδ’
901 1140 993 1191 ἑνὸς
1011 1139 1290 1198 ὑπηνέγκαμεν
1308 1145 1449 1187 ἐπιθυ-

66 1213 162 1265 μίαν
182 1207 219 1266 1)
251 1208 468 1262 δεσπότου,
501 1207 596 1252 ἀλλὰ
624 1208 744 1263 μόνοι
762 1215 837 1252 τῶν
857 1208 1018 1253 πώποτε
1037 1209 1084 1252 τοὶ
1113 1209 1232 1266 ὅμοια
1258 1215 1448 1269 δυςτυχη-

112 1325 162 1367 h)
188 1323 476 1369 μελλόντων]
504 1321 691 1368 μελόντων
710 1325 828 1359 Reilz.
850 1336 1048 1370 operarum
1070 1325 1190 1370 culpa.

1238 1325 1272 1366 i)
1296 1338 1447 1369 παρα-

158 1370 494 1415 λελειμμένον]
519 1369 828 1414 παραλελειμένου
853 1375 969 1404 Reztz.
992 1372 1057 1416 qui
1087 1383 1191 1405 error
1209 1383 1228 1405 e
1245 1373 1287 1404 Β.
1309 1384 1341 1414 3.
1360 1384 1447 1416 pro-

153 1418 274 1451 fectus
298 1425 332 1450 et
351 1419 389 1450 in
406 1423 562 1450 recentt.
581 1418 698 1450 Editt.
715 1418 875 1454 transiit.
915 1419 1068 1451 Cetexae
1085 1418 1180 1450 Edd.
1199 1423 1288 1450 vett.
1312 1418 1448 1462 duplex

153 1476 181 1507 μ
198 1464 382 1497 exhibent.

154 1511 294 1554 μίαν]
321 1508 506 1553 ἐπιτιμίαν
536 1511 635 1552 conj.
652 1510 729 1542 Bel.
754 1516 920 1543 vertens:

339 1556 492 1600 Optime
510 1555 648 1589 habere
662 1556 872 1599 vulgatam,
896 1556 955 1589 vel
975 1557 1166 1601 sequentia
1186 1556 1319 1590 docere
1337 1563 1447 1602 pote-

152 1558 289 1601 eptius.

430 1463 478 1506 k)
504 1461 799 1508 κηδόμενος]
827 1462 1046 1507 φειδόμενος
1064 1473 1164 1508 2954.

1214 1464 1256 1508 1)
1281 1461 1334 1498 ἐπ
1347 1466 1449 1499 ιθυ-

1264 1510 1398 1543 Nihil·
1388 1522 1446 1543 m-

957 1511 1006 1543 les
1031 1511 1216 1543 vwlences.

152 1609 258 1644 rant,
284 1602 346 1637 καὶ
364 1603 458 1647 πρὸς
474 1600 539 1641 τοὶς
565 1599 767 1645 ἐπιθυμίας
786 1599 1024 1660 βραδύτερος.
1070 1604 1148 1636 Nec
1168 1602 1301 1645 fugere
1316 1614 1448 1648 quem-

152 1661 266 1693 quam
287 1655 434 1693 potest,

461 1648 549 1693 qnid
571 1648 610 1680 in
634 1654 796 1690 tyranno
815 1649 866 1682 sit
890 1645 913 1693 ἡ
933 1648 1126 1692 ἐπιθυμία

1175 1650 1261 1692 Ipse
1277 1650 1326 1680 Et
1329 1663 1349 1680 α
1354 1663 1446 1681 smus

147 1695 261 1728 vertit
278 1695 480 1728 vi'olentzam
489 1720 499 1738 ‚
526 1695 624 1728 unde
632 1694 777 1728 Belinus
794 1695 963 1729 fortassis
977 1696 1236 1739 importunam
1253 1696 1448 1738 conjectu-

58 1788 349 1839 liberaverim,
389 1787 462 1827 sed
492 1788 722 1827 imminen-

58 1845 164 1883 tium
208 1845 334 1884 etiam
382 1859 455 1898 spe
491 1847 721 1897 malorum,

0 1906 1 1909 ’
57 1902 384 1954 libertatemque
414 1901 571 1940 firmam
595 1915 723 1953 prae-

57 1957 260 2008 stiterim,
295 1961 413 1997 nullo
434 1958 584 1998 relicto
608 1959 722 2011 inju-

56 2013 213 2051 riarum
241 2014 409 2054 herede.
467 2014 646 2053 Interim
675 2015 720 2053 in

56 2069 294 2122 periculum
332 2071 486 2119 venio,
535 2085 589 2109 ne
621 2081 720 2124 post

56 2140 141 2164 rem
174 2129 386 2178 praeclare
419 2126 523 2165 adeo
560 2137 718 2180 gestam

40 2181 269 2221 discedam
294 2197 314 2220 a
340 2181 461 2221 vobis
483 2183 575 2220 sine
595 2195 719 2235 prae-

54 2238 165 2287 mio,
198 2240 394 2292 solusque
417 2242 584 2302 legum,
616 2253 718 2292 quas

56 2295 107 2333 ab
127 2297 370 2347 oppressione
386 2295 574 2344 servavi,
607 2309 718 2333 com-

54 2351 307 2405 pensatione
328 2366 503 2390 caream.
564 2351 625 2388 Ac
649 2352 717 2388 vi-

57 2408 182 2446 detur
213 2421 328 2445 meus
352 2408 431 2446 iste
451 2407 715 2446 adversarius

57 2477 142 2501 non
176 2463 373 2516 publicae
403 2464 464 2502 rei
496 2478 617 2513 curn,
666 2473 716 2501 ut

56 2517 191 2557 videri
215 2522 319 2568 vult,
353 2519 435 2558 hoc
457 2520 615 2568 facere,
642 2518 714 2558 sed

57 2574 171 2626 quod
209 2574 325 2615 dolet
359 2577 622 2622 interfectis,
674 2586 716 2614 et

59 2630 208 2668 ulcisci
230 2632 348 2684 cupit
368 2647 477 2679 eum,
504 2633 576 2688 qui
600 2647 714 2670 caus·

57 2700 99 2723 sa
124 2686 207 2723 illis
231 2689 377 2727 mortis
399 2690 498 2728 fuit.
535 2690 568 2728 V
576 2703 620 2728 os
645 2703 714 2727 au·

780 1797 878 1839 tem,
900 1788 1079 1842 judices,
1104 1790 1212 1829 ferte
1230 1802 1294 1828 me
1316 1802 1446 1842 quae·

779 1859 827 1884 so
858 1849 1120 1898 paullulum,
1162 1844 1260 1883 dum
1292 1844 1441 1894 vobis,

781 1912 975 1941 accurate
992 1903 1095 1941 licet
1114 1901 1363 1951 scientibus,
1378 1915 1442 1948 ea,

780 1974 887 2014 quae
919 1969 1018 1997 sunt
1044 1960 1088 1996 iu
1110 1957 1362 2010 tyrannide,
1397 1972 1444 1996 e·-

779 2029 928 2054 nflrro:
962 2014 1024 2054 sic
1057 2014 1168 2055 enim
1200 2024 1241 2054 et
1272 2014 1442 2069 magni-

778 2071 971 2111 tudinem
1002 2071 1197 2112 beneficii
1225 2071 1309 2109 mei
1337 2085 1443 2124 cog..

778 2129 987 2179 noscetis,
1020 2138 1062 2168 et
1081 2128 1162 2181 ipsi
1183 2128 1314 2182 magis
1340 2143 1441 2181 gau-

778 2183 957 2233 debitis,
992 2185 1252 2239 cogitantes,
1285 2185 1439 2235 quibus

777 2241 895 2280 malis
921 2241 1089 2282 liberati
1120 2242 1225 2282 sitis.
1285 2241 1440 2292 Neque

777 2297 918 2348 enim,
951 2308 999 2337 ut
1033 2298 1128 2337 aliis
1152 2312 1276 2350 saepe
1301 2295 1439 2334 conti-

775 2353 864 2405 git,
897 2354 1132 2407 simplicem
1155 2368 1231 2392 nos
1268 2365 1441 2406 quoque

773 2410 1067 2460 tyrannidem,
1116 2420 1157 2448 et
1190 2410 1441 2448 servitutem

773 2478 899 2502 unam
928 2467 1234 2504 sustinuimus.
1278 2478 1355 2503 nec
1387 2479 1442 2502 u·-

774 2520 871 2558 nius
892 2521 1169 2574 cupiditatem
1190 2520 1353 2559 domini
1371 2529 1435 2558 to·

772 2577 1013 2625 lemvimus,
1028 2578 1098 2617 sed
1122 2577 1202 2616 soli
1227 2577 1433 2624 omnium,

775 2633 851 2683 qui
885 2649 1069 2685 uuquam
1094 2635 1136 2672 in
1159 2634 1290 2672 simili
1318 2636 1434 2671 cala-

774 2689 920 2728 mitate
943 2692 1108 2735 vixere,
1152 2689 1258 2729 duos
1278 2704 1354 2743 pro
1376 2705 1435 2727 u-
