1834 3188
288 217 388 267 532
644 232 1397 264 ADNOTATIONES

289 330 477 387 deflexit,
509 329 653 384 redegit
672 348 730 381 se,
763 330 854 371 sive
887 329 1067 370 redactus
1091 342 1158 370 est.
1219 332 1365 372 Veluti
1384 331 1506 375 Diocl.
1528 333 1610 373 Sic.
1628 333 1749 374 XIX.

287 402 330 442 p.
360 391 458 431 297.
491 387 571 426 Ed.
593 387 692 428 Bas.
714 390 769 436 εἰς
797 386 1056 440 τηλικούτους
1083 389 1266 443 περιέστη
1296 388 1533 439 κινδύνους,
1562 393 1603 429 in
1638 402 1750 430 tanta

286 443 465 499 pericula
482 443 662 484 redactus
683 455 751 496 est,
767 443 919 486 incidit.
952 446 1115 485 Rmrz.
1166 447 1249 485 Pro
1271 449 1451 499 περιΐστη
1474 445 1607 489 Codd.
1621 453 1748 491 3011.

289 511 331 540 et
343 501 460 540 Gorl.
484 500 645 539 habent
664 504 865 553 περιίστα,
896 501 1145 556 genuinam,
1178 512 1226 541 ut
1249 502 1357 541 mihi
1383 502 1630 553 videbatur,
1663 504 1752 542 for-

287 571 418 608 mam,
452 571 474 595 a
492 557 628 596 forma
651 556 771 599 ἷστάω
793 556 1100 609 deducendam,
1136 557 1488 610 quemadmodum
1509 560 1632 602 ἐτίθει
1651 574 1673 597 a
1695 577 1752 600 τι·

287 615 396 664 θέω,
431 623 474 652 et
493 613 653 652 similia
682 614 776 656 alia.
820 615 987 654 Praeter
1006 617 1094 657 ἵστα
1120 615 1363 668 Thucydidis
1380 616 1448 666 ΙΙ,
1478 621 1572 660 106.
1593 626 1636 656 et
1659 633 1750 656 κατ·

289 672 376 712 tom
401 668 533 723 ejusd.
552 669 633 717 VI,
659 675 751 715 63„
785 685 892 724 quae
921 676 1109 726 exempla
1139 673 1344 712 Fischerus
1372 671 1491 712 affert
1517 673 1562 711 in
1595 673 1751 711 Anim-

290 726 413 766 advv.
448 725 500 765 ad
538 725 693 768 Weller.
725 729 773 766 T.
796 728 854 767 II.
884 742 926 781 p.
947 732 1043 772 453.
1079 739 1121 768 et
1152 730 1355 769 Matthiae
1379 729 1425 767 in
1458 729 1640 768 Gramm.
1673 729 1748 769 Gr.

288 797 330 836 p.
349 787 446 827 267.
470 782 542 821 ille
564 792 702 822 tamen
726 784 833 823 falso
855 783 1099 824 adscribens
1117 785 1346 837 Herodoto,
1380 787 1568 839 pertinet
1583 785 1668 824 huc
1689 794 1751 823 et-

288 839 370 877 iam
392 838 550 893 Polyhii
578 841 743 881 συνίστα
761 840 854 891 ΙΙΙ,
876 846 923 890 2,
952 847 1016 886 11.
1038 852 1081 882 et
1109 843 1306 882 Athenaei
1327 845 1515 895 προςίστα
1539 857 1579 896 Ρ.
1599 846 1696 885 243·
1720 841 1753 879 f·

288 895 466 935 Mireris
487 895 656 950 itaque,
687 897 762 951 qui
783 896 827 939 h.
849 900 875 939 l.
898 903 1079 952 περιΐστα
1097 899 1238 939 Βαῖἰηο
1257 902 1364 939 male
1386 901 1590 953 scriptum
1614 896 1752 938 videti

288 952 495 1005 potuerit,
527 967 655 1006 quum
679 963 827 993 contra
843 958 1020 1010 περιΐστη
1040 957 1265 996 manifesta
1287 957 1346 996 sit
1360 955 1637 996 Grammatici
1659 968 1752 994 cor-

288 1008 436 1048 rectio.
467 1009 623 1049 me.

402 1063 509 1105 Ibid.
542 1064 760 1121 Περιΐστη)
792 1067 921 1107 conf.
943 1083 1068 1122 supra
1090 1069 1283 1110 Hermot.
1308 1084 1340 1112 e.
1359 1072 1436 1112 ult,
1458 1071 1489 1110 f.
1523 1068 1692 1108 SOLAN.

401 1121 502 1176 Pag-
532 1127 623 1167 166.
645 1125 673 1163 l.
692 1129 732 1167 3.
760 1119 1046 1182 Ἐμονῴὸουν)
1079 1125 1251 1166 Scholia
1281 1126 1391 1165 hanc
1417 1139 1565 1166 vocem
1591 1124 1753 1176 optime

290 1187 526 1232 exponunt.
584 1178 707 1219 Adde
732 1195 767 1221 ο.
787 1185 855 1224 27.
875 1192 918 1221 et
937 1184 1076 1221 locum
1099 1182 1215 1221 hunc
1235 1182 1470 1223 Philostrati
1492 1181 1537 1219 in
1561 1179 1753 1220 Aristide

288 1248 332 1289 p.
361 1237 458 1278 582.
480 1232 586 1276 οὕτω
609 1233 846 1289 ὠλοφύρατο
867 1236 969 1292 πρὸς
987 1237 1056 1280 τὸν
1075 1237 1274 1292 Moiqnov,
1308 1237 1362 1288 ὥς
1385 1244 1436 1295 τῇ
1453 1239 1522 1292 μὲν
1545 1236 1642 1292 ἄλλῃ
1657 1252 1755 1289 μον-

290 1292 392 1346 ῳδίςι
420 1289 535 1342 θαμὰ
563 1291 808 1343 ἐπιστενάξαι
836 1293 904 1336 τὸν
923 1299 1082 1349 βασιλέα
1111 1305 1191 1335 etc.
1250 1296 1362 1335 Vide
1391 1305 1434 1336 et
1456 1304 1544 1336 not.
1569 1293 1620 1333 ad
1645 1306 1754 1332 eun-

291 1345 384 1386 dem
409 1347 596 1388 Philostr.
619 1363 660 1402 p.
686 1354 778 1396 158.
798 1360 841 1390 et
859 1360 1023 1392 textum
1053 1352 1194 1406 ipsum
1213 1367 1253 1406 p.
1277 1357 1371 1396 607.
1397 1352 1474 1390 ubi
1492 1352 1695 1406 μονῳδίαν
1711 1359 1755 1389 et

285 1408 449 1459 θρῆνον
478 1407 716 1461 conjungit.
775 1408 847 1448 De
866 1422 993 1448 sensu
1016 1409 1179 1463 tragico
1200 1408 1300 1449 vide
1321 1408 1502 1449 eundem
1523 1412 1620 1452 244.
1645 1422 1755 1459 παρ-

288 1458 553 1515 αιτησάμενος
584 1460 627 1504 τό
648 1468 730 1505 τῶν
757 1468 971 1520 μονῳδιῶν
1000 1464 1141 1520 μῆκος.
1181 1465 1351 1506 Somm.
1411 1465 1582 1520 Hesych.
1616 1479 1757 1520 μονῳ-

289 1519 371 1559 δεῑ·
403 1524 660 1572 μονοθρηνεῖ.
709 1525 910 1578 Μονῳδία
929 1524 1097 1579 λέγεται,
1117 1520 1182 1565 ὅτε
1203 1520 1260 1572 εἷς
1279 1522 1405 1577 μόνος
1421 1520 1493 1575 τὴν
1515 1520 1650 1578 ᾠδὴν,
1683 1519 1755 1574 οὐχ

289 1569 394 1628 ὁμοῦ
414 1571 435 1616 ὅ
458 1574 595 1629 χορὸς,
627 1573 726 1619 Sidet·
765 1578 924 1621 Lama.

402 1630 508 1670 Ibid.
535 1628 676 1684 ΓΡῆσιν
709 1637 823 1683 etc.)
852 1635 1022 1674 Locum
1051 1649 1103 1674 ex
1125 1634 1270 1688 aliquo
1290 1639 1418 1688 poeta
1438 1632 1519 1674 hac
1543 1648 1649 1674 voce
1674 1633 1754 1674 de-

289 1686 450 1741 signari
483 1684 632 1727 docuit
662 1688 833 1731 Casaub.
864 1690 918 1730 ad
949 1692 1143 1745 Theoplcr.
1175 1691 1300 1731 Char.
1324 1706 1366 1744 p.
1392 1696 1488 1736 286.
1520 1689 1596 1729 ubi
1623 1690 1752 1737 etiarn

291 1743 431 1783 obiter
455 1742 658 1798 Euripidis
683 1744 840 1802 μακράς
867 1745 1005 1804 ῥήσεις
1031 1763 1053 1786 a
1082 1747 1298 1788 veteribus
1329 1748 1506 1788 Criticis
1536 1747 1654 1799 carpi
1673 1747 1748 1786 ait.

290 1798 419 1852 QUOd
444 1809 583 1840 autem
607 1801 802 1853 additur,
835 1805 878 1846 ἐν
898 1806 1003 1858 μέλει
1021 1808 1056 1846 ὃ.
1090 1805 1136 1843 in
1156 1805 1208 1844 A.
1228 1805 1274 1844 P.
1296 1814 1340 1844 et
1357 1804 1411 1846 L.
1433 1804 1556 1843 aliter
1576 1804 1749 1857 legitur,

287 1870 460 1909 nempe,
493 1859 535 1900 ἐν
565 1858 674 1912 μέρει,
702 1863 740 1902 δ.
771 1869 821 1900 ut
843 1861 1029 1904 Conviv.
1063 1876 1153 1915 cap·
1176 1865 1243 1905 17·
1263 1859 1380 1916 quod
1407 1861 1546 1901 fateor
1573 1874 1639 1900 me
1659 1873 1747 1898 ¹²0⁰

288 1912 542 1967 intelligere.
578 1915 748 1957 SOLAN.

397 1969 501 2011 Ead.
522 1973 550 2012 l.
571 1975 611 2015 4.
634 1969 706 2014 Ἐν
724 1973 856 2031 μέλει)
887 1974 1015 2030 Angl.
1048 1976 1091 2017 ἐν
1112 1975 1232 2028 μέρει.
1264 1975 1440 2015 Bonan.
1499 1972 1614 2012 Mox
1633 1970 1683 2009 ad
1705 1985 1746 2009 v.

289 2021 428 2079 ὠχρῶν
457 2028 626 2067 notavit
642 2028 880 2086 Rudolphus
907 2031 1034 2073 haec:
1071 2032 1225 2081 „Solet
1243 2033 1380 2084 pallor
1410 2027 1544 2068 tribui
1565 2028 1751 2066 amanti-

287 2080 383 2133 bus,
401 2081 452 2122 de
477 2083 633 2136 quibus
653 2085 779 2125 etiam
797 2087 869 2127 hic
890 2088 1182 2143 cogitandum.
1213 2086 1300 2126 vid.
1322 2100 1437 2142 seqq.
1465 2086 1518 2127 cf.
1538 2086 1592 2124 D’
1608 2083 1770 2139 orvill„

290 2136 342 2177 ad
376 2137 521 2179 Charit.
548 2155 588 2194 p.
617 2145 712 2185 425.
747 2143 870 2197 Lips,
900 2144 977 2183 ubi
1015 2145 1142 2185 etiam
1168 2141 1352 2192 λεπτός.“
1423 2141 1486 2181 Ac
1519 2140 1744 2194 deinceps:

288 2196 536 2249 ,,ἕβὸομαῖος
557 2197 759 2253 τραγῳδὸς
770 2200 876 2239 mihi
895 2210 973 2251 est,
987 2201 1061 2254 qui
1080 2201 1263 2254 septimo
1285 2200 1354 2239 die
1373 2199 1518 2251 coepit
1535 2212 1750 2251 essetqay-

290 2249 408 2302 ῳόός.
455 2253 645 2306 Septimo
666 2265 804 2296 autem
828 2255 899 2296 die
928 2272 951 2297 a
975 2257 1092 2298 febre
1120 2258 1194 2297 isti
1213 2257 1414 2297 dicuntur
1434 2255 1618 2295 liberati.
1657 2255 1746 2294 Le-

287 2307 390 2361 pide
409 2322 511 2362 pro:
529 2309 811 2366 febricitantes
835 2313 1060 2368 tragoedi.“
1098 2316 1253 2354 Lmffl.
1649 2348 1651 2351 .

401 2365 504 2404 Ead.
526 2369 553 2408 1.
577 2372 618 2411 6.
649 2366 709 2409 Σύ
740 2365 778 2411 δ’
818 2365 851 2412 ὦ
878 2375 987 2420 etc.)
1016 2371 1317 2425 Fragmentum
1343 2369 1427 2409 hoc
1449 2365 1744 2408 Andromedae

289 2417 491 2476 Euripidis
519 2433 658 2464 exstat
685 2424 733 2463 in
766 2425 969 2467 addendis
1008 2426 1215 2467 editionis
1251 2428 1435 2467 Bar-nesii
1459 2441 1511 2466 ex
1539 2425 1742 2465 Athenaeo

290 2478 472 2529 petitum
504 2480 664 2544 (¹·.¹3’
690 2486 725 2525 1.
755 2482 831 2522 sub
864 2482 936 2524 fin.
966 2499 1008 2538 p.
1035 2489 1134 2529 561.
1162 2484 1236 2538 Β.)
1267 2484 1383 2540 quod.
1408 2483 1478 2522 hic
1508 2480 1742 2520 describere

294 2544 317 2569 0
351 2548 417 2574 era
498 2545 649 2575 retium
703 2537 738 2576 ri
770 2553 783 2580 ε

322 2546 347 2584 Ρ
421 2550 443 2576 e
466 2550 612 2634 P’AM'
633 2549 849 2650 ὦῖύρῐαννε
863 2602 970 2639 θεῶν
984 2615 1026 2639 τε
1047 2593 1092 2639 κ’
1115 2593 1367 2652 ἀνθρώπων,
1397 2594 1544 2651 ’Έρωίὺ

500 2646 568 2690 Ἶ’.Η
592 2648 645 2702 μὴ
667 2654 826 2695 δίδασκε
844 2652 892 2708 τρὶ
908 2653 1009 2696 κακὰ
1032 2656 1251 2707 φαίνεσθαι
1269 2652 1382 2702 καλοὶ,

500 2700 569 2746 ἮΗ
582 2713 666 2755 τοὶς
688 2709 830 2761 ἐρῶσιν
854 2710 909 2751 ὠν
936 2711 984 2752 σύ
1009 2710 1251 2764 δημιουργὸς
1270 2709 1326 2757 εἴ,

515 2764 737 2815 Μοχθοῦσι
758 2766 940 2818 μόχθους
960 2764 1131 2821 εὐτυχῶς
1150 2763 1399 2816 συνεκπόνει,
