1834 3188
377 174 1299 228 1x-Tx·1{2txx1c11).1tm.
1458 165 1558 213 705

93 273 438 333 3uppeditavit):
470 283 633 311 ceterum
653 274 769 311 etiam
785 288 1070 326 supervacanea
1090 285 1145 314 est
1162 278 1405 330 investigatio
1424 278 1554 328 modi,

93 351 172 391 quo
201 331 336 374 caedes
365 332 417 370 sit
436 328 577 386 facia.
635 328 789 383 Ergone
809 338 888 369 etc.
946 329 1038 370 Jam
1061 329 1150 383 his,
1182 346 1287 387 quae
1305 346 1555 388 sequuntur,

93 387 438 432 accommodatur
464 386 570 440 legis
597 385 842 439 praeceptio
867 385 929 436 ei,
964 385 1014 426 de
1039 401 1121 440 qua
1148 403 1263 427 nunc
1279 389 1442 443 agitur,
1476 393 1554 431 rei.

89 449 201 489 Nam
223 444 374 486 verba:
404 443 472 484 καὶ
491 439 650 495 περιττὴ
675 456 806 495 usque
828 441 880 481 ad
901 441 982 485 εἶτα
1003 457 1089 483 non
1113 459 1207 484 cum
1236 446 1457 486 Wielamlio
1479 463 1555 501 pro

91 504 243 545 alienis
266 501 418 550 habeo,
444 513 549 553 quae
572 498 762 537 ordinem
788 497 1161 540 demonstrationis
1185 502 1442 555 impediant,
1470 519 1557 543 mo-

92 562 147 601 do
173 560 410 600 referantur
439 555 489 594 ad
524 554 594 605 id,
628 554 742 610 quod
763 557 832 594 lex
857 557 1088 610 praecipit,
1122 573 1207 597 non
1232 559 1283 596 ad
1314 561 1552 612 sequentia,

90 629 133 658 et
155 616 391 655 habeantur
417 627 494 666 pro
519 610 831 661 additamento,
865 613 978 665 quod
1010 614 1129 668 quasi
1158 615 1202 652 in
1231 616 1474 668 parenthesi
1499 618 1556 656 sit

85 672 402 726 interpositum.
464 667 704 707 Secundum
725 669 857 721 legem
886 669 1024 721 illam,
1057 671 1131 720 ait,
1164 686 1249 710 non
1271 687 1378 724 opus
1398 683 1474 719 est,
1507 683 1555 711 nt

87 737 283 771 accurate
310 727 436 767 etiam
464 725 508 763 in
540 724 711 763 modum
747 723 886 763 caedis
909 734 1097 778 patratae
1130 727 1392 780 inquiratur,·
1426 729 1553 768 modo

87 796 249 827 certum
283 785 339 822 sit
367 793 409 822 et
440 784 707 833 exploratum
738 780 907 819 facinus
936 782 1088 835 ipsum.
1149 784 1321 824 Deinde
1353 785 1468 839 quod
1500 784 1553 824 ad

84 842 128 886 τό
150 846 219 895 τῆς
241 838 378 888 ἀδείας
399 837 576 887 attinet,
608 836 730 876 valde
748 837 900 887 miror,
935 848 1016 877 tam
1041 842 1170 894 longe
1191 840 1399 881 aberrasse
1421 842 1554 881 inter-

84 908 222 954 pretes
247 912 269 936 a
294 910 392 937 vera
422 905 464 934 et
485 893 670 947 genuina
693 896 781 945 ejus
810 894 1002 934 notione.
1063 898 1204 935 Taceo
1228 896 1385 936 Gesneri
1402 897 1552 937 admo-

84 956 184 995 dum
206 953 438 1009 quaesitam
461 950 870 1002 interpretationem,
906 965 987 1004 qua
1010 952 1137 991 nimis
1161 952 1344 991 confisus
1371 954 1551 993 lVielan-

82 1012 171 1052 clius
195 1025 239 1049 se
263 1010 353 1061 ipse
378 1006 617 1060 impedivit.
679 1006 834 1044 Verum
869 1021 1006 1060 neque
1037 1007 1101 1057 id,
1140 1008 1252 1063 quod
1280 1010 1548 1049 tolerabilius

40 1114 45 1121 Ι
83 1068 135 1108 de
154 1069 384 1121 impunitate
400 1062 619 1102 Dor-villius
638 1061 688 1101 ad
712 1061 859 1102 Clam-it.
886 1077 925 1116 p,
951 1067 1045 1108 255.
1064 1065 1144 1104 Ed.
1167 1065 1284 1104 Beck,
1308 1077 1351 1103 et·
1368 1067 1441 1104 alii
1462 1078 1551 1105 sta-

81 1132 280 1170 tuerunt,
315 1120 483 1161 admitti
514 1128 674 1172 potest,
710 1119 793 1156 nisi
826 1120 952 1157 simul
982 1131 1144 1173 turpem
1178 1121 1374 1160 admittas
1410 1123 1550 1162 circu-

77 1185 166 1222 lum
191 1180 236 1218 in
258 1175 601 1218 demonstrando.
663 1175 778 1227 Cape
798 1176 942 1227 potius
963 1176 1012 1215 de
1037 1181 1259 1226 securitate,
1296 1192 1418 1231 quam
1443 1195 1548 1232 pro..

80 1239 172 1292 prie
194 1236 278 1275 hoc
304 1233 557 1274 vocabulum
582 1231 820 1284 significat,
855 1241 895 1270 et
920 1232 1092 1272 habebis
1113 1237 1192 1285 jam
1218 1234 1425 1286 optimum
1449 1251 1549 1275 sen-

78 1309 170 1334 sum
185 1327 195 1342 ‚
229 1291 521 1346 optimumque
540 1288 666 1326 simul
688 1288 990 1327 sententiarum
1014 1304 1182 1331 nexum.
1210 1285 1368 1333 ῖΗσσου
1390 1290 1544 1338 autem,

78 1349 197 1405 quod
216 1349 300 1388 duo
324 1346 460 1387 Codd.
485 1353 730 1393 servarunt,
765 1359 860 1383 vera
880 1356 942 1382 est
970 1346 1123 1395 lectio,
1158 1362 1209 1386 ex
1233 1362 1312 1400 qua
1338 1348 1390 1386 ob
1413 1349 1546 1387 ambi·

78 1421 200 1463 guam
223 1402 621 1459 pronuntiationem
646 1401 806 1439 factum
836 1410 898 1439 est
921 1403 1032 1449 ἴσους
1068 1417 1205 1456 neque
1231 1419 1323 1442 cum
1348 1405 1548 1445 Boi-villis)

76 1467 150 1509 1,1,
169 1460 416 1501 mutandum
442 1468 504 1498 est
525 1457 568 1496 in
592 1461 746 1510 μεῖζον,
781 1459 899 1508 cujus
922 1472 1068 1497 sensus
1094 1460 1229 1498 indoli
1252 1462 1337 1498 loci
1361 1462 1548 1501 manife—

77 1532 146 1560 sto
182 1518 439 1557 adversatur.
497 1514 686 1554 Omnino
718 1513 938 1553 Dorvillins
966 1516 1104 1554 levius
1130 1525 1264 1554 totum
1290 1519 1429 1555 locum
1453 1533 1546 1569 per-

76 1576 255 1618 currisse
280 1573 463 1612 videtur.
525 1570 731 1624 Denique
754 1584 840 1607 non
864 1584 927 1608 me
947 1574 1053 1609 male
1077 1571 1225 1621 habet,
1256 1572 1368 1627 quod
1393 1570 1543 1613 ¹verba:

77 1631 181 1688 μάλα
211 1631 376 1678 δικαίως
408 1653 456 1657 -
489 1629 696 1682 γίγνεσθαι
729 1626 773 1663 in
804 1625 910 1666 Cod.
942 1627 1058 1665 Gorl.
1092 1627 1285 1677 desunt‚‘
1313 1643 1359 1667 ac
1390 1629 1545 1669 deinde

79 1688 322 1730 adnectitur
350 1683 725 1738 praecedentibus,
758 1687 815 1738 τῷ
839 1686 909 1735 τῆς
938 1678 1085 1732 ἀδείας.
1150 1684 1318 1738 Quodsi
1347 1695 1463 1730 totus
1483 1689 1547 1725 Io-

80 1761 151 1786 cus
169 1757 305 1797 usque
325 1741 376 1781 ad
397 1745 467 1792 τῆς
495 1744 652 1794 σφαγῆς
673 1739 858 1791 abesset,
889 1738 1034 1778 haberi
1055 1740 1201 1794 aliquo
1225 1751 1336 1780 certe
1356 1744 1448 1793 jure
1466 1756 1543 1795 pro

77 1803 216 1844 aliena
238 1798 537 1839 observatione
567 1805 722 1849 posset.
785 1794 854 1832 Sic
886 1809 1006 1844 vero,
1041 1812 1167 1850 quum
1192 1797 1439 1850 praesertim
1467 1812 1546 1836 vo..

81 1874 148 1900 ces
171 1863 226 1914 τῷ
245 1861 313 1909 τῆς
329 1850 464 1903 οἷδείας
486 1868 580 1892 cum
610 1850 888 1891 antecedente
915 1851 1109 1891 oratione
1130 1853 1244 1892 necti
1266 1856 1384 1892 nullo
1415 1854 1542 1893 modo

77 1915 270 1971 possint,
302 1915 495 1950 lacunam
525 1909 635 1948 hanc
664 1908 788 1946 velim
824 1906 992 1956 haberi,
1025 1908 1216 1948 incuriae
1243 1910 1357 1947 illam
1377 1909 1543 1948 librarii

75 1969 367 2015 tribuendam,
401 1968 474 2022 qui
506 1966 682 2005 vocibus
707 1961 1033 2013 ἀντικολάζεσθαι
1062 1976 1103 2003 et
1127 1969 1358 2020 γίγνεσθαι,
1390 1965 1542 2005 simili-

77 2039 140 2070 ter
157 2025 411 2068 exeuntibus
438 2024 548 2062 inter
568 2037 612 2061 se
638 2020 852 2068 confusis,
887 2034 963 2072 pro
989 2020 1131 2060 verbis
1154 2020 1258 2075 μάλα
1280 2025 1443 2071 δικαίως
1465 2022 1540 2060 im-

75 2084 309 2140 prudenter
333 2080 570 2134 posteriora
591 2076 633 2120 τὸ
654 2078 851 2129 (incaute
872 2078 996 2116 etiam
1020 2082 1075 2134 τῷ
1094 2078 1291 2133 scripsit)
1315 2084 1384 2132 τῆς
1407 2077 1542 2128 ἁδείας
1567 2074 1570 2077 .

76 2141 272 2195 arripuit.
315 2138 511 2177 Ceterum
534 2135 583 2174 de
602 2149 643 2174 re
667 2134 850 2173 conferri
872 2144 1055 2172 meretur
1077 2135 1321 2174 simillimus
1345 2135 1540 2189 dialogus

74 2200 349 2240 Mortuorurn
374 2194 562 2234 ultimus.
594 2193 748 2230 LEIIM.

187 2253 289 2294 Ead.
311 2254 386 2295 1.5.
413 2248 745 2299 Ἀποκτείυοντα)
775 2246 874 2286 Non
895 2246 1042 2298 rejicio
1066 2249 1302 2301 vuigatam3
1335 2247 1406 2288 sed
1426 2263 1538 2288 corn-

75 2310 200 2352 mode
229 2308 520 2351 ἀποκτείναντα
551 2308 676 2359 legas·
711 2305 867 2345 Rmrz.
928 2304 1044 2358 Ergo
1070 2303 1290 2343 commode
1314 2304 1392 2344 hac
1416 2319 1536 2344 com-

73 2367 279 2409 moditate
306 2365 547 2406 carebimus.
578 2363 735 2401 Liznm.
1458 2360 1459 2363 ’

187 2422 290 2464 Ead.
312 2427 340 2463 l.
363 2427 401 2464 7.
441 2421 517 2463 Τὸν
539 2422 580 2462 δὲ
601 2417 700 2460 κατὰ
718 2415 787 2460 τὸν
816 2415 938 2461 αὐτὸν
964 2416 1088 2473 τούτῳ
1108 2413 1284 2472 τρόπον)
1318 2417 1535 2459 Marcilius

75 2497 154 2538 pro
174 2478 299 2536 τούτῳ
318 2477 542 2533 legendum
565 2485 704 2515 censet
726 2479 883 2516 τοῦτον.
925 2475 1004 2514 Sed
1028 2489 1151 2528 quam
1174 2473 1372 2514 habuerit
1395 2490 1534 2515 emen-

76 2538 205 2578 dandi
226 2536 449 2584 rationem,
482 2549 568 2572 non
591 2531 738 2571 video:
773 2528 890 2579 αὐτὸς
908 2533 1017 2571 enim
1039 2531 1192 2585 passim
1217 2546 1309 2569 cum
1330 2545 1427 2569 casu
1453 2541 1533 2570 ter-

75 2596 142 2635 tio
168 2593 442 2635 construitur.
501 2591 606 2632 λέη.
641 2594 691 2631 Κ.
715 2593 767 2629 Π.
795 2595 832 2631 2.
862 2586 975 2640 ὑμεῖς
1003 2587 1044 2629 δὲ
1073 2590 1127 2635 εἰς
1149 2588 1219 2638 μὲν
1249 2585 1292 2628 τὸ
1318 2584 1414 2629 αὐτὸ
1438 2584 1534 2640 ἡμῖν

78 2649 274 2696 σπεύδετε.
331 2651 390 2688 Et
409 2649 453 2687 in
477 2649 670 2701 SympOS.
698 2662 738 2700 p.
759 2650 854 2690 893.
885 2647 940 2693 εἰς
958 2641 1100 2686 ταύτὸν
1120 2648 1175 2697 τῷ
1196 2645 1308 2686 οἴνω.
1369 2643 1531 2682 Imitati

77 2718 176 2749 sunt
200 2707 366 2748 Latini.
426 2704 570 2745 Horat.
596 2702 764 2743 Invitum
793 2702 862 2757 qui
890 2713 1037 2751 servat,
1071 2701 1171 2740 idem
1188 2688 1303 2757 fac‘it
1324 2698 1528 2741 occidenti.

1120 2758 1152 2797 Y
1175 2773 1202 2809 y
1231 2762 1258 2801 2
