1834 3188
482 169 1287 202 lNHERMOTIMUM.
1521 164 1620 209 439

267 267 372 306 lbid.
408 265 527 320 Μηδ’
549 266 682 323 ἱερέα)
711 267 854 306 Possis
879 269 990 306 forte
1025 267 1188 318 dicere,
1223 268 1331 307 illud
1360 273 1418 326 τῷ
1438 269 1537 322 μηδ’
1559 275 1591 314 ἵε
1582 297 1618 304 -

154 327 225 379 ρέα
253 348 310 355 -·-
339 329 604 377 παρακαλεῖν,
639 325 799 363 dictum
821 338 910 363 esse
929 338 1002 375 per
1023 325 1192 377 ellipsin
1212 330 1284 378 τῆς
1305 328 1357 367 ἐν.
1413 327 1492 366 Sed
1516 333 1617 368 mol

152 383 237 421 lius
257 380 363 419 mihi
388 381 642 420 videbantur
665 380 767 420 haec
788 381 846 418 ita
867 395 888 418 a
913 381 1096 420 Luciano
1118 383 1377 435 composita,
1409 384 1617 437 subjiciam

154 439 228 477 tibi
252 437 389 478 aliud:
421 437 524 492 quid
551 437 718 492 igitur?
757 436 800 479 τὸ
830 439 927 490 μηὸὲ
955 443 1226 490 παρακαλεῖν,
1267 449 1309 478 et
1337 439 1421 479 hoc
1447 451 1618 480 secutus

153 510 245 533 sum
270 495 314 532 in
339 494 685 547 interpretando,
719 508 856 547 neque
890 494 1104 545 piaculum
1131 505 1262 547 puto,
1304 495 1340 534 si
1365 497 1460 550 quis
1479 498 1522 535 in
1546 498 1618 550 ip-

152 566 242 590 sum
267 560 510 590 contextum
534 551 768 600 emtionis,
813 548 1012 589 adnotata
1038 560 1176 590 tamen
1197 555 1323 592 altera
1344 567 1513 607 quoque
1536 557 1618 593 lec·

151 609 294 656 tione,
331 609 540 646 retulerit.
600 607 819 646 Caeterum
843 605 946 644 hinc
969 618 1162 659 apparet,
1196 624 1280 663 quo
1302 624 1354 648 ex
1373 611 1494 649 fonte
1513 609 1618 649 hau-

151 665 254 704 serit
276 665 370 712 ille,
404 664 477 715 qui
503 663 610 702 circa
635 663 840 702 decimum
866 661 994 715 hujus
1017 664 1151 703 seculi
1172 679 1327 703 annum
1353 666 1462 705 idem
1487 682 1617 706 reme-

151 720 268 758 dium
289 719 571 759 stabiliendae
592 721 704 758 inter
725 719 1066 759 Christianorum
1089 731 1221 760 sectas
1244 722 1499 761 concordiae
1521 738 1617 775 pro-

149 777 319 829 posuit,
353 776 606 829 castigatus,
637 785 685 814 ut
707 775 905 823 decebat,
941 789 963 812 a
987 775 1049 814 Jo.
1078 776 1194 817 Conr.
1220 778 1466 819 sehr-ammio
1485 779 1616 818 inau-

150 834 288 886 gurali
308 831 504 870 oratione
530 831 580 871 de
609 831 803 872 remediis
827 830 1079 884 quibusdam
1112 843 1209 873 ante
1234 834 1455 875 doctrinae
1486 850 1614 875 sanae

149 888 500 927 conciliationem
546 888 598 926 ad
640 888 912 927 concordiam
955 889 1287 929 ecclesiasticam
1338 892 1611 939 necessariis,

144 943 400 983 Helmstadii
423 942 538 983 dicto
563 959 675 984 anno
695 944 854 983 habita.
880 945 1018 985 Gsssn.
1059 945 1204 985 Locus
1228 947 1298 985 bic
1320 948 1504 1001 graviter
1532 964 1614 988 ve-

145 1010 271 1038 xatus
301 1000 470 1055 gravius
505 1001 631 1039 etiam
660 1002 835 1040 vexavit
862 1001 1061 1043 Criticos.
1122 1002 1173 1040 In
1207 1003 1315 1044 Edd.
1350 1013 1449 1045 v.ett
1482 1007 1612 1058 vulgo

145 1057 205 1094 ita
228 1056 378 1096 habet.
414 1058 469 1096 Εἰ
490 1057 529 1098 δὲ
548 1055 706 1111 βούλει,
738 1059 807 1099 καὶ
826 1057 919 1099 α’λλο
939 1075 976 1098 τι
1015 1059 1132 1107 (καὶ
1174 1062 1352 1098 alterum
1389 1061 1609 1114 interponi

142 1113 302 1165 velim)
334 1110 706 1180 ἀπραγμονέστερον
733 1111 1000 1166 ’ὖποθησομαί
1030 1129 1114 1165 σοι,
1156 1133 1211 1164 ως
1246 1114 1298 1169 μὴ
1331 1119 1455 1170 ἱερεῖα
1484 1135 1610 1158 κατα-

143 1167 260 1218 θύεις
282 1167 522 1225 (καταθύης
538 1171 585 1211 B.
603 1177 686 1216 2.3
694 1181 765 1210 .et
785 1172 878 1222 M.)
901 1172 1033 1221 ταυτὶ,
1067 1189 1130 1212 και
1150 1172 1326 1230 θυσιάζη
1346 1177 1402 1227 τῷ
1422 1173 1517 1226 (καὶ
1532 1181 1610 1216 θνα

143 1229 233 1274 σίας
257 1230 380 1279 ζητῶν
404 1230 527 1269 2954.
551 1233 674 1271 3011.
662 1191 704 1282 0)
725 1225 823 1280 μηδ’
844 1229 951 1278 ἱερέα
977 1245 1066 1268 τινα
1087 1233 1164 1270 τῶν
1187 1233 1496 1298 μεγαλομίσθων
1525 1248 1608 1272 πα-

143 1289 268 1335 ρακαλ
274 1289 332 1324 εῖν
363 1282 626 1347 (παρακαλῇς
649 1286 713 1324 M.
744 1285 790 1324 P.
824 1289 948 1328 2954.
974 1286 1128 1336 3011.)
1151 1283 1240 1326 αλλ’
1268 1296 1346 1325 etc.
1411 1287 1606 1340 Quorum

143 1348 420 1391 conspectum
443 1339 478 1376 si
505 1341 600 1392 quis
626 1341 709 1379 sibi
733 1351 894 1380 attente
924 1352 1163 1406 proponat,
1204 1353 1484 1396 accurateque
1515 1359 1607 1396 per-

141 1395 325 1447 pendat,
357 1396 538 1448 primum
560 1407 676 1448 patet
707 1396 877 1435 idoneis
906 1397 1166 1436 testimoniis
1200 1399 1469 1451 comprobari
1495 1400 1606 1438 Con

140 1452 358 1504 junctivos
379 1451 429 1489 ad
452 1469 504 1499 ως
520 1453 573 1504 μή
593 1456 770 1502 relatos,
801 1452 959 1494 καταθι
963 1471 1028 1512 ῃς,
1059 1453 1258 1512 θυσιάζῃς
1278 1454 1393 1510 (non
1413 1454 1604 1513 θυσιαζῃ,

141 1521 264 1560 quam
286 1507 427 1546 Medii
447 1509 624 1546 formam
643 1510 781 1547 activa
803 1511 844 1547 vi
862 1498 1106 1550 sumendam
1131 1521 1243 1551 recte
1265 1511 1435 1551 damnat
1455 1513 1490 1551 J.
1512 1501 1606 1551 Sta-

137 1566 278 1617 ἑ(ζει-ιω)
297 1574 338 1603 et
357 1570 602 1621 παρακαλῃς.
661 1565 837 1604 Deinde
859 1566 1042 1605 maxime
1073 1566 1121 1604 fit
1145 1567 1390 1619 probabile,
1431 1586 1484 1609 τω
1517 1583 1606 1607 esse

138 1623 183 1658 in
209 1638 262 1675 τῳ
287 1608 561 1670 mutandum,
604 1621 957 1676 quemadmodum
990 1623 1200 1663 Jacobsius
1229 1634 1270 1663 et
1302 1624 1406 1677 δρας
1385 1642 1491 1664 “erus
1519 1628 1603 1677 jam

139 1680 428 1730 conjecerunt.
488 1678 630 1731 Atque
650 1678 733 1727 sic,
766 1679 848 1716 nisi
881 1679 1032 1728 fallor,
1063 1657 1399 1733 simplicissimaO
1409 1682 1603 1729 ratione⁷

137 1743 178 1772 ct
205 1746 311 1786 quae
332 1733 527 1784 proxime
547 1734 598 1772 ad
621 1737 813 1788 vulgatas
835 1735 1040 1774 lectiones
1069 1735 1264 1785 accedat,
1300 1736 1520 1776 refluxisse
1541 1740 1602 1776 lo-

137 1804 229 1828 cum
253 1788 445 1828 videbor.
505 1790 614 1828 Nam
636 1790 823 1830 Marcilii
839 1795 944 1846 θεῷ,
975 1805 1053 1844 pro
1071 1796 1148 1846 τῶ,
1182 1792 1383 1830 audacius
1405 1803 1467 1832 est
1490 1808 1600 1831 com-

135 1855 349 1894 mentum,
383 1846 516 1885 Bolani
539 1857 678 1885 autem
700 1850 943 1898 conjectura
961 1880 970 1897 ,
1002 1849 1066 1888 καὶ
1087 1850 1128 1890 ἐν
1148 1851 1275 1904 θυσίᾳ
1293 1851 1440 1900 ζητων,
1472 1864 1600 1916 pror—

135 1917 205 1941 sus
230 1902 359 1939 nihili
380 1903 654 1941 aestimanda.
713 1903 846 1941 Porro
872 1902 1028 1942 Gesner-i
1049 1892 1310 1953 emendatio,
1350 1903 1394 1946 τὸ
1415 1902 1516 1958 μηδ’
1548 1909 1599 1947 ἵε

136 1961 205 2011 ρέα
234 1983 291 1988 --
319 1965 584 2011 παρακαλεῖν,
618 1958 744 1998 habet
765 1959 958 2011 quidem,
992 1974 1075 2010 quo
1109 1960 1449 2009 commendetur,
1494 1962 1597 2000 citra

135 2026 274 2055 tamen
294 2015 626 2067 rprobabilitatis
663 2015 767 2053 fines
802 2015 923 2055 sitam
957 2016 1152 2055 arbitror.
1213 2017 1446 2070 Denique,
1489 2032 1596 2071 quos

136 2073 324 2124 Seagerus
353 2075 466 2120 vult,
517 2071 732 2110 Infinitivi
773 2071 1017 2121 καταθύειν,
1057 2071 1290 2122 θυσιαζειν,
1332 2081 1595 2127 παρακαλεῖν,

135 2129 215 2167 etsi
245 2127 417 2181 linguae
449 2127 614 2181 legibus
642 2130 762 2166 nullo
795 2127 921 2167 modo
952 2140 1213 2183 repugnent,
1256 2131 1420 2169 externi
1454 2140 1594 2169 tamen

132 2184 262 2236 pretii
301 2184 439 2221 minus
481 2185 708 2223 manifesto
738 2184 920 2235 habent,
977 2199 1101 2239 quam
1131 2186 1266 2225 nostri
1297 2185 1592 2240 Conjunctivi,

127 2242 285 2280 LmrM.

241 2295 341 2335 Eud.
365 2298 391 2333 l.
418 2299 456 2338 4.
494 2291 561 2344 Ἐς
583 2294 756 2350 κάλπιν)
793 2297 947 2336 Mirari
975 2297 1114 2347 subit,
1150 2313 1243 2337 cum
1276 2298 1392 2337 hunc
1420 2298 1594 2338 Luciam*

132 2357 271 2407 jocum
293 2357 408 2406 lego,
443 2351 630 2390 virorum
654 2353 916 2405 quorundam
933 2386 943 2403 ,
977 2368 1083 2408 quos
1114 2354 1388 2408 gravissimos
1413 2369 1500 2394 esse
1522 2355 1589 2394 de-

131 2411 250 2448 cebat
276 2441 287 2459 ,
319 2420 532 2461 stuporem
560 2408 871 2458 incredibilem,
905 2410 976 2463 qui
997 2411 1120 2449 nobis
1141 2410 1336 2449 fabellam
1355 2411 1589 2462 Imperato-

130 2467 186 2503 ris
198 2464 686 2519 Mogolici‚religionem
707 2464 848 2502 eadem
871 2466 1036 2505 ratione
1058 2467 1205 2505 simiae
1225 2465 1471 2505 divinatrici
1491 2467 1587 2504 sub-

131 2524 340 2573 jicientis,
381 2531 422 2561 et
455 2520 742 2559 Christianam
775 2535 912 2559 veram
948 2522 1062 2560 illam
1093 2535 1204 2572 esse,
1240 2537 1387 2575 quam,
1421 2523 1586 2562 serione

133 2594 181 2614 an
209 2583 306 2630 joco
330 2577 443 2616 haud
470 2577 596 2615 facile
629 2577 813 2624 dixeris,
849 2578 1100 2630 quaerebat,
1133 2578 1236 2616 mira
1269 2593 1366 2617 sane
1393 2579 1583 2628 ratione,

132 2634 498 2686 deprehenderitis,
558 2634 676 2671 inter
715 2633 885 2673 [inlici-11
915 2636 983 2686 pia
1010 2634 1121 2672 serio
1154 2645 1356 2673 narratam
1389 2635 1582 2673 invenies

130 2690 178 2728 ab
201 2691 397 2737 Angelius)
421 2691 577 2730 Gazaca
601 2691 760 2729 Iesuita
776 2721 785 2739 ,
818 2705 857 2743 p.
883 2694 949 2732 9-1.
976 2690 1049 2744 qui
1068 2706 1111 2730 se
1132 2705 1220 2730 eam
1243 2706 1294 2731 ex
1313 2691 1445 2731 literis
1468 2692 1582 2732 Iudi·
