1834 3188
323 188 374 218 m
410 186 647 227 QUOMODO
684 186 914 217 HrsromA
951 187 1024 217 sir
1061 187 1251 217 coNscR.
1418 172 1518 222 589

68 295 279 340 serpentes
309 285 431 324 vivos
462 285 634 338 perticis
663 283 879 337 alligatos,
917 285 994 339 qui
1023 284 1068 323 in
1097 283 1262 338 proelio
1295 283 1342 322 in
1375 283 1519 325 hostes

68 343 246 382 immissi
267 356 455 396 maguam
482 351 660 394 stragem
683 340 916 380 ediderint:
950 338 1099 394 Ἀμέλει
1118 339 1289 389 πολλοὺς
1314 344 1394 382 τῶν
1421 340 1519 395 ἡμε-

67 401 190 451 τέρων
224 396 326 440 οὕτω
360 403 661 449 καταποθῆναι,
703 399 770 438 καὶ
806 394 952 447 ἄλλους
988 398 1353 450 περιπειραθέντων
1382 395 1521 447 αὐτοῖς

19 468 24 476 ’
68 454 363 510 ἀποπνιγῆναι,
406 456 472 495 καὶ
499 459 812 508 συγκλασθῆναι.
871 454 1108 508 Interpres:
1147 454 1343 492 Nimirum
1376 454 1522 493 multos

67 524 287 552 nostrorum
319 514 375 550 ita
407 510 609 549 devoratos
640 527 736 558 esse,
769 509 869 549 alios
897 527 984 551 vero
1016 513 1110 564 ipsis
1138 513 1354 564 transfioeos
1374 511 1518 564 fuisse,

66 579 246 617 necatos,
281 579 314 606 et
335 567 572 622 confractos.
632 566 748 619 Quid
771 576 834 604 est
853 567 954 606 alios
976 570 1069 621 ipsis
1087 566 1336 621 transfixos?
1364 567 1522 606 scribe:

65 627 132 667 καὶ
155 624 296 673 ἄλλους
315 623 730 677 περισπειρασθὲντων
751 618 895 674 αὗτῶν,
918 624 1160 678 alios-fuisse
1179 625 1294 677 spiris
1312 622 1520 670 involutos.

67 692 102 720 et
129 684 186 721 sic
217 681 267 720 ab
297 683 391 734 ipsis
420 679 556 730 elisos,
594 690 628 721 et
657 682 855 722 contritos.
917 683 1318 736 Περισπειρασθῆναι
1350 678 1523 733 Virgilio

66 748 127 778 est
151 740 265 792 spiris
291 736 433 790 ligari:

820 815 877 823 ·-
903 816 962 824 -—-
994 792 1091 832 Tela
1107 792 1303 849 ferentem

287 848 528 903 Corripiant,
558 850 747 904 spirisque
767 848 894 902 ligant
914 850 1143 902 ingentibus,

68 908 245 947 GRAEV.
307 906 732 959 Περισπειραθέντων)
765 905 831 944 Ad
861 905 1192 944 confirmandam
1213 905 1324 944 hanc
1342 904 1526 957 Menagii

69 962 425 1011 emendationem,
459 971 625 1013 praeter
652 963 948 1000 auctoritatem
983 963 1055 999 W.
1079 971 1120 1001 et
1151 962 1206 1000 L.
1231 971 1273 1000 et
1302 960 1523 1009 Codicum,

66 1019 172 1059 adde
194 1022 287 1057 loca
309 1018 484 1057 Luciani
505 1018 640 1069 ipsius
671 1018 910 1072 sequentia:
943 1018 988 1056 in
1021 1017 1211 1070 Philops.
1234 1032 1324 1071 cap.
1345 1023 1412 1061 23.
1472 1017 1523 1056 Iu

64 1077 193 1130 DiPS.
215 1089 251 1115 c.
277 1080 315 1118 6.
338 1083 380 1113 et
409 1076 479 1112 De
510 1075 612 1115 Salt.
636 1088 668 1116 c.
691 1079 728 1117 2.
768 1076 992 1127 Περιπείρω
1019 1088 1120 1113 vero
1149 1073 1266 1113 aliud
1287 1083 1370 1121 est;
1404 1087 1524 1123 usur-7

64 1142 189 1187 patui·
211 1132 324 1170 enim
346 1130 398 1169 de
419 1130 566 1179 rebus,
601 1144 703 1182 quas
724 1130 1012 1183 transfigendo
1037 1129 1317 1184 appendimus
1341 1139 1415 1168 aut
1437 1128 1525 1167 affi-

64 1189 225 1244 gimus,
256 1193 304 1226 u't
335 1201 477 1226 carnes
507 1186 703 1226 verubus.
762 1187 891 1239 Apud
912 1187 1100 1227 Nostrum
1130 1187 1173 1224 in
1208 1187 1357 1233 Gallo;
1389 1195 1430 1224 et
1454 1200 1525 1224 ca·-

64 1246 156 1299 pita
187 1243 346 1292 hostis,
378 1242 423 1281 in
454 1243 582 1296 Xipl».
614 1243 772 1283 Pertin.
797 1243 873 1281 sub
905 1243 1045 1282 finem.
1107 1242 1205 1284 Vid.
1229 1251 1319 1281 not.
1340 1241 1392 1280 ad
1413 1243 1523 1282 Pisc.

67 1317 102 1341 c.
133 1306 201 1345 51.
232 1300 397 1338 SOLAN.
470 1300 895 1353 Περισπειραθέντων)
930 1300 1017 1338 Cur
1048 1299 1160 1337 hanc
1192 1301 1289 1338 lect.
1327 1301 1526 1353 vulgatae

64 1356 410 1412 praetulerimus,
443 1355 542 1395 vide
573 1371 625 1395 ex
651 1355 844 1408 Philops.
876 1370 908 1394 c.
928 1361 994 1399 22.
1015 1357 1047 1397 f.
1070 1356 1144 1393 ubi
1174 1355 1404 1404 εἷλομένους
1435 1355 1527 1405 περὶ

65 1414 134 1456 τὸν
158 1410 315 1466 αὐχένα,
336 1412 402 1454 καὶ
423 1413 482 1454 ἐπὶ
501 1416 582 1453 τῶν
600 1411 718 1463 ὤμων
740 1414 872 1460 ἐνίους
892 1413 1214 1465 ἐσπειραμένους.
1247 1412 1319 1450 De
1340 1410 1527 1463 Dipsad,

65 1485 154 1524 cap.
177 1476 216 1514 2.
251 1473 585 1524 περισπειρᾶσθαι
613 1474 670 1519 τῷ
699 1472 805 1510 ποδί.
863 1469 921 1507 Et
941 1470 1097 1522 Navig.
1120 1483 1209 1521 cap.
1234 1473 1272 1511 2.
1300 1467 1331 1506 f.
1392 1468 1528 1506 Recte

62 1529 197 1582 igitur
221 1525 414 1566 emendat
436 1525 598 1578 Zlffenag.
632 1525 791 1563 Probat
821 1526 946 1564 etiam
974 1524 1197 1578 IVesseZing.
1224 1523 1275 1563 ad
1299 1523 1421 1563 Diod.
1445 1523 1528 1562 Sic.

63 1585 141 1624 IV.
167 1598 200 1622 c.
221 1587 289 1626 48·
314 1597 354 1621 n·
372 1586 438 1625 79.
462 1582 535 1619 ubi
556 1578 913 1636 περισπειράμενον
929 1579 973 1624 τὸ
995 1582 1132 1636 δέρμα.
1172 1582 1231 1619 Et
1252 1594 1304 1619 ex
1326 1580 1448 1620 Paus.
1471 1580 1528 1628 X,

65 1647 133 1685 33.
166 1641 330 1678 Rm‘rZ.

179 1695 281 1734 Eacl.
303 1698 332 1734 l·
358 1699 421 1738 18.
452 1696 646 1749 Σοῦραν)
676 1692 891 1746 (Σοῦσαν,
924 1708 1030 1749 quae
1057 1693 1307 1746 metropolis
1328 1691 1530 1732 Persidis.

74 1753 238 1801 Vorst.)
268 1750 384 1803 Quid
404 1750 475 1789 hic
499 1750 543 1787 in
574 1760 752 1790 mentem
775 1751 1031 1790 Boni-deletio
1055 1751 1239 1800 venerit,
1271 1750 1426 1798 miror,
1460 1762 1534 1787 cur

71 1810 182 1848 hanc
208 1806 446 1846 editionum
473 1816 662 1845 veterum
686 1807 934 1858 scripturam
956 1815 1135 1845 mutaret
1166 1806 1210 1843 in
1244 1811 1417 1858 σοῦραν,·
1448 1804 1532 1842 nisi

75 1867 188 1904 forte
210 1864 464 1917 imposuerit
486 1863 525 1902 ei
543 1862 705 1900 Latina
725 1877 809 1901 vox
832 1879 937 1903 sura.
970 1862 1051 1903 Sed
1076 1867 1201 1915 σοῠρα
1217 1862 1391 1901 Graecis
1411 1861 1534 1914 igno-

71 1932 114 1961 ta
140 1935 250 1969 vox,
285 1921 359 1972 qui
381 1933 456 1971 pro
480 1934 525 1958 ea
550 1922 870 1972 γαστροκνημίαν
891 1919 1055 1958 dicunt.
1114 1919 1282 1957 Nomen
1309 1927 1371 1956 est
1390 1917 1532 1970 itaque

71 1978 158 2018 loci
180 1977 413 2030 proprium.
454 1974 534 2014 Sed
557 1975 727 2013 ubinam
749 1976 936 2027 gentium
959 1975 1066 2014 situs
1088 1975 1144 2013 sit
1168 1975 1239 2013 ille
1261 1977 1395 2017 locus,
1417 1972 1532 2011 haud

74 2036 134 2073 ita
158 2043 396 2086 promptum
419 2042 481 2071 est
499 2031 689 2071 definire.
734 2032 940 2070 hieminit
963 2031 1068 2072 Plut.
1096 2030 1247 2083 oppidi
1267 2029 1433 2081 Lyciae
1454 2028 1532 2066 hu-

72 2095 137 2145 jus
157 2088 342 2128 nomin-is
372 2093 490 2131 1796.
522 2118 530 2127 .
564 2118 573 2127 .
606 2087 734 2137 Vide,
767 2103 818 2126 an
837 2090 976 2126 locum
999 2087 1071 2126 hic
1091 2087 1243 2126 habere
1267 2085 1418 2139 possit.
1450 2085 1534 2123 Pu-

72 2158 227 2193 taram,
259 2145 404 2182 villam
429 2158 514 2183 esse
538 2154 610 2182 aut
638 2158 791 2198 pagum
814 2159 945 2197 prope
968 2143 1247 2190 Corinthum,
1283 2152 1355 2181 aut
1377 2143 1421 2179 in
1445 2141 1534 2193 ipsa

75 2218 96 2241 a
120 2201 276 2241 Cranio
297 2200 348 2238 ad
374 2201 556 2240 Lernam
581 2200 675 2239 via:
708 2200 778 2239 sed
805 2215 919 2238 nunc
943 2201 1164 2240 venustius
1189 2199 1371 2248 videtur,
1391 2202 1533 2236 locum

74 2273 184 2307 esse,
218 2257 262 2295 in
291 2270 376 2309 quo
404 2257 631 2308 perfrictae
659 2256 814 2308 frontis
847 2256 1005 2296 nebulo
1033 2256 1250 2308 scripserit
1281 2268 1325 2292 se
1357 2256 1400 2292 in
1430 2253 1533 2291 Asia

74 2318 356 2354 vulneratum.
418 2313 656 2365 Quaerant,
681 2312 716 2350 si
737 2312 880 2362 lubet,
904 2313 988 2352 viri
1011 2312 1153 2351 docti:
1186 2310 1257 2349 sed
1280 2311 1448 2350 interim
1470 2323 1535 2346 as-

77 2370 251 2411 serenda
274 2369 359 2406 fuit
382 2369 610 2420 scriptura,
646 2367 782 2407 donec
802 2378 874 2408 aut
898 2383 950 2408 ex
971 2368 1152 2407 historia
1171 2376 1338 2419 pateat,
1373 2379 1534 2420 pugna-

76 2438 164 2466 tum
199 2440 287 2466 esse
309 2439 357 2464 eo
391 2424 498 2463 bello
527 2435 600 2462 aut
622 2424 665 2461 in
688 2424 824 2476 Lycia
840 2456 850 2473 ,
884 2434 958 2464 aut
987 2424 1031 2462 in
1057 2425 1197 2478 aliquo
1221 2423 1304 2461 alio
1323 2426 1420 2461 loco
1436 2455 1445 2471 ,
1480 2436 1533 2460 ex

77 2487 196 2536 cujus
223 2482 394 2520 nomine
419 2481 501 2520 hoc
528 2489 776 2532 corruptum
801 2481 877 2528 sit,
913 2480 1016 2519 Susa
1039 2494 1188 2532 nempe
1219 2478 1298 2529 (de
1333 2493 1415 2531 qua
1438 2478 1536 2517 Na-

76 2540 161 2593 vig.
184 2554 217 2579 c.
241 2544 308 2583 33.
329 2548 370 2576 et
388 2537 621 2589 Philopatr.
647 2540 790 2585 c.28.)
822 2536 902 2576 Sed
923 2546 1008 2574 tum
1034 2534 1300 2574 scribendum
1324 2535 1405 2572 erit
1425 2539 1534 2576 Σοῦ..

79 2609 141 2643 σα,
175 2610 259 2634 non
284 2599 468 2642 Σοῦσαν,
502 2602 696 2631 neutrum
717 2603 778 2631 est
801 2593 912 2631 enim
937 2595 1123 2643 plurale;
1158 2600 1229 2629 aut
1249 2591 1384 2630 simile
1405 2590 1533 2643 quid:

77 2660 148 2689 aut
170 2650 281 2703 apud
303 2650 574 2697 Corinthum,
607 2657 653 2686 ut
675 2648 895 2703 Cyllarabis
919 2662 939 2686 a
966 2647 1153 2695 Οναευίο,
1190 2647 1245 2684 ita
1266 2647 1370 2685 Sura
1390 2648 1534 2699 aliqua

74 2721 96 2745 a
120 2708 212 2747 viro
238 2708 381 2761 aliquo
407 2706 532 2746 docto
560 2705 789 2759 detegatur.
853 2705 1041 2744 Consule
1063 2703 1216 2743 Kulmii
1238 2712 1326 2743 not.
1350 2703 1401 2742 ad
1422 2704 1535 2744 Pau-
