1834 3188
255 204 357 254 484
610 213 1358 246 ADNo'rA'rroNEs

258 319 393 368 dicat,
424 329 512 356 non
541 313 742 368 conjicio.
799 310 1096 363 Βοανιῖεῖοιίιις,
1129 325 1259 366 quum
1280 312 1325 351 in
1355 313 1571 368 superiore
1595 327 1707 367 qua·-

258 374 352 415 dam
377 382 477 412 nota
501 372 710 424 Diogenem
732 370 868 409 La'e'rt.
901 377 945 407 et
974 367 1225 408 Aristotelem
1253 367 1304 408 de
1333 369 1415 409 hoc
1443 370 1707 409 Anaximene

259 430 369 471 adiri
389 428 529 482 jubet,
561 427 676 466 haud
704 425 830 465 dubie
850 424 1156 478 philosophum
1179 425 1299 464 illum
1317 426 1518 466 Milesium
1538 425 1706 465 ionicae

259 496 397 528 sectae
420 493 583 538 praeter
604 483 810 522 rationem
833 480 917 520 huc
939 480 1145 522 traduxit.
1203 483 1274 521 De
1293 481 1392 523 Polo
1413 481 1710 536 Agrigentino,

261 542 336 598 qui
357 540 468 580 idem
488 550 529 579 et
550 539 706 578 Piscat.
732 554 765 579 c.
785 543 850 582 22.
879 538 991 576 inter
1013 537 1118 576 alios
1139 537 1345 577 Socratici
1375 539 1468 577 aevi
1498 538 1709 591 sophistas

259 606 519 646 recensetur,
551 595 696 635 Suidas
712 594 814 635 haec
831 592 982 636 tradit:
1018 597 1175 643 Πῶλος,
1202 589 1530 649 Ἀκραγαντῖνος,
1564 590 1710 646 ῥήτωρ,

264 659 415 710 μᾶλλον
438 652 478 694 δὲ
510 650 704 703 σοφιστὴς
732 656 812 692 τῶν
841 648 973 692 πάλαι.
1015 650 1252 698 διδάσκαλος
1279 653 1521 703 Λικυμνίου.
1563 652 1712 704 ἔγραψε

263 711 520 768 γενεαλογίαν
548 713 626 750 τῶν
650 708 713 750 ἐπὶ
730 705 862 749 Ἴλιον
893 704 1214 760 στρατευσάντων
1236 705 1436 759 Ἑλλήνων
1463 706 1530 747 καὶ
1560 704 1712 759 βαρβά-

267 785 372 823 ρων,
405 767 473 807 aaz
492 769 577 813 πῶς
596 765 759 813 ἕκαστος
786 760 990 816 ἀπήλλαξε.
1019 762 1122 812 τινὲς
1140 764 1181 804 δὲ
1199 758 1295 805 aiz&
1314 762 1529 815 Δαμάστου
1555 760 1716 815 ἐπιγρα·

267 837 405 875 φουσι.
433 826 539 863 νεών
554 818 785 873 κατάλογον.
816 820 906 872 περὶ
922 820 1074 869 λέξεων.
1133 818 1231 858 Vid.
1258 819 1464 873 imprimis
1493 818 1713 871 Mongitor.

266 881 376 923 Bibl.
399 878 531 918 Sicul.
552 879 673 921 Tom.
697 877 755 916 II.
777 890 817 929 p.
840 880 933 920 188.
954 890 1013 931 sq.
1042 876 1213 916 Lnnm.

379 957 481 999 Ead.
503 959 531 996 l.
554 960 593 999 7.
625 956 705 998 Καὶ
722 954 857 1005 ἄλλοι)
890 955 960 994 Sic
984 955 1166 1009 Gorgias
1186 952 1299 1008 apud
1319 952 1600 993 Philostratum
1618 966 1715 1005 pag.

269 1021 366 1062 493.
407 1015 466 1053 Et
484 1013 629 1068 Lysias
652 1026 716 1065 ap.
739 1011 846 1052 Plut.
868 1011 912 1049 in
935 1011 976 1049 X
995 1010 1122 1050 Rhet.
1181 1012 1252 1050 De
1270 1010 1537 1050 orationibus
1557 1009 1717 1047 habitis

270 1082 345 1113 aut
368 1070 594 1123 Olympiae
615 1077 688 1107 aut
709 1068 754 1106 in
785 1067 880 1106 aliis
903 1066 1239 1115 celebritatibus,
1270 1065 1371 1106 vide
1392 1077 1515 1106 notas
1549 1064 1601 1104 ad
1618 1065 1722 1104 Phi-

270 1130 378 1170 losir.
398 1141 438 1179 p.
463 1130 555 1169 169.
578 1134 619 1163 et
644 1123 804 1163 Cressol.
826 1123 996 1166 Theatr.
1017 1122 1144 1163 Rhet.
1163 1123 1257 1173 III,
1279 1128 1318 1166 6.
1352 1123 1520 1161 SoLAN.

385 1182 490 1223 Ibid.
520 1179 683 1236 Λόγους
701 1181 860 1234 ἔλεγον)
897 1180 1105 1230 Exempla
1128 1178 1337 1233 ejusmodi
1355 1178 1625 1218 locutionum
1641 1175 1722 1216 be-

273 1256 327 1282 ne
349 1242 481 1280 multa
501 1237 588 1279 vid,
609 1251 676 1290 ap.
702 1235 805 1275 Jens.
828 1234 879 1274 ad
900 1235 995 1278 Jov.
1016 1237 1140 1290 Trag.
1160 1250 1193 1275 e.
1217 1240 1286 1279 22.
1315 1234 1478 1273 Rmtrz.
1612 1236 1615 1239 “

379 1308 488 1357 Ἐαιλ
509 1319 535 1358 l,
562 1321 627 1359 10.
647 1313 819 1369 ‘'Owov)
860 1314 955 1352 Etsi
978 1316 1106 1368 vulgo
1134 1317 1276 1354 locum
1306 1312 1544 1369 significat,
1583 1323 1725 1353 tamen

276 1387 319 1418 et
335 1388 413 1431 pro
435 1389 546 1422 cum,
579 1371 757 1428 quando,
789 1370 1105 1425 quandoquidem
1130 1379 1382 1422 usurpatur,
1415 1370 1552 1410 veluti
1573 1369 1726 1409 Latini

275 1435 440 1482 solent,
471 1429 720 1469 observante
749 1426 842 1466 eod.
865 1427 967 1466 Jens.
1000 1442 1039 1480 p.
1061 1432 1155 1470 276.
1197 1425 1270 1466 Sic
1297 1421 1423 1479 supra
1455 1426 1504 1473 in⁴
1525 1422 1722 1467 'Hermon

277 1503 313 1530 c,
336 1492 403 1533 39.
434 1484 535 1528 ὅπου
557 1502 621 1539 γε,
653 1484 720 1525 καὶ
741 1486 777 1524 εἰ
791 1481 935 1531 πάντες
955 1481 1002 1523 τὰ
1023 1481 1142 1536 ὅμοια
1161 1481 1267 1535 εἶχον
1291 1491 1371 1522 etc.
1430 1482 1483 1521 In
1509 1481 1722 1521 Abdicato

277 1559 314 1584 c.
336 1550 403 1589 23.
427 1538 584 1593 Ἀτελὴς
602 1538 628 1593 ἦ
648 1540 785 1592 τέχνη,
818 1536 922 1580 ὅπου
947 1555 992 1593 γε
1016 1545 1099 1588 τοῖς
1119 1541 1268 1593 ἰατροῖς
1296 1538 1365 1579 καὶ
1390 1540 1560 1592 δημοσία
1587 1533 1631 1579 αῖ
1648 1535 1725 1579 πό-

277 1606 357 1649 λεις
378 1596 517 1651 τιμὰς,
548 1598 615 1637 καὶ
634 1596 869 1650 προεδρίας,
899 1596 968 1636 καὶ
994 1590 1169 1643 ἀτελείας
1195 1596 1261 1636 καὶ
1287 1595 1532 1648 προνομείας
1556 1592 1727 1636 διδόασι.

277 1655 405 1695 Addo
425 1654 618 1707 Hippocr.
639 1652 679 1691 S.
700 1657 741 1694 2.
761 1650 858 1704 aph.
883 1656 946 1693 10.
985 1648 1040 1692 Τὰ
1056 1650 1216 1703 σώματα
1229 1647 1328 1704 χρὴ,
1361 1647 1463 1692 ὅπου
1484 1648 1534 1691 ἅν
1554 1667 1611 1698 τις
1629 1648 1732 1705 βούιχ

278 1718 383 1755 λεται
411 1711 648 1762 καθαίρειν,
692 1704 815 1761 εὕροα
846 1708 1020 1755 ποιέειν,
1063 1723 1229 1761 corpora
1261 1705 1421 1760 quando
1454 1708 1540 1760 quis
1564 1722 1730 1759 puvgare

279 1768 383 1818 vult,
402 1764 686 1823 fluitlafaciat
702 1774 862 1816 oporiet.
921 1762 1032 1802 Ibid.
1053 1778 1158 1802 rurs.
1177 1762 1273 1815 aph.
1298 1767 1341 1805 2.
1370 1762 1429 1815 Ec
1447 1762 1490 1802 S.
1512 1762 1549 1802 I.
1571 1762 1668 1815 aph.
1691 1757 1732 1803 7.

279 1826 430 1863 Potest
451 1831 492 1862 et
511 1831 617 1860 veru
633 1820 724 1867 ubi,
759 1817 872 1872 quod
894 1817 966 1858 hic
990 1817 1139 1858 eodem
1160 1817 1295 1868 redit,
1326 1817 1454 1857 modo
1475 1817 1527 1858 de
1546 1827 1733 1870 tempore

281 1893 451 1936 quoque
468 1876 666 1928 accipias.
696 1876 860 1915 Rzrvz.
1594 1872 1596 1875 “
1728 1872 1731 1874 ’

826 1928 836 1942 Ι

393 1933 495 1975 Ead.
527 1935 554 1973 1.
577 1937 642 1975 11.
673 1929 1000 1986 Συγγραψαντα)
1039 1932 1110 1971 De
1133 1931 1299 1984 pictore
1318 1929 1512 1983 usurpari
1543 1929 1617 1969 vix
1639 1943 1734 1968 cre-

285 1991 353 2031 do.
413 1992 535 2043 Lego
559 1988 701 2042 itaque
721 1986 956 2043 γράψαντα,
987 1997 1036 2026 ut
1065 1989 1202 2027 Zeux.
1225 2001 1257 2028 c.
1274 1993 1312 2030 3.
1333 2000 1394 2039 pr.
1427 1981 1593 2027 SOL'AN.
1653 1986 1734 2035 Per

284 2062 330 2087 se
354 2046 596 2101 συγγράφειν
617 2058 703 2082 non
724 2043 864 2082 minus
878 2042 1073 2096 pingendo
1095 2059 1337 2096 componere,
1372 2056 1495 2095 quam
1516 2037 1733 2090 scribendo}

286 2103 525 2159 significare
546 2109 711 2153 potest,
742 2099 872 2152 idque
893 2109 989 2152 apte
1011 2099 1080 2147 fit,
1113 2099 1210 2149 ubi,
1242 2108 1291 2137 ut
1308 2099 1352 2138 h.
1374 2100 1425 2148 l.,
1459 2097 1510 2138 de
1532 2088 1735 2151 compage

287 2157 571 2212 complurium
592 2169 865 2209 personarum
889 2165 931 2193 et
949 2169 1085 2194 rerum
1113 2155 1370 2207 objectarum
1390 2154 1434 2191 in
1457 2169 1542 2194 una
1561 2146 1737 2196 eadem-'-

289 2229 373 2270 que
395 2213 536 2253 tabula
557 2212 717 2266 agitur,
749 2224 886 2264 neque
916 2210 1169 2264 ambiguitas
1201 2209 1400 2265 quaedam
1430 2207 1622 2259 dicendi,
1661 2211 1736 2260 10-‚5

290 2285 386 2310 cum
419 2268 547 2307 habet
562 2298 573 2317 ‚
608 2277 756 2306 ouum'
775 2265 987 2322 ζωγράφος
1019 2265 1264 2319 praecedat,
1295 2265 1345 2305 ad
1363 2281 1482 2320 quern
1501 2263 1544 2307 ito
1567 2261 1737 2320 συγγρά-

290 2343 384 2380 φειν
414 2325 605 2365 refertur.
667 2322 809 2378 Quid,
852 2322 968 2377 quod
998 2322 1122 2364 etiam
1151 2325 1362 2377 eleganter
1389 2335 1436 2361 ac
1465 2322 1601 2361 facete
1633 2320 1676 2358 h.
1703 2322 1734 2358 1.

292 2383 439 2424 A'e'tion
458 2378 709 2435 συγγραφεύς
723 2395 783 2427 τις
802 2378 1067 2433 significatur
1088 2378 1219 2418 fuisse
1241 2378 1286 2416 in
1307 2392 1381 2416 sua
1403 2386 1512 2424 arte,
1543 2374 1739 2430 quemad-

293 2437 463 2477 modum
478 2436 704 2476 Herodotus
728 2436 772 2474 in
794 2449 882 2475 sua.
941 2434 1038 2474 Etsi
1057 2433 1203 2488 itaque
1224 2448 1428 2488 nusquam
1446 2432 1547 2471 alibi
1572 2431 1622 2470 de
1644 2432 1736 2483 pic..

295 2502 388 2533 tore
413 2492 573 2532 dictum
603 2501 794 2532 occurrat
822 2489 1087 2546 συγγράφειν,
1121 2489 1235 2543 quod
1257 2504 1371 2528 nuno
1390 2503 1475 2527 non
1497 2481 1736 2537 decernamss,

295 2547 379 2587 hoc
397 2558 533 2588 tamen
557 2551 652 2589 loco
680 2551 774 2602 plus
797 2562 920 2602 quam
946 2546 1116 2586 audacis
1141 2546 1232 2585 fore
1258 2544 1423 2598 judico,
1456 2542 1492 2582 si
1521 2543 1613 2597 quis
1644 2540 1739 2598 γρά.

295 2613 430 2655 ψαντα
450 2619 525 2657 pro
538 2605 754 2645 Lucianeo
774 2604 902 2644 verbo
922 2602 1102 2642 scribere
1120 2601 1361 2640 inanimum
1377 2597 1734 2653 inducat.LmrM.

289 2716 307 2731 n
409 2671 510 2711 Εαᾶ.
530 2675 557 2711 1.
579 2674 641 2717 15.
662 2671 842 2726 ’‘Hoew)
873 2668 1145 2710 Commodius
1163 2671 1368 2721 legeretur
1385 2664 1534 2717 ἤροιτο.
1566 2665 1734 2707 somn.

309 2723 437 2781 Ηρετό
463 2743 520 2775 τις
538 2724 613 2776 ἂν,
644 2732 737 2768 vult
755 2725 929 2768 Belinus.
961 2726 1058 2767 er.
1118 2723 1288 2769 SOIWWS
1314 2721 1521 2776 cogitavit
1549 2720 1600 2762 ‘10
1635 2723 1735 2778 3901·-
