1834 3188
307 142 496 209 3336
893 173 1303 209 LUGIANI

249 303 289 338 P
303 301 382 336 151
394 279 475 325 κεῖ,
508 271 642 317 πάντα
669 271 892 324 ἐξετάσατε.
926 272 965 314 εἰ
985 286 1023 314 τι
1049 275 1129 315 τῶν
1158 271 1262 329 πρὸς
1291 272 1361 318 mlv
1391 275 1523 332 νόμον
1547 281 1778 336 παραλέλει-

392 360 499 394 πται,
520 344 587 385 xa)
610 345 645 385 εἰ
664 344 773 384 ἐνδεῖ
789 359 826 382 τι
847 339 887 395 ¹)
917 344 995 381 τῶν
1015 346 1217 395 προςεῖναι
1239 337 1487 396 ὄφειλόντων
1507 348 1774 402 τυραννοκτό-

247 443 285 477 P
301 441 378 476 152
391 430 463 466 νῳ.
505 415 642 466 πρῶτα
673 410 744 462 μὲν
775 409 825 462 δὴ
848 425 1011 463 γνωμην
1040 407 1319 464 προϋπάρχειν
1351 411 1424 467 χρὴ
1457 432 1496 468 γ
1485 418 1667 467 νναίαν,
1705 418 1774 459 καὶ

390 480 632 535 φιλόπολιν,
673 479 742 519 καὶ
769 474 849 530 πρὸ
874 481 953 517 τῶν
984 482 1132 518 κοινῶν
1163 476 1411 520 κινδυνεύειν
1436 482 1676 537 ἐθέλουσαν,
1705 486 1775 526 καὶ

387 555 445 607 τῷ
463 551 595 603 οἰκείῳ
612 542 778 600 θανάτῳ
798 544 871 596 την
892 561 971 585 των
990 550 1148 587 πολλων
1169 549 1367 601 σωτηρίαν
1389 545 1664 605 ωνησομένην.
1698 545 1769 606 ἆρ’

390 612 464 661 οὖν
486 617 591 670 πρὸς
604 618 723 656 τοῦτο
744 612 952 665 ἐνεδέησα,
994 614 1289 669 ἐμαλακίσθην,
1322 613 1350 669 ἢ
1372 615 1654 671 προειὸόμενός
1679 636 1770 662 τινα

386 690 468 728 τῶν
487 683 551 726 διὰ
572 684 694 736 μέσου
715 679 917 723 κινδύνων
937 677 1177 736 ἀπώκνησα,
1208 681 1280 725 οὐκ
1305 679 1355 725 ἂν
1389 686 1531 734 εἴποις,
1564 688 1658 739 μένε
1687 689 1770 730 τοί-

385 771 463 796 νυν
484 753 547 796 ἐπὶ
567 750 714 793 τούτου
732 766 786 791 ετι
805 748 950 802 μόνου,
992 751 1058 791 καὶ
1075 747 1211 804 νόμιζε
1231 757 1304 793 τοῦ
1320 756 1495 804 θελῆσαι
1518 750 1645 807 μόνον
1659 783 1671 801 ,
1702 773 1770 797 και

380 827 457 866 τοῦ
471 817 772 876 βουλευσασθαι
795 822 940 865 ταῦτα,
976 819 1012 858 εἰ
1037 819 1103 859 καὶ
1134 836 1188 871 μη
1215 817 1388 872 χρηστὸν
1418 817 1685 875 οἶποβεβηκει,
1725 825 1767 866 ἐκ

380 908 427 947 γε
445 894 491 943 s)
521 893 593 941 τῆς
609 885 772 942 γνώμης
791 881 915 939 αυτῆς
935 883 1184 928 καταστάντα
1201 885 1244 942 )
1274 905 1344 940 με,
1376 889 1492 942 γέρας
1516 885 1679 940 οἷξιοῦν,
1712 908 1767 941 ως

379 953 585 1012 εὗεργέτην
603 952 830 1010 λαμβάνειν
861 955 960 1007 ἐμου
984 953 1056 1007 μὲν
1079 971 1126 996 ου
1155 957 1424 1009 δυνηθέντος,
1459 956 1580 999 ἄλλου
1612 959 1653 1000 δὲ
1673 957 1766 1013 μετ’

379 1028 446 1080 ἐμὲ
462 1020 937 1079 τετυραννοκτονηκότος,
979 1019 1152 1076 ἄλογον,
1195 1025 1281 1066 εἰπέ
1308 1041 1398 1078 μοι,
1439 1020 1468 1077 ἢ
1493 1022 1680 1079 ἄγνωμον
1709 1021 1763 1079 ἦν

379 1099 618 1148 παρασχεῖν,·
649 1092 716 1133 καὶ
734 1087 899 1144 μάλιστα
920 1091 954 1131 εἰ
972 1091 1129 1145 ἔλεγον,
1172 1089 1334 1144 ἄνδρες,
1375 1092 1621 1146 ἐβουλόμην,
1664 1091 1762 1146 ἤθε’-

377 1168 499 1217 λησα,
531 1162 786 1214 ἐπεχείρησα,
818 1156 1040 1211 ἐπειράθην
1059 1163 1132 1211 τῆς
1148 1156 1331 1213 γνώμης,
1365 1158 1490 1213 μόνος
1508 1162 1550 1207 u)
1582 1158 1691 1211 ἄξιός
1710 1164 1762 1203 εἵ-

376 1249 420 1286 μι
440 1234 657 1285 τιμᾶσθαι,
701 1229 738 1269 τί
757 1223 809 1268 ὂίν
826 1223 1023 1281 ἀπεκρίνω
1045 1223 1156 1278 τότες
1197 1231 1291 1270 Νῦν
1311 1228 1381 1279 δὲ,
1423 1223 1471 1271 οὗ
1491 1227 1608 1270 τοῦτό
1629 1247 1756 1284 φημι,

416 1355 459 1399 r)
484 1358 552 1394 τι]
577 1352 701 1409 vulgo
723 1349 923 1391 omissum,
961 1351 1221 1395 praeeuntibus
1250 1353 1334 1396 Bz'p.
1372 1358 1408 1386 et
1436 1352 1551 1386 Schm.
1583 1353 1709 1399 recepi
1737 1365 1757 1388 e

462 1411 564 1445 2954.
615 1400 653 1441 s)
683 1395 732 1432 ἐκ
755 1399 825 1441 γε]
851 1408 922 1439 „ex
941 1397 982 1432 L.
1013 1397 1109 1442 (imo
1131 1408 1173 1430 ex
1193 1400 1232 1432 P.
1251 1404 1293 1431 ut
1319 1398 1469 1431 solanus
1495 1405 1594 1432 certe
1623 1400 1661 1433 in
1683 1400 1757 1433 Ad-

463 1453 541 1480 not.
550 1443 715 1486 refert)’
705 1443 741 1478 ἐκ
757 1444 896 1478 τεΕᾱά.
903 1445 926 1462 “
974 1444 1014 1485 t)
1042 1441 1367 1498 κατασταντα]
1392 1443 1632 1498 παραστάντα
1653 1447 1752 1487 conj,

464 1494 587 1537 Gu)et.
661 1496 708 1529 u)
724 1486 1014 1543 επειραθην
1037 1503 1122 1534 της
1144 1502 1354 1534 γνωμης,
1391 1488 1565 1534 μόνος]
1600 1490 1753 1536 ἐπειρά-

458 1541 555 1582 θην,
579 1537 644 1581 τῆς
660 1548 806 1580 γνωμης
832 1533 950 1579 μόνης
968 1534 1085 1580 μόνος
1103 1536 1457 1581 Socan.interpu11gi
1474 1542 1510 1570 et
1529 1538 1668 1583 corrigi
1687 1550 1753 1573 vo-

457 1584 541 1617 luit.
590 1583 661 1617 Sed
687 1582 760 1616 vid.
784 1582 921 1615 Adnot.

613 1698 663 1738 ab
688 1698 818 1738 initio
838 1697 939 1738 inde
959 1713 1028 1737 us..
1082 1698 1216 1738 Mane
1236 1712 1336 1738 vero
1358 1698 1403 1737 in
1425 1697 1507 1738 hoc
1526 1701 1607 1751 jam
1627 1702 1746 1749 solo,

1085 1765 1126 1795 et
1150 1765 1249 1807 puta
1270 1768 1336 1792 me
1356 1756 1592 1794 voluntatis
1612 1757 1748 1795 solius

1085 1821 1126 1851 et
1150 1811 1323 1850 consilii
1345 1811 1497 1864 hujus,
1537 1812 1618 1851 etsi
1641 1813 1747 1851 utile

1079 1871 1232 1922 patriae
1257 1881 1343 1906 non
1375 1869 1588 1918 evenerit,
1622 1878 1663 1907 et
1696 1867 1747 1908 de

1081 1923 1167 1962 solo
1203 1925 1297 1975 ipso
1328 1923 1470 1961 animo
1505 1924 1746 1962 consisten-

367 1699 570 1750 obsecro,

365 1771 447 1811 que
469 1757 520 1794 ad
542 1733 690 1806 finem,
725 1756 957 1809 exquirite,
991 1755 1027 1794 si

361 1812 556 1858 videtur,
591 1812 747 1862 omnia,
779 1813 814 1850 si
835 1812 937 1865 quid
957 1825 1026 1850 eo·

360 1884 477 1916 rum,
512 1883 618 1922 quae
636 1868 687 1907 ad
710 1872 842 1922 legem
863 1868 1025 1921 implen-

360 1924 452 1963 dam
482 1925 719 1977 pertinent,
755 1925 1024 1975 praetermis-

357 1996 449 2019 sum
477 1982 551 2019 sit:
585 1990 626 2020 et
643 1981 678 2019 si
700 1979 804 2034 quid
827 1979 934 2019 desit
951 1995 1021 2019 eo-

356 2051 472 2086 rum,
516 2051 623 2090 quae
643 2037 780 2076 inesse
807 2037 850 2074 in
876 2046 1019 2088 tyran-

354 2093 499 2131 nicida
524 2093 693 2132 debent.
754 2093 896 2131 Primo
919 2107 1018 2131 sane

354 2149 541 2187 animum
563 2159 660 2188 ante
681 2148 823 2188 adesse
849 2157 1018 2200 oportet

353 2219 601 2258 generosum
617 2234 631 2251 ‚
662 2214 703 2243 et
726 2214 933 2242 amantem
959 2205 1015 2242 ci-

351 2261 523 2307 vitatis,
576 2270 618 2300 et
660 2275 736 2312 pro
769 2260 941 2313 publica
973 2274 1016 2299 re

350 2317 588 2370 periclitari
609 2320 847 2364 volentem,
880 2327 921 2355 et
940 2331 1015 2355 sua

350 2382 486 2412 morte
506 2376 685 2411 salutem
721 2372 1012 2421 multitudinis

350 2439 572 2467 emtur.um
634 2428 858 2483 Numquid
881 2429 1014 2482 igitur

350 2484 402 2522 ad
448 2484 530 2523 hoc
583 2484 745 2536 defeci,
796 2485 1011 2524 emollitus

349 2553 465 2588 sum,
515 2550 587 2579 aut
625 2542 821 2593 praeviso
862 2542 1009 2593 aliquo

347 2608 506 2645 eorum,
542 2611 648 2649 quae
666 2598 925 2637 intervenire
944 2611 1009 2634 so·

344 2652 459 2700 lent,
515 2653 824 2702 periculorum,
871 2667 1010 2691 cona—-

343 2714 432 2744 tum
475 2706 646 2759 abjeci?
698 2709 800 2748 Non
833 2708 1006 2747 dixeris.

1079 1988 1186 2029 tem,
1228 1981 1444 2031 postulare
1483 1980 1741 2033 praemium,

1077 2045 1126 2073 ut
1145 2034 1249 2074 bene
1281 2035 1502 2085 meritum,
1536 2036 1740 2089 accipere.

1077 2090 1122 2129 Si
1145 2091 1278 2144 igitur
1299 2105 1386 2129 non
1409 2091 1662 2142 potuissem,
1698 2106 1740 2130 a·

1074 2147 1158 2185 lius
1180 2156 1319 2185 autem
1344 2156 1441 2199 post
1473 2162 1537 2186 me
1557 2147 1742 2186 interfe-

1075 2203 1202 2241 cisset
1222 2213 1462 2255 tyrannum,
1495 2202 1734 2254 absurdum,

1076 2258 1145 2297 dic
1169 2259 1300 2308 mihi,
1343 2268 1416 2296 aut
1443 2259 1737 2299 irrationabile

1074 2314 1207 2353 fuerit
1248 2315 1452 2367 praestari
1487 2316 1584 2353 mihi
1611 2331 1737 2367 prac-

1072 2370 1231 2412 mium?
1276 2371 1472 2423 inprimis
1504 2371 1538 2409 si
1574 2370 1730 2421 dicam,

1072 2428 1189 2475 Viri,
1227 2426 1440 2480 cogitavi,
1473 2426 1619 2475 volui,
1654 2441 1734 2466 co-

1071 2494 1193 2522 natus
1235 2497 1349 2535 sum,
1390 2483 1731 2534 experimentum

1071 2539 1201 2578 animi
1235 2524 1355 2577 dedi:
1410 2541 1524 2576 solus
1567 2537 1730 2578 honore

1070 2595 1224 2647 dignus
1242 2607 1357 2632 sum:
1390 2593 1493 2646 quid
1513 2603 1599 2632 tum
1620 2595 1727 2635 mihi

1067 2648 1355 2704 respondeas?
1396 2650 1486 2688 Jam
1513 2664 1612 2688 vero
1638 2666 1725 2690 non

1066 2707 1149 2745 hoc
1174 2705 1294 2755 dico,
1331 2703 1405 2746 sed
1425 2706 1551 2744 etiam
1576 2721 1726 2747 escen-
