1834 3188
359 206 411 236 m
447 206 687 245 Quomono
723 205 955 238 ms‘ronm
991 204 1067 236 ειν
1103 207 1295 238 consen.
1465 196 1561 241 611

217 301 322 344 Ibid.
348 298 541 360 Ἐλπίζῃ)
569 298 726 361 Ἑλπίζῃ
749 317 803 344 ex
829 302 902 344 W.
921 313 998 344 est.
1055 304 1108 343 In
1134 304 1231 344 aliis
1251 304 1365 344 enim
1395 305 1565 358 einiger,

102 359 316 400 mendose.
348 360 517 401 somn.

215 415 320 459 Ibid.
352 413 520 459 Κᾶνὸυν
545 417 760 473 πορφυρ.)
789 418 840 457 V.
863 417 1013 472 Spanh.
1033 421 1130 463 455.
1162 415 1333 458 SOLAN.
1399 418 1563 460 Ctesiam

102 472 176 512 hic
191 473 311 527 tangi
328 472 531 514 credibile
554 485 629 513 est.
688 476 758 514 De
779 475 927 526 candye
951 490 1034 514 non
1059 474 1317 524 diademate,
1350 476 1422 516 sed
1449 487 1562 530 toga,

102 529 251 583 Spanh.
276 528 327 568 de
351 545 431 570 usu
458 540 500 569 et
531 541 685 583 praest.
709 544 822 570 num.
847 532 963 571 Diss.
990 538 1030 576 8.
1052 547 1146 587 pag.
1169 537 1267 584 457.
1301 535 1455 588 Tor-que
1477 548 1563 572 non

100 600 201 624 usos
230 586 396 635 Persas,
429 586 515 625 nisi
536 587 691 641 quibus
723 601 797 626 rex
820 586 960 634 daret,
993 598 1161 627 constat
1187 604 1240 628 ex
1265 585 1446 643 Xenoph.
1473 589 1564 641 Cy-

100 656 195 694 rop.
217 647 267 692 S,
289 648 330 685 4.
350 643 515 682 Nisaeos
536 658 654 697 equos
684 643 796 683 inter
826 658 889 682 res
922 646 1129 697 pretiosas
1160 656 1383 684 numerant
1411 646 1562 698 passim

100 699 343 751 scriptores,
376 699 582 739 Strabonis
601 700 687 740 duo
703 704 794 739 loca
818 699 962 739 laudat
987 701 1209 741 Casaubon.
1232 701 1282 740 ad
1303 702 1450 742 Athen.
1470 705 1562 752 5,5.

99 753 297 810 idemque
320 755 426 794 illud
448 756 717 809 magnificum
742 757 915 811 Oppiani
939 759 1124 812 elogium
1149 759 1259 811 Cyn.
1288 765 1331 808 1,
1355 763 1451 803 310.
1476 772 1563 812 seq.

272 809 419 853 Κάλλεϊ
435 810 472 853 δ’
493 814 535 854 ἐν
553 811 746 856 πάντεσσι
764 816 868 855 πέλει
890 818 1188 868 πανυπείροχος
1204 817 1341 863 ἵππος,
1365 833 1401 856 κ.
1423 833 1454 856 τ.
1475 820 1508 855 λ.

101 866 177 908 Sic
202 867 341 907 utitur
367 868 551 908 Julianus
582 869 702 909 Orat.
732 876 772 914 2.
801 885 840 922 p.
863 874 932 913 50.
965 881 1070 910 extr.
1093 872 1206 925 Lips.
1235 872 1470 911 Themistius
1492 870 1564 912 Or.

99 929 167 971 22.
195 939 234 978 p.
254 929 350 968 266.
382 926 430 964 A.
461 926 576 964 Fons
607 937 746 966 autem
778 926 1005 966 Herodotus
1024 934 1072 980 3,
1099 933 1192 972 106.
1219 927 1408 982 itemque
1429 933 1479 979 7,
1497 933 1566 970 40.

101 980 177 1034 qui
200 981 412 1034 posterior
433 983 555 1020 locus
579 993 641 1022 est
662 984 879 1027 classicus,
911 983 1051 1023 GnsN.

209 1036 313 1076 Ead.
335 1039 361 1079 l.
385 1043 424 1082 3.
442 1035 598 1080 ’Ἵππον
614 1044 693 1081 τῶν
721 1039 934 1094 Νισαίων)
965 1041 1120 1081 Nisaea
1149 1039 1268 1095 regio
1297 1050 1360 1081 est
1387 1041 1567 1093 Partye—

97 1107 172 1133 nes
192 1092 307 1132 haud
325 1097 474 1147 procul
494 1094 663 1149 Caspiis
684 1096 924 1136 montibus:
958 1111 1002 1135 ea
1023 1112 1156 1151 equos
1178 1098 1565 1150 praestantissimos

96 1150 396 1204 maximosque
415 1151 538 1196 aluit,
560 1152 712 1205 quibus
733 1167 851 1207 reges
876 1153 958 1205 ipsi
981 1153 1216 1193 uterentur.
1250 1153 1382 1194 Str-ab.
1402 1153 1475 1195 lib.
1499 1159 1565 1198 11.

98 1207 208 1246 Plin.
230 1205 305 1245 lib.
325 1211 366 1250 6.
388 1210 501 1251 ‹225-
523 1208 626 1247 Plut.
647 1209 692 1247 in
714 1208 879 1262 Pyrrho
902 1209 1051 1248 Nisaei
1071 1210 1170 1264 equi
1189 1210 1395 1249 meminit.
1419 1210 1563 1250 Coun.

98 1264 169 1302 De
202 1261 358 1318 quibus
393 1263 490 1303 dico
517 1264 633 1305 alibi.
666 1266 842 1307 Bous».
903 1266 954 1305 V.
978 1267 1083 1306 X‘en.
1117 1266 1274 1318 Cyrop.
1300 1267 1351 1306 L.
1378 1266 1496 1304 VIII.
1524 1281 1563 1318 p.

100 1324 205 1368 124,
229 1323 293 1362 14.
326 1320 452 1360 Unde
474 1319 700 1371 discimus,
735 1322 843 1360 nulli
865 1321 975 1375 apud
1000 1324 1144 1361 Persas
1165 1322 1230 1361 his
1253 1322 1318 1360 uti
1345 1336 1564 1361 ornamen-

98 1377 154 1416 tis
178 1376 353 1429 equisve
370 1376 559 1426 licuisse,
575 1377 657 1416 nisi
679 1393 699 1417 a
724 1392 821 1432 rege
843 1378 1021 1418 honoris
1041 1392 1185 1418 caussa
1211 1378 1395 1418 donatis.
1426 1378 1563 1432 Quem

101 1443 242 1472 autem
273 1431 379 1471 haec
413 1433 564 1472 ultima
595 1434 853 1487 respiciant,
899 1436 1067 1487 nescio,
1116 1446 1228 1475 certe
1263 1449 1348 1473 non
1382 1434 1564 1488 Xenoph.

100 1503 225 1544 quem
250 1503 351 1527 mox
371 1489 566 1542 justitiae
586 1505 746 1530 summa
767 1491 892 1532 laude
915 1503 1052 1532 ornat.
1086 1491 1172 1532 vid.
1191 1491 1311 1545 Cogn.
1345 1492 1517 1531 Sonm.
1539 1506 1541 1508 ’

209 1544 311 1586 Eud.
333 1547 360 1586 l.
380 1549 419 1589 5·
454 1544 561 1587 Οὐδὲ
589 1547 867 1600 Θουκυδίδης)
897 1548 1095 1588 Aemilius
1123 1549 1277 1587 Probus
1310 1548 1353 1585 in
1385 1547 1567 1586 Themi-

97 1603 230 1644 stocle
249 1612 291 1641 et
314 1600 396 1641 Cic.
417 1601 463 1641 in
484 1602 618 1643 Bruto
645 1603 915 1660 Thucydidem
936 1605 1119 1659 plurima
1141 1603 1224 1644 fide
1244 1604 1421 1658 dignum
1442 1614 1567 1657 puta-

97 1667 265 1700 verunt.
302 1658 448 1699 Coos.
646 1692 648 1694 .
1264 1689 1266 1691 ,
1467 1690 1469 1693 .

210 1713 316 1754 Ibid.
351 1719 473 1770 Μισῇ
490 1716 607 1764 etc.)
637 1716 818 1772 X'enoph.
849 1715 954 1758 haec
980 1719 1101 1770 juxta
1132 1731 1180 1756 ac
1207 1715 1476 1772 Thucydidem
1498 1717 1571 1755 in-

98 1780 269 1817 nuunt,
300 1784 480 1824 quorum
509 1780 688 1825 uterque
714 1774 906 1813 factione
938 1774 1060 1813 civili
1090 1774 1134 1812 in
1156 1774 1333 1813 exilium
1357 1773 1463 1823 acti,
1499 1774 1571 1810 ni-

100 1828 164 1867 hil
182 1837 322 1866 tamen
345 1826 437 1866 odii
469 1826 514 1865 in
541 1826 742 1868 inimicos
763 1830 805 1867 in
828 1829 1034 1881 historia,
1067 1839 1175 1870 teste
1194 1829 1313 1868 omni
1335 1829 1570 1884 antiquita-

99 1894 166 1935 te,
199 1882 515 1922 admiscuerunt
538 1894 616 1923 etc.
649 1883 821 1925 Somne.

212 1939 316 1982 Eud.
338 1942 367 1979 1·
392 1944 431 1983 9.
466 1940 619 1982 Θυτὲον
637 1947 688 1997 τῇ
704 1939 907 1998 ἀληθείᾳ)
950 1941 1022 1981 Sic
1047 1941 1161 1981 infra
1180 1939 1365 1995 Lexiph.
1385 1956 1421 1981 c.
1444 1947 1511 1987 23.
1537 1942 1568 1985 f.

98 1996 231 2053 χάρισι
253 1998 322 2038 καὶ
342 1999 544 2050 σαφηνείᾳ
557 1996 647 2040 θύε.
684 1999 741 2038 80
751 2013 854 2040 LAN.

215 2053 320 2093 Ibid.
352 2055 412 2095 Εἴ
426 2058 508 2103 τις)
543 2054 616 2092 Ait
640 2045 830 2105 Noster:
849 2057 894 2097 ’ἓν
918 2053 1020 2110 γὰρ,
1061 2050 1114 2104 ὥς
1143 2056 1270 2108 ἔφην,
1312 2058 1430 2096 τοῦτο
1463 2056 1570 2096 ἴδιον

101 2115 173 2164 τῆς
191 2112 388 2163 ἱστορίας,
420 2111 487 2151 καὶ
506 2109 611 2167 μόνῃ
626 2113 775 2154 θυτέον
794 2116 842 2167 τῇ
863 2108 1058 2169 α’ληθείᾳ,
1092 2114 1178 2154 εἴτι
1195 2113 1374 2165 ἱστορίαν
1398 2110 1570 2165 γράψων

99 2171 171 2210 ἴοι.
230 2167 289 2204 Et
313 2165 384 2204 hic
403 2164 700 2221 degeneratum
733 2168 782 2206 ab
813 2169 1003 2221 antiquis
1030 2167 1164 2206 Editt.
1196 2168 1269 2206 ubi
1306 2177 1418 2206 recte
1452 2170 1489 2209 εἷ’
1511 2186 1571 2217 τις

101 2226 280 2277 ἱστορίαν
305 2219 478 2276 γράψων
499 2224 552 2264 ἰόι
575 2224 747 2276 legitur.
816 2226 942 2263 Unum
974 2228 1073 2264 enim
1096 2225 1194 2273 hoc,
1227 2235 1269 2263 ut
1294 2223 1406 2271 dixi,
1439 2224 1572 2264 histo—-

101 2284 183 2321 riae
199 2292 253 2320 est
269 2281 497 2331 proprium,·
526 2294 576 2318 ac
595 2280 671 2318 soli
688 2283 843 2319 veritati
859 2281 1068 2331 litandum,
1099 2282 1298 2331 (ridicule
1318 2278 1565 2330 Benedictus,

100 2334 403 2386 immolandum)
431 2337 466 2374 si
482 2338 569 2389 quis
588 2336 643 2374 ad
661 2336 864 2375 historiam
881 2338 1126 2377 scribendam
1143 2355 1182 2375 se
1201 2346 1410 2376 convertat.
1443 2336 1567 2377 JENS.

215 2391 316 2432 Eacl.
337 2394 365 2431 l.
394 2397 457 2433 11.
491 2393 660 2444 Πῆχυς)
692 2393 869 2432 Rectius
901 2403 1038 2433 vertas
1063 2399 1193 2447 πῆχυς
1213 2391 1290 2443 εἷς,
1333 2394 1400 2434 καὶ
1428 2394 1570 2445 μέτρον

102 2449 288 2505 ἀκριβὲς,
327 2463 405 2486 una
438 2462 600 2497 norma,
631 2458 666 2486 et
698 2465 877 2487 mensura
904 2461 1034 2491 certa:
1066 2465 1178 2502 non,
1209 2460 1257 2489 ut
1291 2448 1566 2503 interpretes,

101 2524 181 2548 una
201 2506 308 2546 ulna.
342 2503 518 2542 GnAEv.

215 2561 366 2602 Ead.1.
394 2564 458 2602 14.
493 2557 831 2611 Κολακευόντων)
862 2560 1061 2614 Respicit
1083 2562 1132 2601 ad
1166 2561 1424 2601 Socraticam
1451 2560 1566 2600 inam

101 2619 193 2660 sive
212 2616 476 2658 Platonicam
498 2615 649 2654 artium
676 2615 1015 2668 distinctionem,
1045 2633 1125 2672 qua
1148 2619 1242 2657 illas
1266 2632 1410 2657 omnes
1431 2617 1474 2655 iu
1494 2635 1567 2658 πο·

102 2674 255 2724 λιτικᾶς
272 2685 314 2716 et
334 2669 615 2721 κολακευτικᾶς
633 2671 873 2724 dividebat,
904 2676 1024 2726 cujus
1048 2689 1140 2713 cum
1164 2676 1289 2714 etiarn
1315 2674 1460 2713 Fabius
1484 2688 1565 2712 me-

105 2733 278 2773 minerit
296 2730 438 2772 Instit.
461 2730 581 2770 Orat.
606 2735 656 2776 2,
678 2732 749 2780 15,
769 2732 837 2775 25.
860 2729 911 2769 ad
932 2744 1026 2770 eum
1049 2733 1188 2770 locum
1212 2745 1234 2770 e
1254 2729 1433 2771 Platonis
1458 2731 1566 2769 Gor·

1150 2786 1291 2841 Qq2
