1834 3188
372 210 471 257 100
861 219 1265 250 LuctAN1

228 321 442 379 ρ.815.τὴν
459 318 605 376 τύχην,
639 316 699 363 ὅτι
719 316 771 372 μὴ
795 315 958 360 δύναιτο
982 313 1167 359 ἀνελθεῖν
1187 317 1226 366 ἒς
1245 315 1316 359 τὸν
1341 313 1539 372 οὐρανὸν,
1571 336 1597 370 η
1622 337 1682 361 οτι
1703 318 1758 374 μὴ

369 391 520 448 βύθιος
537 387 692 436 ὖποδὺς
712 389 750 436 ἐς
771 386 842 439 τὴν
858 385 1082 435 θάλατταν,
1104 382 1182 425 ἀπὸ
1206 387 1388 434 Σικελίας
1409 388 1447 435 ἐς
1467 386 1637 441 Κύπρον
1659 384 1758 430 ἀνα-

370 458 552 509 δύσεται,
584 454 611 510 ἢ
632 454 691 498 ὅτι
711 454 764 509 μὴ
785 451 926 509 ἀρθεὶς
944 451 1095 506 πτηνὸς
1125 447 1174 493 αὖ
1185 452 1361 507 θιημερόν
1382 449 1461 496 ἀπὸ
1482 459 1552 506 τῆς
1570 453 1762 505 Ἑλλάδος

373 531 430 577 εἰς
445 524 601 574 Ἰνδούς
618 530 735 566 τελεῖ·
766 522 809 565 τὸ
835 520 872 565 δ’
911 523 1037 563 αἴτιον
1064 525 1134 573 τῆς
1157 518 1303 572 λύπης,
1336 520 1393 562 ὅτι
1415 517 1595 575 ἠλπίκει,
1631 522 1762 578 οἶμαι,

372 594 403 651 ‘1⁵2'
421 594 519 650 ὅναρ
541 593 636 636 ποτὲ
657 590 753 634 ἰδών
775 597 975 640 τοιοῦτον,
1006 587 1031 642 ἢ
1053 587 1168 639 αὐτὸς
1188 587 1298 646 αὐτῷ
1319 587 1565 640 ἀναπλάσας,
1600 588 1648 633 οὗ
1666 589 1765 645 πρό-

373 681 487 717 τερον
511 661 692 713 ἐξετάσας
714 662 749 701 εἰ
769 658 911 713 ἐφικτοὶ
932 658 1101 712 εὔχεται,
1134 661 1197 701 καὶ
1219 655 1321 700 κατοῖ
1340 657 1413 709 τὴν
1435 654 1657 711 ἀνθρώπου
1681 658 1767 712 φύ-

376 747 453 775 σιν.
485 731 551 772 xa}
578 727 628 780 δὴ
651 730 715 770 καὶ
738 728 799 778 σὲ,
832 721 862 768 ὦ
890 729 1037 780 ἑταῖρε,
1070 726 1198 769 πολλοὶ
1230 728 1295 769 καὶ
1317 725 1532 779 θαυμαστὰ
1554 724 1766 783 ὀνειροπο-

375 804 524 842 λοῦντα
543 795 666 845 νύξας
687 794 709 837 ὁ
728 795 868 850 λόγος,
901 791 980 837 ἀπὸ
1002 802 1073 838 τοῦ
1091 794 1223 838 ῧπνου
1245 798 1429 849 ἐκθορεῖν
1451 796 1648 847 ἐποίησεν.
1682 794 1766 837 εἶτα

378 863 514 922 ὄργι’ζῃ
535 859 657 920 αύτῷ,
681 865 734 905 ἔτι
755 861 866 916 μόλις
882 862 974 913 τούς
989 862 1230 919 ὀφθαλμούς
1253 861 1445 917 ἀνοίγων,
1461 864 1526 904 καὶ
1544 861 1614 904 τόν
1634 861 1764 905 ὕπνον

231 931 428 995 Ρ,8ι4,,ού
453 936 601 992 ῥᾳδίως
632 929 916 985 ἀποσειόμενος
937 929 1014 984 ὕφ’
1044 930 1195 987 ἡδονῆς
1229 928 1284 974 ὧν
1316 930 1457 985 ἑώρας.
1503 929 1705 984 πάσχουσι
1727 935 1765 974 δ’

379 1002 478 1047 αὐτὸ
501 1004 568 1044 καὶ
590 1003 631 1043 οἵ
648 999 721 1052 τὴν
742 997 864 1052 κενὴν
884 1003 1084 1056 μακαρίαν
1104 1005 1150 1054 g)
1184 1004 1339 1049 ἑαυτοῖς
1358 998 1686 1050 ἀναπλάττοντες,
1718 997 1770 1054 ἦν

379 1069 522 1128 μεταξὺ
544 1066 589 1120 ¹¹)
623 1074 865 1111 πλουτοῦσιν
899 1065 1056 1120 αὐτοῖς,
1104 1072 1171 1112 καὶ
1210 1066 1446 1122 θησαυρούς
1485 1066 1766 1121 ἀνορύττουσι,

380 1142 448 1184 καὶ
467 1134 739 1195 βασιλεύουσι,
772 1139 841 1179 καὶ
864 1137 982 1179 τᾶλλα
1007 1135 1334 1191 εύδαιμονοΐσιν,
1369 1134 1461 1188 (οἷα
1482 1134 1609 1178 πολλοὶ
1628 1133 1656 1189 ἦ
1672 1134 1770 1185 θεὸς

381 1211 515 1261 ἐκείνη
541 1209 790 1263 ῥᾳδιουργεῖ,
820 1202 847 1258 ἦ
881 1202 996 1259 Εύχὴ
1030 1204 1304 1262 μεγαλόδωρος
1331 1199 1453 1253 οὖσα,
1486 1206 1553 1246 καὶ
1573 1203 1675 1257 πρὸς
1703 1201 1771 1246 οὖ-

384 1276 452 1319 δὲν
478 1271 756 1329 ἀντιλέγουσα,
787 1271 865 1329 κᾷν
893 1272 1046 1327 πτηνὸς
1072 1277 1170 1331 θέλῃ
1197 1292 1256 1323 τις
1282 1275 1490 1328 γενέσθαι,
1521 1270 1598 1329 κᾷν
1623 1278 1771 1314 κολοσ-

383 1349 514 1392 σιαῖος
535 1340 578 1383 τὸ
608 1343 797 1397 μέγεθος,
830 1339 906 1398 κᾷν
927 1341 1000 1396 ὅρη
1027 1341 1096 1385 ὅλα
1115 1346 1245 1397 χρυσᾶ
1269 1338 1466 1396 εὑρίσκειν
1486 1336 1531 1394 i)·
1562 1338 1613 1395 ἢν
1633 1344 1773 1384 τοίνυν

382 1416 505 1453 ταῦτα
534 1412 746 1452 ἐννοοῦσιν
774 1407 935 1459 αὐτοῖς,
982 1409 1004 1453 ὁ
1033 1418 1128 1461 παῖς
1168 1407 1425 1463 προςελθιόν,
1467 1403 1601 1462 ἔρηταί
1628 1426 1664 1451 τι
1693 1413 1772 1451 τῶν

429 1513 478 1558 g)
503 1507 645 1555 κενήν
670 1511 952 1555 μακαρίαν]
991 1509 1143 1556 ,,Κενήν
1170 1511 1232 1547 καὶ
1255 1511 1443 1556 μακαρίαν
1466 1511 1565 1544 maie
1594 1512 1649 1542 W.
1700 1510 1773 1544 Sed

475 1564 577 1591 recte
596 1558 699 1590 abest
715 1557 777 1591 καὶ
797 1558 841 1590 ab
863 1557 956 1592 Edd.
975 1560 1006 1591 J.
1028 1559 1083 1593 Pl.
1104 1561 1151 1593 H.
1171 1561 1250 1594 Par.
1272 1563 1369 1591 etc.‘⁴

956 1604 994 1648 1')
1021 1601 1298 1650 εὑρίσκειν]
1326 1600 1475 1650 εὑρίσκῃ
1496 1604 1546 1636 id.
1568 1603 1675 1638 male.

474 1601 620 1648 καὶγὰρ
642 1615 744 1647 3011.
763 1604 898 1647 inepte.

385 1684 500 1742 quod
532 1683 784 1724 adscendere
812 1685 856 1722 in
884 1687 1048 1724 coelum

385 1751 584 1795 nequeat,
618 1751 689 1779 aut
710 1740 824 1794 quod
845 1756 929 1780 non
951 1757 1046 1795 pro-

384 1798 522 1837 fundo
547 1799 648 1836 mari
678 1812 834 1837 mersus
856 1813 875 1835 a
901 1799 1047 1837 Sicilia

387 1869 595 1908 emergere
630 1854 673 1892 in
717 1854 931 1907 Cyprum,
975 1864 1048 1893 aut

387 1911 503 1964 quod
539 1925 624 1949 non
664 1913 815 1963 pennis
858 1912 1047 1950 sublatus

385 1982 438 2006 ex
460 1967 638 2006 Graecia
658 1966 804 2007 eodem
825 1967 892 2006 die
919 1967 969 2006 ad
982 1969 1051 2005 In-

389 2022 465 2061 dos
492 2024 733 2074 perveniat:
768 2037 951 2062 caussam
978 2039 1051 2064 ve-

385 2093 434 2117 ro
456 2082 547 2131 ejus
573 2079 733 2117 doloris
754 2080 858 2119 lzccnc
884 2080 1049 2129 habeat,

388 2134 504 2188 quod
523 2135 776 2186 speraverit,
814 2148 942 2188 puto,
977 2146 1050 2174 aut

385 2191 482 2230 viso
514 2191 626 2230 forte
649 2191 723 2229 tali
749 2192 914 2231 somnio
932 2224 944 2240 ‚
977 2201 1050 2230 aut

384 2246 501 2301 quod
532 2247 624 2300 ipse
655 2246 738 2285 sibi
772 2251 882 2286 ultro
916 2248 1048 2288 finxe-

383 2303 463 2353 rit,
521 2317 606 2342 non
648 2306 869 2356 explorato
906 2306 1045 2357 prius,

383 2372 484 2398 num
506 2373 552 2398 ea
578 2369 697 2413 optet
713 2391 724 2411 ,
758 2359 809 2398 ad
832 2375 938 2413 quae
957 2376 1047 2413 per-

382 2416 529 2454 venire
560 2416 718 2469 possit,
754 2431 946 2470 quaeque
971 2417 1046 2455 hu-

381 2484 531 2510 manae
562 2484 737 2512 naturae
767 2484 1042 2514 conveniant.

381 2525 441 2564 Et
465 2540 564 2566 sane
595 2528 676 2566 tibi
698 2543 890 2584 quoque,
922 2530 1044 2568 soda-

381 2581 462 2632 lis,
522 2587 653 2622 multa
694 2595 735 2624 et
774 2586 1041 2625 admirabilia

380 2639 611 2677 somnianti
635 2643 745 2679 latus
775 2641 945 2680 fodiens
974 2657 1041 2681 ra-

379 2693 464 2745 tio,
497 2710 550 2734 ex
580 2710 727 2733 somno
763 2707 808 2735 ut
839 2699 1036 2737 exsilires

379 2749 532 2791 effecit.
593 2750 767 2792 Deinde
797 2754 863 2793 illi
885 2755 1035 2796 irasce-

1420 1558 1468 1597 h)
1495 1554 1550 1601 ἢν
1575 1552 1767 1601 μεταξύ]

1107 1687 1165 1724 ris
1198 1688 1273 1725 vix
1302 1687 1494 1739 aperiens
1526 1687 1698 1734 oculos,
1730 1691 1772 1722 et

1107 1758 1195 1781 non
1244 1744 1334 1781 sine
1376 1741 1627 1780 difficultate
1655 1755 1773 1779 som-

1107 1813 1208 1837 num
1227 1814 1324 1852 prae
1346 1803 1567 1850 voluptate
1584 1797 1772 1835 visorum

1107 1856 1342 1897 excutiens,
1404 1856 1497 1893 Usu
1522 1854 1627 1892 illud
1652 1853 1773 1893 venit

1107 1914 1232 1952 etiam
1261 1913 1339 1962 iis,
1384 1913 1456 1964 qui
1483 1925 1632 1949 vanam
1657 1911 1773 1948 illam

1109 1969 1280 2009 Beatam
1303 1967 1470 2007 insulam
1491 1967 1574 2005 sibi
1592 1967 1774 2020 fingunt.

1110 2024 1155 2064 Si
1183 2024 1274 2074 his,
1325 2025 1421 2062 dum
1454 2024 1609 2063 divites
1644 2032 1770 2070 sunt,

1111 2080 1207 2118 dum
1232 2080 1445 2120 effodiunt
1466 2080 1702 2128 thesauros,
1729 2087 1770 2115 et

1108 2147 1310 2190 regnaut,
1361 2147 1402 2176 et
1437 2137 1614 2175 caeteris
1644 2135 1768 2173 rebus

1107 2193 1222 2231 beati
1264 2203 1386 2243 sunt,
1448 2193 1589 2247 qualia
1639 2193 1770 2229 multa

1108 2260 1324 2302 perpetrat
1346 2251 1439 2288 Dea
1462 2251 1557 2298 illa,
1592 2248 1661 2286 cui
1684 2247 1769 2285 Vo-

1106 2307 1141 2343 ti
1166 2320 1319 2344 nomen
1339 2316 1412 2356 est⁷
1437 2304 1658 2358 magnifica
1679 2317 1769 2340 mu-

1108 2361 1295 2412 neribus,
1311 2376 1445 2417 neque
1469 2359 1766 2400 contradicens

1106 2419 1328 2472 cuiquam,
1381 2432 1457 2456 nec
1500 2417 1535 2454 si
1577 2414 1764 2453 volucris

1106 2474 1197 2513 fieri
1225 2475 1319 2527 quis
1345 2475 1472 2522 velit,
1517 2486 1594 2509 nec
1616 2472 1651 2509 si
1681 2470 1763 2509 Co-

1101 2533 1262 2569 lossaea
1315 2527 1633 2582 magnitudine,
1683 2541 1761 2566 nec

1100 2601 1136 2624 ει
1172 2599 1318 2625 aureos
1357 2594 1472 2623 totos
1502 2595 1666 2622 montes
1697 2597 1763 2620 m-

1099 2643 1272 2681 venire:
1334 2640 1438 2679 haec
1495 2641 1629 2693 igitur
1659 2639 1759 2677 dum

1097 2699 1239 2736 animo
1273 2697 1458 2751 agitant,
1501 2697 1537 2733 si
1568 2711 1673 2749 puer
1693 2709 1761 2733 ac-

1096 2752 1248 2794 cedens
1285 2754 1521 2807 interroget
1566 2765 1756 2793 necessa-
