1834 3188
451 199 535 228 IN
607 197 1256 230 11131tM0'r131uM.
1493 191 1593 236 443

131 297 419 351 quaestionem
443 295 589 336 eodem
621 294 748 334 modo
779 295 1060 348 respondeat,
1094 311 1180 336 non
1215 307 1407 351 poterat,
1441 300 1593 346 credo,

129 355 241 393 idem
265 353 315 392 de
335 353 478 392 eadem
503 368 545 392 re
566 351 630 390 bis
652 350 874 391 declarare.
934 352 1157 392 Dissectus
1179 354 1344 406 Lycini
1364 369 1497 393 sermo
1518 358 1593 394 mi-

130 411 177 448 hi
199 410 368 463 quidem
390 409 501 449 idem
520 409 771 461 depravatus
794 408 1021 449 videbitur.
1050 410 1204 463 Neque
1224 411 1404 450 Jacobsii
1425 423 1593 451 senten-

131 468 231 505 tiam
263 466 438 505 omnino
472 465 630 519 probo,
673 465 747 519 qui
773 465 873 504 voci
902 463 1028 507 πολλὰ
1057 467 1270 518 praemitti
1300 471 1395 506 vult
1421 465 1502 514 ὅτι,
1545 479 1594 507 ut

128 523 284 562 arctius
306 522 362 560 sit
380 522 507 574 hujus
526 520 839 561 enuntiationis
860 535 953 561 cum
974 520 1177 576 πρόδηλον
1194 523 1427 566 vinculum
1481 525 1591 563 Nam

131 579 359 632 abruptae,
398 582 468 617 vel
500 578 668 631 potius,
712 587 934 646 separatae
971 579 1314 619 enuntiationes:
1364 579 1490 622 πολλα
1519 580 1594 635 γάρ

130 639 232 686 ἐστι,
263 635 494 688 πρόδηλον,
527 635 631 684 (int.
659 634 774 675 τοῦτό
804 632 960 688 ἐστιν,)
993 653 1021 676 ω
1051 637 1200 689 graios,
1234 637 1368 691 magis
1406 637 1513 676 mihi
1547 638 1593 675 in

131 693 261 746 hujus
292 692 519 731 vividioris
553 690 639 729 loci
673 690 894 743 ingenium
929 693 1159 732 convenire
1195 692 1425 742 videntur,
1470 709 1593 749 quam

131 748 367 788 arctissime
389 761 615 787 connexae.
650 747 808 785 me.

244 805 346 844 Ead.
370 807 397 844 l.
423 809 462 848 5.
495 806 664 845 Εἴκοσιν
687 800 779 857 ε’τη)
809 803 861 841 In
888 803 1084 843 omnibus
1104 814 1224 844 antea
1252 805 1472 859 legebatur
1491 809 1599 854 εἰκὸς

132 864 207 911 ἔτι,
241 875 318 899 nec
339 860 561 913 quisquam
583 868 748 912 praeter
773 860 974 899 Vorsiium
1008 861 1201 911 exstitit,
1247 862 1321 914 qui
1351 874 1597 917 corruptum

135 922 277 957 iocum
302 917 612 968 pronuntiaret.
673 916 716 954 Is
737 926 876 954 autem
898 917 1079 971 margini
1100 917 1166 954 sui
1193 917 1368 956 Codicis
1388 933 1465 971 pro
1492 919 1600 967 εἰκὸς

133 974 415 1025 adscripserat
437 976 534 1024 εἰκῆ.
597 971 678 1011 Sed
707 987 760 1011 ne
781 972 843 1010 sic
866 972 1035 1027 quidem
1058 973 1296 1015 sanabatur
1357 976 1453 1029 Ego
1475 991 1595 1018 vero

136 1030 212 1082 qui
231 1029 517 1068 meminissem
545 1029 857 1068 Hermotimum
880 1030 962 1067 XX
985 1043 1117 1068 annos
1138 1040 1368 1083 perpetuos
1397 1032 1597 1085 magistro

135 1086 284 1126 Stoico
320 1099 488 1137 operam
521 1085 705 1133 dedisse,
747 1085 818 1139 (c.
839 1091 878 1128 2.
901 1095 942 1123 et
961 1085 1060 1140 77.)
1090 1085 1269 1125 eundem
1301 1089 1428 1125 etiam
1459 1103 1600 1126 nume·

134 1157 226 1181 rum
248 1156 456 1180 annorum
480 1156 531 1181 ex
557 1142 755 1193 Ulyssis,
789 1143 860 1179 cui
891 1152 1182 1195 comparatur,
1213 1142 1358 1181 militia
1388 1155 1422 1182 et
1452 1148 1601 1182 error-i—

137 1199 208 1238 bus·
226 1198 374 1250 colligi
396 1212 482 1236 non
508 1199 733 1251 ignorans,
767 1212 897 1237 meam
923 1198 1293 1238 emendationem
1283 1214 1325 1236 m
1348 1209 1510 1238 textum
1534 1216 1602 1239 re-

136 1256 278 1307 cipere
300 1254 475 1292 minime
507 1253 725 1301 dubitavi3
759 1255 1003 1307 praesertim
1038 1270 1132 1292 cum
1161 1256 1372 1295 levissima
1405 1257 1602 1309 interpo-

132 1311 296 1351 latione
317 1309 524 1348 Codicum
545 1285 795 1362 scriptuiam
820 1321 1118 1363 repraesentet.
1181 1312 1354 1350 Utinam
1376 1312 1516 1352 eadem
1539 1314 1601 1351 fa-

135 1368 301 1407 cilitate
321 1367 485 1419 reliqua
511 1365 622 1418 apud
646 1366 759 1405 hunc
782 1377 979 1419 corrupta
1003 1367 1063 1405 sic
1082 1367 1251 1420 liquido
1274 1369 1497 1408 restituere
1521 1368 1599 1406 da·-

133 1422 268 1463 retur!
321 1423 478 1462 Verum
510 1437 598 1460 non
636 1437 797 1474 semper
829 1423 890 1460 sic
917 1433 1035 1476 patet
1063 1423 1116 1461 ad
1144 1424 1481 1464 emendationem
1512 1426 1596 1466 via.

133 1480 217 1518 Cui
238 1479 349 1517 enim
370 1478 441 1517 hic
464 1479 505 1516 in
525 1489 706 1517 mentem
727 1480 809 1517 XX
831 1479 893 1516 illi
918 1479 1021 1517 anni
1045 1481 1281 1530 venissent,
1315 1481 1399 1518 nisi
1426 1481 1528 1518 alibi
1551 1482 1594 1518 in

133 1535 281 1575 eodem
312 1535 460 1574 libello
493 1534 544 1573 de
574 1535 626 1572 iis
658 1535 863 1588 legisset?
915 1536 1016 1574 Non
1047 1550 1210 1588 semper
1240 1537 1386 1589 itaque
1417 1538 1599 1577 inertiae

133 1594 465 1641 Enarratorum,
499 1590 782 1630 Editorumve
803 1591 1099 1643 imputandum
1124 1603 1207 1642 est,
1249 1592 1366 1645 quod
1399 1603 1596 1646 corrupta

133 1647 245 1701 apud
276 1657 437 1688 veteres
472 1648 702 1699 scriptores
736 1648 860 1687 verba
894 1647 1087 1686 edantur.
1158 1649 1268 1687 Suut
1299 1650 1410 1688 enim
1441 1649 1599 1702 absque

135 1704 345 1744 Codicum
367 1718 447 1756 ope
470 1704 672 1759 quaedam
692 1704 961 1744 insanabilia.
1023 1706 1133 1743 Tum
1154 1705 1319 1744 demum
1340 1706 1490 1745 meiito
1513 1709 1599 1744 cul-

134 1759 267 1816 pandi
303 1770 424 1805 sunt,
469 1775 560 1797 cum
586 1774 715 1812 prava
745 1769 786 1799 et
819 1770 1016 1814 corrupta
1049 1776 1126 1834 p5r0
1148 1762 1263 1799 sanis
1296 1771 1337 1800 et
1360 1761 1537 1800 tradunt
1558 1771 1602 1801 et:

136 1826 346 1857 enarrant.
379 1816 469 1855 SOL
476 1831 548 1855 με
610 1815 735 1864 Εἰκὸς
758 1817 840 1865 ε’τι)
873 1819 1044 1858 Εἴκοσιν
1076 1818 1141 1869 ε’τη
1171 1817 1342 1856 Solemus
1371 1818 1498 1870 jussit
1526 1833 1602 1856 re-

135 1873 256 1927 poni,
278 1888 354 1926 pro
377 1872 555 1911 absurda
578 1873 744 1912 scilicet
766 1875 960 1927 vulgata3
991 1888 1042 1912 ex
1062 1887 1096 1912 c.
1119 1879 1157 1916 2.
1181 1883 1223 1913 et
1245 1879 1310 1916 77.
1335 1873 1459 1925 hujus
1478 1874 1598 1913 Dial.

139 1930 221 1970 Cui
243 1944 387 1982 parere
408 1929 485 1966 vix
511 1928 770 1978 dubitarem,
806 1930 904 1982 quia
929 1906 1170 1969 emendatio
1190 1939 1251 1969 est
1271 1929 1374 1968 adeo
1394 1931 1603 1969 manifes-

140 1997 204 2035 ta,
238 1997 280 2024 et
300 1986 480 2024 mutatio
505 1984 609 2024 adeo
635 1986 803 2038 exigua.
863 1986 901 2024 V
904 2001 1018 2025 erum
1039 1986 1138 2038 quia
1159 2000 1297 2038 neque
1314 1988 1403 2024 ullo
1425 1986 1600 2034 Codice,

141 2056 280 2095 neque
302 2041 510 2080 Editione
529 2052 590 2080 est
613 2041 884 2091 sufl'ulta,‘et
908 2042 1065 2081 Getam·
1086 2043 1224 2081 versio
1247 2056 1415 2081 sensum
1443 2057 1494 2081 ex
1512 2045 1604 2080 vul·

141 2108 235 2152 gata
259 2098 375 2137 elicit
393 2098 492 2135 satis
522 2101 719 2149 planum,
751 2113 837 2137 non
873 2099 1008 2137 ausim
1032 2099 1168 2151 ipsum
1191 2109 1439 2137 contextum
1462 2108 1604 2136 muta-

139 2170 206 2203 re,
248 2154 329 2192 etsi
356 2153 499 2192 Solam:
533 2154 872 2194 emendationem
907 2154 1029 2194 valde
1056 2155 1206 2208 probo.
1255 2157 1418 2195 Rmrz
1489 2155 1604 2192 Scita

142 2209 313 2264 quidem
338 2219 400 2249 est
420 2210 560 2248 versio
587 2209 765 2259 Gesncri,
799 2211 870 2251 sed
889 2212 1140 2251 necessitate
1163 2226 1381 2279 expressa,
1406 2212 1464 2248 ita
1484 2210 1604 2248 scili-

141 2278 208 2306 cet
229 2276 491 2318 comparata,
525 2267 643 2318 quasi
662 2267 714 2304 in
739 2276 860 2306 textu
882 2271 1071 2322 legatur:
1104 2266 1132 2319 ἠ’
1154 2286 1230 2309 ουκ
1251 2265 1301 2308 ἄν
1323 2266 1427 2315 εἰκὸς
1446 2284 1528 2319 ἠν
1519 2285 1591 2307 πα-

140 2326 322 2377 ραμεῖναί
345 2337 384 2364 σε
405 2319 512 2363 avr&
529 2332 608 2361 etc,
649 2324 800 2377 Neque
824 2299 948 2363 3ἀθοὈ
954 2324 1057 2362 haec
1079 2324 1203 2362 nobis
1224 2337 1371 2363 norma
1395 2337 1483 2362 esse
1507 2334 1604 2376 pot-

139 2391 201 2420 est
224 2389 367 2419 textus
399 2367 705 2418 constituendi.
768 2380 882 2433 Ergo
918 2394 1040 2431 quam
1065 2382 1277 2433 egregiam
1302 2379 1444 2419 Solani
1466 2394 1605 2418 emen-

141 2437 357 2476 dationem
390 2434 621 2487 probarunt
647 2436 822 2473 Reitzius
844 2446 884 2473 et
907 2436 1193 2485 Sclmricclerus‚
1228 2450 1315 2475 eam
1347 2450 1425 2473 nec
1459 2435 1606 2474 haesi-

141 2503 280 2533 tantes
301 2492 427 2531 iidem
452 2491 637 2542 recipere
665 2491 883 2530 debebant.
948 2492 1074 2543 Quod
1107 2492 1305 2543 equidem
1337 2505 1452 2530 nunc
1482 2502 1603 2530 tanto

140 2549 356 2588 lubentius
378 2549 481 2595 feci,
511 2562 637 2599 quum
661 2548 786 2586 etiam
809 2548 970 2586 Rclitms
990 2558 1031 2585 et
1059 2548 1302 2587 lViclamlius
1325 2548 1439 2586 illam
1464 2548 1606 2587 solani

142 2606 369 2644 lectionem
407 2605 449 2641 in
484 2604 910 2655 interpretationibus
941 2605 1028 2641 suis
1065 2606 1200 2642 secuti
1234 2605 1333 2642 siut.
1393 2605 1461 2643 Sic
1496 2604 1605 2642 illud

144 2659 243 2700 κατὰ
264 2658 571 2707 τὸνὈόυσσέιι,
605 2660 717 2710 quod
744 2661 845 2696 alias
871 2661 1013 2698 nescio
1038 2675 1088 2697 an
1121 2661 1247 2699 nimis
1281 2675 1430 2714 vagum
1470 2661 1603 2700 soret,

147 2727 301 2756 certam
324 2718 482 2770 accipit
504 2731 551 2755 ac
575 2716 826 2755 destinatam
851 2717 956 2766 viui,
1001 2720 1234 2772 salsamque
1258 2718 1383 2756 simul
1415 2716 1605 2756 vicennii
