1834 3188
342 205 393 234 m
430 201 668 244 Quomono
706 201 939 233 msroRIA
976 203 1053 234 sn·
1090 204 1287 271 consen<
1448 191 1548 241 543

88 322 160 359 ρας
176 301 433 358 κομμώματα.
491 302 676 342 Latinus
696 301 924 354 interpres:
955 301 1153 355 Magnum
1172 303 1310 355 igitur,
1340 305 1420 345 imo
1434 303 1552 359 plus-

88 376 207 416 quam
224 376 410 413 magnum
432 359 507 400 lzoc
524 358 697 408 malum,
727 360 762 397 si
776 357 873 412 [quis
894 361 1043 397 nesciat
1067 374 1135 409 ea,
1175 375 1274 414 quae
1303 361 1491 402 historiae
1516 374 1554 402 et

83 420 253 471 poetices
274 428 364 455 sunt
382 418 566 470 propria,
599 430 797 468 separare,
830 413 898 453 sed
919 414 1148 455 introducat
1178 418 1221 455 in
1247 416 1453 458 historiam
1480 419 1555 459 al—

87 476 206 512 terius
225 484 475 523 ornamenta,
495 472 693 530 fabulam
715 473 899 509 nimirum
916 482 952 511 et
978 471 1158 523 laudem,
1200 488 1357 528 eosque,
1400 477 1469 530 qui
1494 476 1557 515 his

89 532 243 582 insunt,
274 545 468 569 eoecessus.
529 530 632 569 Non
654 527 809 566 damno
832 526 942 567 hanc
957 529 1200 579 lectionem,
1233 544 1373 583 neque
1395 532 1557 571 versio-

88 601 201 626 nem.
259 583 445 638 ΓΕτέριῑις,
477 601 535 627 sc.
555 589 782 638 ποιητικῆς.
842 583 1058 638 Excerpta
1081 595 1221 626 tamen
1242 602 1332 627 mea
1353 603 1447 627 cum
1467 590 1558 627 An-

89 643 259 696 glicano
284 643 446 683 Codice
469 643 663 682 scribunt
686 638 734 683 τὰ
752 644 826 693 τῆς
851 641 1009 695 ἑταίρας
1035 641 1308 696 κομμώματα,
1338 647 1560 685 meretricia

89 699 308 750 lenocinia,
325 699 454 757 fucos
481 700 726 741 meretricios.
786 697 857 736 Sic
884 707 1012 738 vocat
1044 699 1090 737 in
1120 699 1301 740 historia
1331 706 1558 755 poetarum

90 755 282 805 fabulas,
314 756 460 796 laudes
484 765 527 796 et
548 755 820 809 hyperbolaS.
880 753 1072 810 Ideoque
1092 756 1136 794 in
1157 767 1360 812 sequente
1376 757 1557 811 periodo

92 812 226 863 dicit,
258 812 342 852 hoc
368 811 477 853 idem
497 826 622 861 esses
638 826 685 850 ac
708 812 744 850 si
764 811 965 851 athletam
987 811 1207 852 robustum
1229 814 1324 867 quis
1347 812 1561 870 ἁλουργέσι

88 867 305 927 περιβάλῃ,
338 870 478 926 καὶτῷ
499 866 602 923 ἄλλῳ
627 867 765 925 κόσμῳ
789 872 845 925 τῷ
872 870 1074 925 ἑταιρικῷ,
1107 869 1248 909 induat
1265 874 1472 926 purpureis
1485 888 1560 911 ve—

91 927 214 966 stibus
235 937 270 964 et
288 925 369 965 alio
390 928 606 965 meretricio
636 936 791 966 ornatu.
849 925 903 964 In
930 925 1072 965 verbis
1104 927 1456 979 praecedentibus
1484 927 1560 967 di-

91 983 174 1032 xit,
207 981 257 1023 ἂν
280 985 319 1024 εἷ’
332 999 390 1031 τις
410 980 590 1036 ἀθλητὴν
608 987 687 1023 τῶν
703 987 903 1036 καρτερῶν
919 980 1076 1023 τούτων
1094 984 1161 1025 καὶ
1183 987 1331 1040 κομιδῇ
1345 987 1558 1039 πρινίνων,

91 1041 127 1077 si
147 1042 235 1094 quis
252 1038 441 1078 athletam
459 1039 638 1079 validum
658 1055 709 1078 ac
725 1039 960 1078 veliementer
979 1039 1191 1090 robustum,
1224 1055 1282 1081 se.
1304 1041 1407 1080 fuco
1428 1056 1560 1095 expo-

89 1095 181 1134 liat.
243 1098 436 1149 Πρίνινοι
459 1105 560 1134 sunt
581 1111 634 1135 ex
656 1095 811 1136 robore
837 1095 959 1149 quasi
979 1096 1195 1148 concreti,
1228 1111 1335 1151 quos
1356 1098 1559 1138 Germani

92 1162 136 1190 et
159 1153 313 1206 Belgae
336 1162 493 1193 vocant
517 1152 777 1192 boomsterclce
796 1169 976 1192 mannen.
1009 1152 1187 1193 GRAEV.
1248 1153 1411 1194 Homer.
1433 1155 1484 1197 Il,
1512 1161 1559 1204 Y,

89 1214 187 1251 227.
250 1209 336 1248 Cui
370 1209 585 1263 Isis-gilium
615 1211 826 1248 aemulum
855 1208 984 1260 adde,
1017 1210 1095 1264 qui
1116 1210 1225 1251 Aen.
1249 1210 1359 1261 VII,
1381 1214 1479 1257 805.
1508 1211 1560 1251 de

93 1265 270 1305 Camilla
292 1265 397 1306 haec
416 1267 557 1305 canit:

425 1346 482 1353 -—
514 1321 711 1378 Cur-suque
728 1322 873 1377 pedum
894 1333 1132 1376 praevertere
1151 1333 1284 1363 ventos

313 1378 395 1419 Illa
407 1413 418 1429 ,
448 1396 519 1419 nec
537 1381 711 1419 intactae
727 1383 864 1432 segetis
877 1396 948 1433 per
965 1395 1117 1424 summa
1135 1379 1288 1419 volaret

317 1436 532 1486 Gramina,
564 1453 634 1476 nec
665 1448 814 1475 teneras
839 1453 955 1476 cursa
981 1435 1155 1475 laesisset
1172 1439 1342 1477 aristas.-

315 1492 396 1532 Vel
410 1508 518 1531 mare
540 1510 611 1548 per
629 1493 798 1532 medium
811 1495 948 1548 fluctu
966 1509 1152 1546 suspensa
1170 1495 1323 1532 timenti

314 1550 448 1588 Terret
470 1552 563 1599 iter,
598 1549 734 1590 celeres
754 1566 823 1590 nec
849 1552 1010 1603 tingeret
1027 1565 1193 1604 aequore
1215 1549 1393 1604 planta&

92 1605 260 1647 sonis.

206 1661 308 1704 Eacl.
328 1665 356 1702 l.
380 1667 422 1706 4.
450 1659 503 1705 ‘O
527 1661 656 1714 Ζεὺς)
687 1662 785 1704 Vid.
809 1663 971 1704 Homer.
993 1663 1044 1702 Il.
1076 1668 1130 1714 Θ,
1153 1666 1219 1708 18.
1250 1663 1422 1704 SOLAN.

209 1719 313 1760 Ibid.
339 1716 452 1762 ‘Yazd
483 1721 603 1773 μιᾶς)
634 1722 759 1775 Angl.
792 1715 884 1762 ἆπό.
917 1721 1096 1760 Boxum.
1152 1718 1276 1771 Ἀπὸ)
1309 1721 1381 1760 Sic
1408 1720 1462 1761 A.
1489 1721 1563 1760 W.

93 1777 138 1816 P.
162 1784 204 1816 et
222 1777 274 1815 L.
333 1776 386 1815 In
406 1777 586 1830 reliquis
605 1774 697 1818 ὗπὸ.
727 1777 896 1816 SOLAN.

208 1831 312 1872 Ead.
334 1835 363 1872 l.
384 1837 424 1876 6.
458 1831 549 1889 Κςῖν
561 1828 858 1887 Ἀγαμέμνονα)
887 1832 1052 1872 Homer.
1077 1832 1202 1872 Iliad.
1224 1838 1263 1877 2.
1284 1833 1443 1874 Ασῆἰῖἶ.
1471 1835 1562 1876 Tar.

96 1889 173 1931 lib.
195 1896 231 1934 1.
261 1891 440 1929 Eoum).
501 1890 664 1929 Homer.
686 1891 737 1929 11.
759 1891 816 1937 B,
844 1894 939 1934 478.
971 1891 1142 1930 SoLAN.

209 1946 313 1986 Ead.
336 1949 363 1985 1.
383 1950 424 1989 9.
461 1946 636 2000 Ζώνην)
668 1945 890 1986 Viclendus
910 1946 983 1985 hic
1004 1947 1230 1986 Pausanias
1252 1946 1297 1985 in
1315 1946 1469 1987 Boeot.
1494 1961 1566 1986 cu-

96 2007 166 2058 jus
192 2005 401 2043 rationem
430 2004 583 2055 miror,
626 2003 742 2057 quod
779 2003 888 2043 hanc
917 2017 1089 2053 vocem,
1123 2002 1175 2044 de
1209 2003 1344 2043 totius
1373 2003 1564 2056 corporis

99 2069 307 2098 armatura
338 2060 526 2114 intelligi
561 2063 677 2110 vult,
711 2055 859 2099 contr‘a
872 2064 1028 2115 poetae
1047 2070 1251 2112 mentem,
1283 2060 1320 2100 si
1351 2059 1458 2115 quid
1483 2074 1563 2115 ego

99 2117 146 2154 in
167 2115 285 2154 hisce
309 2117 534 2169 perspicio.
567 2118 733 2156 SoLAx.

213 2172 315 2213 Eacl.
336 2175 440 2216 l.10.
467 2171 687 2226 Ἀερόπης)
718 2175 883 2213 Rursus
906 2174 1020 2214 infra
1035 2175 1106 2214 De
1123 2173 1227 2216 Salt.
1250 2188 1283 2216 c.
1295 2178 1364 2218 43.
1394 2173 1564 2216 somn,

101 2229 168 2269 Cf.
183 2228 316 2268 Schol.
340 2227 391 2267 ad
404 2229 527 2271 Iliad.
541 2228 592 2282 α’,
608 2235 645 2272 7.
668 2229 922 2285 Ἀγαμέμνων
941 2235 983 2273 δὲ
993 2231 1092 2274 κατὰ
1112 2229 1382 2285 μὲνΗΟμηρΟν
1402 2226 1566 2283 Ἀτρέως

98 2290 173 2328 τοῦ
198 2288 403 2334 Πέλοπος,
436 2285 584 2341 μητρὸς
614 2286 656 2328 δὲ
685 2285 903 2342 Ἀερόπης·
935 2286 1036 2330 κατὰ
1057 2289 1097 2330 δὲ
1117 2285 1336 2336 Ἵ-Ισίοδον,
1373 2289 1566 2329 Πλεισθέ-

102 2360 201 2391 νους
221 2352 299 2382 etc.
330 2343 452 2382 Run.
513 2349 590 2385 Δεῖ
610 2343 807 2397 equidem
829 2343 1053 2384 delendum
1078 2359 1252 2392 censeo3
1287 2342 1426 2384 reddit
1450 2343 1564 2383 enim

103 2399 340 2439 orationem
363 2399 572 2450 hiulcam,
607 2413 736 2453 quum
755 2402 945 2455 γενέσθαι
963 2400 1208 2452 commode,
1239 2402 1367 2439 immo
1390 2400 1564 2450 rectius,

103 2456 154 2495 ab
186 2455 462 2496 antecedente
496 2456 631 2505 οὕὸεὶς
661 2454 682 2499 ὁ
711 2455 900 2499 κωλύσων
928 2457 1135 2512 pendeat,
1178 2466 1222 2496 et
1252 2458 1476 2496 intellectu
1508 2457 1565 2496 sit

105 2511 302 2563 difficile,
345 2527 419 2551 cur
447 2513 653 2553 Lucienus
681 2513 773 2567 ipse
811 2528 928 2553 suam
961 2515 1198 2553 orationem
1239 2523 1328 2552 tum
1357 2512 1564 2568 impedire

102 2569 308 2620 voluerit3
340 2584 477 2623 neque
501 2570 612 2610 enim
633 2571 742 2608 inest
768 2581 842 2610 aut
862 2571 1073 2625 elegantia
1094 2579 1167 2609 aut
1180 2569 1406 2622 emphasis.
1438 2570 1561 2609 Imm

105 2624 150 2662 in
176 2625 310 2665 Praef.
334 2641 376 2680 p.
397 2627 495 2666 VII.
531 2625 815 2666 offenderunt
839 2627 883 2665 in
903 2631 963 2669 δεῖ
981 2627 1108 2666 etiam
1130 2626 1339 2666 Jacobsius
1357 2636 1411 2678 et,
1442 2641 1564 2681 quem

109 2681 377 2723 Schmiederus
407 2683 511 2722 citat
541 2683 586 2722 in
612 2684 748 2722 Praef.
782 2682 833 2721 ad
865 2685 987 2722 Tom.
1019 2683 1076 2721 II.
1111 2697 1154 2735 p.
1179 2683 1299 2730 LX..
1344 2683 1559 2733 Crenzerus,

107 2739 432 2794 malueruntque
453 2739 503 2793 δὴ
526 2740 671 2790 scribi,
700 2743 828 2793 longe
846 2751 959 2781 certe
979 2739 1232 2792 prudentius
1253 2749 1294 2780 et
1314 2741 1560 2797 elegantius,
