1834 3188
463 199 515 228 m
552 194 722 227 vEnAE
759 195 1030 228 msTontAE
1064 195 1158 230 nn.
1195 198 1226 227 1.
1483 185 1583 232 645

228 294 333 335 Εατῖ.
354 296 379 334 l.
402 299 466 338 11.
498 291 791 363 Κατορθῶσω)
819 295 951 348 Long.
982 295 1095 334 Past.
1122 293 1197 344 IV,
1230 298 1323 339 180.
1357 297 1490 348 (male
1519 306 1584 336 est

117 358 210 397 138.
233 353 278 390 in
304 351 369 391 ed.
393 351 545 402 Moll.)
577 356 857 406 Κατορθωσας
887 355 930 394 δὲ
947 355 1187 406 τηλικοῦτον
1217 353 1356 405 ἔργον,
1390 370 1430 391 re
1456 370 1584 406 prae—

116 410 223 450 clare
239 420 363 462 gesta.
422 409 481 447 Et
502 409 564 447 sic
586 422 758 462 quoque
778 419 892 448 recte
913 409 1094 448 vertitur
1114 422 1180 460 ap.
1211 409 1390 464 Thucyd.
1412 409 1488 458 VI,
1515 415 1580 452 11.

113 470 181 509 καὶ
203 467 255 520 μὴ
266 464 540 519 κατορθώσας,
556 477 591 504 et
611 468 687 504 nisi
704 482 780 504 rem
788 465 970 521 feliciter
983 467 1156 519 gesseris.
1189 465 1352 508 RmTz,
1417 464 1472 506 Τά
1493 484 1583 507 κατ.

114 522 367 577 ορθούμενα,
402 539 459 562 res
477 522 703 577 praeclare,
729 538 929 577 prospere,
958 534 1091 576 gestae
1122 521 1260 562 Dian.
1281 523 1439 564 Mortt.
1459 522 1580 574 XIV,

112 585 154 626 5.
193 581 355 620 mem.

225 636 329 676 Ead.
351 639 380 675 l.
405 641 468 681 13.
488 635 643 679 ''Hktov
662 636 842 688 κατοικ.)
873 635 1026 686 Fuisse,
1061 636 1208 675 Seneca
1232 635 1314 682 ait,
1344 638 1445 675 inter
1463 636 1582 675 Stoi—

111 711 200 744 cos,
233 696 302 749 qui
332 692 608 743 deliberarent,
641 704 818 732 utrumne
845 693 922 732 soli
942 710 1092 748 quoque
1111 708 1201 732 suos
1223 692 1392 746 populos
1417 692 1581 746 darent,-

111 754 236 806 inepte
252 750 402 790 scilicet
422 753 490 805 qui
507 751 741 790 dubitaverit
763 759 844 789 etc.
874 750 995 789 Lact.
1020 750 1108 799 111,
1132 754 1198 793 23.
1238 750 1406 791 SOLAN.

224 808 326 861 Pag.
352 812 446 850 241.
468 810 496 845 l.
520 813 559 851 4.
594 807 770 857 Μέσον)
798 806 860 846 Fl.
883 816 925 846 et
942 806 1050 847 Junt.
1073 821 1160 845 non
1177 806 1347 860 μέσσον,
1377 816 1427 846 ut
1449 806 1495 845 in
1516 821 1578 847 re-

107 864 254 919 liquis.
315 864 475 903 Eadem
501 863 565 904 Fl.
588 879 689 903 mox
712 860 955 916 ἀπαντήσας.
994 864 1162 902 SOLAN.

222 920 328 960 Ibid.
355 917 647 972 ‘Tnavmy'oag)
688 920 758 959 Sic
787 930 948 958 rectum
981 933 1093 969 esse,
1125 917 1214 959 vid.
1246 918 1360 958 infra
1392 934 1484 973 cap.
1508 925 1576 963 21.

105 978 234 1030 hujus
255 982 506 1030 προςλαλιᾶς.
534 978 697 1018 ΡιΕιΤΖ.
754 973 972 1033 ’Τπαντᾷν
994 976 1106 1015 enim
1135 976 1308 1028 propria
1340 991 1414 1014 sua
1437 976 1481 1015 vi
1512 987 1577 1016 est

104 1034 232 1084 clam,
263 1033 414 1083 subito,
446 1050 501 1074 ex
527 1036 759 1088 improviso,
792 1034 947 1074 obviam
969 1036 1026 1073 ire
1046 1036 1114 1072 vel
1135 1035 1282 1084 venire3
1314 1031 1430 1087 quod
1451 1047 1574 1086 quam

102 1090 256 1129 melius
281 1089 384 1128 huic
406 1092 502 1130 loco
527 1091 785 1140 conveniat,
819 1104 945 1144 quam
965 1087 1224 1142 ἀπαντήσας,
1259 1089 1376 1143 quod
1396 1104 1418 1128 e
1437 1089 1575 1129 tribus

103 1146 246 1187 codd.
270 1156 312 1186 et
335 1146 395 1187 Fl.
420 1146 466 1188 in
492 1146 574 1190 Ed.
603 1147 737 1188 Schm.
767 1147 960 1198 transiit,
995 1160 1083 1185 non
1119 1156 1207 1197 est,
1242 1144 1360 1200 quod
1393 1145 1577 1185 demon-

105 1212 245 1243 strem.
276 1203 437 1244 Lssnm.

216 1258 321 1302 Ead.
339 1263 368 1300 1.
390 1266 430 1305 6.
462 1257 668 1317 Βούλομαι
693 1253 817 1309 αὖθις
845 1261 896 1311 ἐξ.
931 1277 964 1302 τ.
994 1261 1065 1313 π.)
1099 1260 1173 1299 Ί7ι.
1195 1260 1367 1313 Magist.
1388 1273 1430 1300 v.
1455 1264 1575 1302 Βουλ.

104 1316 272 1357 SOLAN.

214 1371 315 1414 Ead.
337 1375 366 1415 l.
386 1378 427 1417 7.
465 1372 762 1428 Παραγγεῖλαι)
804 1374 965 1414 Aldina
990 1373 1123 1413 lectio
1153 1377 1436 1427 παραστεῖλαι,
1469 1373 1574 1413 licet

101 1429 276 1470 verbum
307 1430 409 1468 satis
443 1430 690 1486 infrequens
723 1430 797 1478 sit,
828 1433 864 1469 si
897 1430 1000 1470 fides
1032 1430 1234 1480 Lexicis,
1268 1439 1408 1470 tamen
1431 1433 1569 1469 multo

102 1486 229 1526 nobis
250 1484 300 1524 ad
316 1487 463 1525 seriem
487 1488 698 1526 orationis
719 1486 946 1526 videbatur
966 1486 1231 1526 commodius
1254 1485 1460 1535 accidere,
1476 1501 1571 1525 cum

101 1557 190 1582 non
211 1540 262 1580 de
286 1543 519 1596 imperanda
543 1543 826 1597 scribendoque
856 1543 1036 1592 colonia,
1071 1543 1186 1597 quod
1209 1552 1273 1582 est
1296 1548 1570 1597 παραγγεῖλαι,

98 1613 235 1642 sermo
255 1598 333 1646 sit,
370 1598 443 1638 sed
471 1599 520 1638 de
543 1599 770 1639 deducenda
801 1611 835 1641 et
852 1600 1088 1654 firmanda,
1120 1602 1239 1638 misso
1269 1602 1466 1651 exercitu,
1500 1600 1571 1637 cui

101 1657 163 1696 rei
183 1661 445 1708 παραστεῖλαι
463 1657 732 1707 aptissimum
753 1670 864 1705 esse,
898 1656 934 1694 si
953 1655 1092 1695 minus
1112 1657 1293 1696 aliorum
1315 1655 1570 1696 inductione

99 1717 293 1754 locorum
321 1712 494 1764 probari
514 1722 682 1765 potest,
712 1720 852 1752 tamen
876 1727 928 1751 ex
949 1727 1029 1752 usu
1051 1713 1166 1751 verbi
1190 1712 1413 1764 simplicis,
1445 1722 1486 1750 et
1508 1727 1570 1750 ra-

101 1769 245 1816 tione,
278 1781 358 1820 qua
386 1768 650 1820 duplicatum
682 1779 744 1808 est
767 1768 966 1817 verbum,
1000 1768 1101 1807 satis
1124 1778 1310 1822 apparet.
1369 1767 1502 1822 quue
1523 1769 1569 1807 iu

102 1825 459 1876 interpretatione
493 1834 636 1865 nostra
670 1825 806 1865 secuti
840 1839 993 1866 sumus,
1027 1826 1166 1863 Gnsn.
1229 1830 1499 1878 Παραγγεῖλαι
1529 1834 1571 1865 et

103 1880 264 1923 Aldina
283 1886 316 1923 1.
342 1896 436 1919 cum
467 1881 613 1934 reliqq.
636 1879 789 1930 habet,
823 1881 990 1933 alioqui
1014 1880 1164 1920 lubens
1192 1881 1421 1935 reciperem
1446 1899 1571 1935 παρα,

101 1943 259 1983 στεῖλαι.
291 1938 453 1979 RmTz.
513 1938 621 1976 Mss.
659 1937 793 1991 Regg.
817 1941 940 1981 2954.
966 1947 1008 1976 et
1040 1943 1163 1982 3011.
1189 1934 1433 1979 ἀποστεῖλαι.
1474 1939 1570 1980 Bu,

97 1994 367 2045 Ἀποστεῖλαι,
400 1993 515 2047 quod
549 1994 833 2047 Schmieclerus‘
851 1994 1033 2045 recepit,
1064 2004 1106 2033 et
1130 1995 1250 2033 Gorl.
1283 2008 1456 2046 quoque
1482 1995 1573 2034 Co-

103 2051 185 2090 dex
205 2051 453 2091 confirmare
475 2049 670 2101 videtur,
702 2061 830 2105 negat
853 2051 1236 2104 Schweighaeuserm
1256 2050 1307 2090 ad
1328 2049 1466 2104 Polyb.
1488 2051 1570 2101 111,

100 2113 169 2157 40,
192 2113 232 2151 3.
260 2109 402 2156 (Tom.
428 2107 480 2147 V.
504 2121 544 2159 p.
568 2109 694 2157 577.)
717 2118 830 2146 recte
855 2106 905 2146 de
925 2108 1098 2149 colonia
1120 2106 1207 2145 dici
1233 2122 1309 2158 pro
1335 2105 1457 2160 ἄγειν.
1519 2107 1571 2146 In

102 2179 186 2220 quo
209 2164 290 2202 etsi
313 2178 398 2201 non
423 2162 658 2213 adsentiar,
694 2178 823 2216 quum
854 2163 981 2205 modo
1007 2163 1056 2202 ab
1080 2163 1176 2218 ipso
1203 2164 1383 2202 Luc-iano
1408 2163 1569 2204 dictum

101 2222 158 2261 sit
189 2226 332 2261 στεῖλαι
359 2217 570 2266 ἀποικίαν,
604 2235 739 2275 neque
771 2220 876 2259 adeo
909 2218 1099 2267 videam,
1134 2219 1287 2274 quidni
1324 2221 1451 2261 etiam
1471 2218 1572 2262 ἄπο·

102 2282 247 2322 στεῖλαι
273 2275 418 2315 eodem
441 2279 531 2325 jure
562 2275 649 2313 dici
675 2278 831 2330 possit:
865 2286 1006 2316 tamen
1033 2276 1118 2319 h.l.
1140 2291 1227 2318 non
1252 2276 1388 2328 probo
1409 2278 1570 2315 lectio-

102 2349 197 2373 nem
222 2330 473 2380 ἀποστεῖλαι,
508 2332 579 2369 sed
603 2333 795 2384 praefero
818 2338 1088 2386 παραγγεῖλαι.
1153 2337 1421 2386 Παραστεῖλαι
1442 2333 1569 2371 scili-

103 2400 193 2438 cet,
227 2389 358 2428 lectio
377 2388 557 2427 Aldinae
578 2394 638 2437 2„
674 2389 824 2427 vitium
846 2399 907 2428 est
932 2403 1018 2428 non
1042 2389 1177 2442 ipsius
1199 2389 1325 2443 hujus
1347 2389 1568 2429 Editionis

103 2446 342 2499 proprium,
375 2445 444 2483 sed
467 2449 712 2483 translatum
739 2446 851 2484 forte
873 2461 925 2485 ex
945 2445 1266 2498 antiquioribus
1286 2447 1418 2494 Mss.,
1453 2445 1568 2500 quod

104 2505 147 2543 in
176 2502 272 2540 aliis
298 2511 530 2539 correctum
565 2511 626 2540 est
658 2498 912 2549 ἀποστεῖλαι,
945 2511 993 2539 ut
1020 2502 1063 2539 in
1098 2501 1233 2541 Codd.
1265 2502 1415 2540 I'ariss.
1474 2504 1565 2543 Jarn

106 2573 206 2598 vero
233 2559 386 2596 vitium
409 2557 514 2594 illud
541 2564 797 2605 παραστειῗλαι
823 2569 960 2595 ortum
982 2568 1043 2596 est
1066 2573 1117 2597 ex
1140 2565 1415 2612 παραγγεῖλαι,
1450 2559 1566 2613 quod

106 2631 127 2653 e
157 2615 322 2666 probis,
357 2623 402 2651 ut
430 2623 559 2666 puto,
593 2615 700 2655 Mss.
734 2615 776 2650 in
808 2614 884 2655 led,
915 2614 1150 2666 principem
1177 2615 1283 2653 Flor.
1311 2625 1351 2653 et
1373 2615 1474 2655 hinc
1499 2625 1567 2655 et-

108 2672 188 2710 iam
213 2671 255 2708 in
278 2671 380 2708 alins
401 2671 657 2723 posteriores
678 2671 890 2723 migravit.
950 2672 1242 2724 Παραγγέλλειν
1265 2680 1415 2722 autem,
1449 2672 1564 2725 quod

105 2727 276 2781 proprie
294 2727 466 2767 denotat
493 2727 630 2780 palam
657 2730 933 2780 pronuntiare,
961 2726 1131 2776 edicere,
1165 2731 1371 2781 imperare,
1405 2730 1565 2783 optime
