1834 3188
326 217 378 248 m
414 216 655 256 QUOMODO
694 216 925 247 Hrs‘ronm
966 216 1041 246 sm·
1076 215 1272 247 consen.
1421 208 1515 253 621

65 331 170 371 quae
196 316 240 354 in
262 314 561 370 componendo
580 313 820 363 adhibetur,
841 313 956 369 quod
978 323 1117 355 tamen
1133 314 1370 356 sententiae
1392 315 1522 371 hujus

61 373 147 412 loci
175 372 434 413 adversatur.
468 373 645 414 GnAav.
677 401 680 407 -

178 428 280 469 Εαιῖ.
312 431 340 469 l.
371 431 434 472 15.
476 431 649 483 Πρῶτοι)
688 427 775 468 Cur
801 427 1039 469 Benedictus
1074 426 1121 466 in
1145 424 1303 481 πρῶτον
1330 430 1519 479 ωυῒεηὶτ,

66 499 254 525 caussam
283 499 370 524 non
394 485 551 535 video,
583 498 720 538 neque
751 485 933 525 consilio
961 486 1123 524 factum
1158 485 1315 526 credo:-
1349 487 1525 538 pluralis

66 541 180 580 enim
203 542 323 595 quasi
345 540 645 581 adverbialiter
662 541 828 594 positus
847 539 954 581 adeo
974 549 1038 581 est
1055 541 1277 595 frequens,
1309 552 1355 580 ut
1377 542 1527 596 singu-

63 598 118 637 lis
137 599 226 638 fere
247 598 418 651 paginis
441 607 654 644 occurrat;
688 595 774 636 vid.
792 611 892 636 mox
915 612 1005 650 cap.
1021 602 1090 640 49.
1107 598 1138 640 f.
1161 597 1257 646 τούς
1281 614 1527 653 στρατηγους

64 654 136 708 μὲν
162 653 210 696 τά
239 659 388 726 πρῶτα.
446 654 517 693 Sic
547 651 614 697 οἷα
640 653 800 693 Nostro
825 653 1003 708 aliisque
1031 654 1120 693 fere
1139 665 1391 719 perpetuum
1411 669 1527 708 quo-

70 725 153 764 que
173 724 251 765 pro
272 708 375 753 οἷον
418 710 562 776 Quare
577 712 770 762 exempla
793 723 846 750 ex
864 711 1023 761 Ν·οετιο,
1053 719 1103 749 ut
1121 711 1249 750 nimis
1271 711 1422 763 obvias
1436 726 1526 750 non

67 766 231 806 addam.
291 766 375 806 Sed
394 768 514 835 quia
516 767 668 809 Hemst.
690 766 834 805 Somn.
857 766 893 821 ξ.
916 773 956 810 2.
980 781 1148 820 operae
1159 767 1343 820 pretium
1367 768 1528 806 existi-

67 824 202 863 mavit
235 821 355 876 ὅμοια
381 837 459 877 pro
492 820 640 877 ὁμοίως
670 823 876 875 exemplis
899 823 1138 874 adstruere,
1179 824 1294 877 quod
1319 825 1524 863 nonnulli

67 878 112 918 id
133 894 220 919 non
241 890 474 930 noverant,
504 880 634 919 liceat
653 888 695 918 et
718 878 843 918 nobis
868 893 1003 932 pauca
1025 878 1177 919 addere
1200 895 1256 919 ex
1278 880 1386 919 aliis.
1451 879 1531 922 Οἷα

66 936 293 989 singulari
304 935 494 975 additum
521 935 607 976 vid.
637 936 771 989 igitur
800 949 870 989 ap.
901 935 1033 988 Long.
1053 936 1164 978 Past.
1188 936 1224 978 I.
1244 950 1284 989 p.
1310 942 1375 980 18.
1398 946 1443 976 et
1459 943 1529 980 21.

66 991 146 1033 Ed.
171 992 368 1045 Jungerm.
399 1002 441 1031 et
467 993 535 1042 Π,
566 996 635 1038 75.
669 996 737 1035 οἱα
763 1015 823 1024 --
851 994 1096 1047 εἰθισμέναι,
1130 1006 1179 1033 ac
1205 1006 1292 1033 non
1320 996 1450 1034 semel
1481 994 1535 1032 in

65 1062 185 1103 seqq.
211 1050 371 1090 Anacr
389 1048 472 1089 Od.
493 1049 569 1099 IV,
592 1053 632 1092 7.

290 1103 479 1159 Τροχός
462 1104 638 1159 α’ρματος
666 1103 758 1160 γὰρ
772 1103 838 1148 οἷα

232 1185 235 1188 ·
289 1165 432 1210 Βίοτος
449 1164 554 1216 τρέχε
539 1180 571 1204 ι
587 1164 806 1211 κυλισθείς.

71 1219 144 1259 Sic
160 1214 312 1270 πότερα
345 1232 423 1271 pro
454 1217 629 1273 πότερον
657 1233 799 1257 rursus
819 1218 950 1273 Long.
974 1219 1083 1261 Past.
1101 1219 1162 1261 II.
1184 1233 1223 1289 p.
1246 1223 1313 1265 48.
1372 1219 1444 1260 Sic
1464 1216 1532 1263 ἴσα

71 1290 150 1329 pro
173 1278 268 1325 ἰ’σως
289 1274 484 1328 Hippocr.
508 1291 570 1329 pr.
591 1279 669 1328 jur.
693 1277 774 1328 jur--
803 1251 1039 1330 ἡγήσασθαι
1065 1277 1136 1332 μὲν
1156 1274 1226 1318 τὸν
1252 1273 1465 1327 διδάξαντα
1484 1294 1534 1331 με

71 1330 147 1384 τὴν
180 1334 318 1384 τέχνην
344 1329 510 1385 ταύτην,
551 1338 617 1374 ι’σα
647 1337 851 1387 γενετῇσιν
880 1334 1046 1385 ἐμοῖσιν.
1116 1333 1251 1372 Immo
1281 1334 1532 1393 superlativi

72 1388 356 1438 adverbiales,
389 1397 436 1426 ut
464 1388 526 1427 sic
558 1388 720 1437 dicam,
761 1398 927 1427 tantum
961 1404 1049 1429 non
1073 1399 1281 1443 perpetuo
1309 1389 1536 1442 pluraliter

72 1444 411 1491 efferuntur...ut
438 1443 585 1487 ὕστατα
611 1422 764 1485 millies
795 1460 860 1498 ap.
880 1445 1043 1485 Homer.
1066 1444 1266 1500 πρώτιστοι
1296 1445 1408 1499 apud
1426 1447 1537 1485 Ari-

70 1502 249 1556 stophan.
270 1510 312 1542 et
328 1500 493 1543 Aelian.
553 1501 653 1543 Vid.
677 1501 714 1540 si
738 1501 843 1555 quid
864 1516 993 1555 opus,
1027 1503 1232 1557 Spanlzem.
1255 1502 1307 1541 ad
1326 1504 1537 1556 Aristoph.

71 1559 186 1599 Plut.
206 1572 246 1598 v.
267 1562 338 1602 46.
377 1558 542 1599 Rm‘rz.
608 1559 723 1598 Mox
750 1557 898 1598 eodem
927 1558 1054 1599 modo
1088 1557 1136 1600 τὰ
1160 1564 1299 1613 πρῶτα
1329 1569 1537 1598 occurret.

73 1613 156 1654 Sed
178 1629 375 1669 quorsum
398 1613 528 1665 haec,
560 1624 602 1654 et
623 1614 746 1662 talia,
778 1624 1003 1668 notentur,
1038 1629 1146 1670 quae
1167 1630 1246 1656 nec
1265 1630 1419 1670 pueros
1443 1624 1535 1654 tan·

71 1681 199 1726 gant,
233 1685 311 1711 nec
330 1670 476 1710 viros?
518 1646 679 1711 'Lx-zum.

186 1702 286 1781 ’1³ag.
313 1732 408 1771 218
430 1731 458 1766 1.
484 1733 523 1772 3.
558 1724 863 1782 Χρηματιζὲτω)
893 1729 1021 1783 Lege
1043 1727 1218 1769 omnino
1253 1729 1545 1783 σχηματιζέτω,-

75 1796 161 1822 non
184 1800 363 1837 χρημ-,
398 1784 510 1836 quod
534 1794 674 1824 tamen
697 1799 841 1823 omnes
863 1785 964 1823 libri
987 1799 1088 1838 prae
1106 1800 1157 1824 se
1180 1785 1336 1826 ferunt
1367 1786 1536 1826 SOLAN.

79 1839 194 1879 Suid.
224 1842 550 1894 χρηματίζεσθαι·
594 1839 778 1895 χρήματα
806 1838 1064 1894 πράττεσθαι
1110 1839 1180 1882 ἐᾶν
1206 1842 1249 1882 δέ
1269 1858 1327 1889 τις
1344 1843 1441 1908 εἰη-ῃ
1468 1840 1541 1894 την

78 1898 180 1946 λέξιν
205 1897 485 1952 ἐνεργητικῶς,
526 1900 774 1951 χρηματίζει,
822 1895 956 1939 οὐκέτι
985 1896 1030 1939 τὸ
1060 1895 1157 1938 αὐτὸ
1187 1900 1326 1949 δηλοῖ,
1369 1893 1468 1938 ἄλλα
1495 1896 1541 1940 τὰ

80 1950 287 2035 nQo'cyptagt
308 1960 508 2020 χρῆσθαι·
542 1953 631 1997 οἷον
660 1971 766 2007 φαμι
753 1955 815 2003 ὲν,
846 1956 1068 2006 χρηματίζει
1084 1972 1110 2007 η
1134 1953 1283 2007 βουλὴ,
1315 1955 1383 1995 καὶ
1413 1951 1435 1996 ὁ
1462 1957 1542 2006 δὴ·-

82 2023 177 2063 μος’
219 2027 330 2061 οιον,
359 2008 568 2065 πράγμασι
597 2008 793 2065 σχολάζει·
821 2020 878 2055 ,ει
905 2020 1081 2064 postea.
1118 2012 1359 2065 χρηιιατίζει,
1392 2013 1544 2080 sowy?

84 2065 361 2120 ἀποκρίνεται,
384 2067 621 2136 πράγματα
638 2071 794 2110 διοικεῖ.
823 2089 881 2098 —-
909 2070 1159 2131 χρηματίζειν
1186 2067 1288 2116 ἐστὶ,
1320 2068 1388 2108 καὶ
1412 2065 1456 2108 τὸ
1480 2066 1545 2109 λό·

86 2140 185 2179 γους
207 2122 365 2165 διδόναι
394 2121 603 2175 ἀλλήλους.
630 2147 688 2156 --·
715 2122 795 2162 Est
821 2123 1022 2162 nimirum
1046 2126 1316 2177 χρηματίζειν,
1348 2140 1406 2162 res
1424 2126 1545 2163 serias

85 2189 266 2222 iraciav‘e.
299 2180 354 2218 cf.
381 2180 572 2234 Theophr.
595 2181 719 2223 Char.
745 2181 854 2227 VII,
876 2186 918 2225 2,
958 2180 1110 2233 Itaque
1127 2181 1354 2219 lectionem
1377 2197 1545 2233 χρηματ.

83 2235 348 2276 retinendam
365 2240 538 2285 censeo,
563 2246 609 2277 et
626 2237 687 2276 ita
712 2237 904 2289 explico:
936 2246 1126 2276 versetur
1146 2236 1189 2274 in
1214 2236 1425 2290 negotiis,
1415 2252 1425 2261 ·
1458 2238 1546 2276 fac-

84 2303 148 2343 ta,
182 2306 289 2346 quae
309 2293 354 2330 in
372 2293 690 2333 commentariis
710 2293 858 2346 paucis
880 2292 1019 2333 verbis
1042 2302 1341 2342 annotaverat,
1373 2293 1545 2332 uberius

88 2358 300 2403 exponat,
335 2349 523 2401 explicet
556 2359 598 2389 et
621 2358 816 2390 exornet.
847 2350 969 2389 Run.
1028 2349 1150 2403 Quae
1169 2348 1336 2401 quidem
1359 2350 1546 2402 explica-

86 2407 151 2446 tio
184 2409 306 2458 qu'am
340 2414 533 2444 contorta
565 2405 620 2444 sit
649 2415 693 2445 et
716 2414 804 2444 arte
835 2406 1059 2459 quaesita,
1082 2405 1332 2459 quicunque
1357 2405 1546 2444 Dos-villis:

86 2461 406 2501 adnotationem
434 2460 486 2499 ad
507 2461 654 2501 Charit.
671 2476 712 2515 p
736 2466 834 2504 409.
866 2462 979 2515 Lips.
1009 2462 1185 2517 legerit,
1218 2460 1346 2500 facile
1378 2462 1545 2501 intelli-

88 2527 169 2572 get.
230 2516 311 2556 Sed
329 2517 429 2555 hinc
450 2519 575 2556 simul
596 2528 735 2570 patet,
769 2516 1075 2570 desperandum
1096 2531 1183 2556 esse
1205 2515 1255 2556 de
1275 2515 1544 2557 defendenda

85 2577 280 2628 vulgata
287 2573 487 2613 lectione.
546 2573 639 2614 Nec
663 2573 914 2614 Wielandius
927 2573 1144 2614 dubitavit
1163 2572 1306 2612 Solani
1330 2576 1544 2633 conjectu

87 2643 172 2668 ram
197 2632 459 2699 σχηματιζέτω
478 2631 614 2684 sequi.
646 2631 804 2670 mem.

165 2685 353 2729 Ead.1.-
363 2690 412 2730 4.
449 2682 639 2728 Ἐ-οικέτω
658 2684 746 2729 τότε
770 2691 827 2745 τῷ
855 2691 931 2735 τοῦ
955 2683 1161 2746 Ὁμήρου
1173 2688 1267 2738 Aci)
1312 2686 1464 2728 Similis
1496 2690 1545 2728 sit

87 2741 434 2793 HonoericaJovi,
466 2742 593 2784 Iliad.
622 2744 674 2786 V
1157 2770 1162 2776 .
1402 2776 1405 2778 .
1512 2777 1515 2779 .
1544 2772 1547 2777 ·
