1834 3188
445 168 1251 202 ιΝΗΕῙιΜοΤιΜυΜ.
1476 156 1575 203 455

233 266 332 309 Emi,
356 269 384 306 1.
407 272 445 311 6
483 271 547 333 Τῷ
566 268 850 336 ε’πιτραπεζιῳ)
879 267 977 306 Hoc
998 275 1083 316 est,
1114 270 1171 336 τῷ
1194 267 1255 308 ἐπὶ
1284 272 1354 318 τῆς
1383 270 1575 320 τοαπὲζης

119 325 357 395 ἐκχεομένῳ
365 321 500 373 ὕδατι,
534 323 557 366 ὃ
580 322 645 366 διὰ
672 322 746 378 τὴν
779 326 1016 377 ἰσορροπίαν
1040 323 1110 365 καὶ
1129 322 1173 364 τὸ
1201 320 1486 377 ἆπαρὲγκλιτον
1504 331 1574 376 τῆς

117 382 310 433 τραπέζης
340 380 404 421 ἐπὶ
431 379 562 434 χώρας
593 382 734 433 μένον,
764 382 831 422 καὶ
862 384 932 433 τῆς
962 380 1197 433 ἐπιφανείας
1225 379 1494 432 ἐπανεστηκὸς
1517 386 1574 437 τῷ

116 436 297 505 δακτυλῳ
319 431 569 492 ὄχετηγοῦντι
593 434 692 478 αὐτὸ
716 441 822 489 φιλεῖ
840 438 1025 488 ἕπεσθαι,
1057 454 1177 490 ρυτης
1196 433 1355 488 φύσεως
1374 433 1571 490 ὑπάρχον,

114 495 184 534 καὶ
205 489 342 547 ἆτρεμε
327 499 383 535 ῖν
397 493 449 547 μή
475 490 674 546 πεφυκός.
735 493 908 532 Caetera
930 507 1065 546 usque
1096 492 1146 531 ad
1170 507 1263 556 pag.
1287 497 1383 536 317.
1404 494 1571 532 crebrae

113 559 214 588 sunt
235 550 516 618 repetitiones
539 549 914 603 comparationum,
948 563 1055 602 quae
1074 549 1225 601 passim
1246 548 1361 590 alibi.
1393 548 1569 589 Boura).

227 602 645 664 16ῑι1.Ἐπιτραπεζίω
665 604 809 661 ὕδατι)
836 607 981 660 Aquae
1002 622 1114 660 super
1139 621 1310 644 mensam
1331 607 1495 655 injectae
1512 605 1575 646 vel

110 663 272 718 effusae.
303 664 451 704 BROD.

226 719 329 760 Ead.
353 722 379 757 1.
399 725 438 763 8.
473 717 649 773 Καλάμῳ
676 717 781 771 τινι)
811 719 952 757 Homo
989 696 1236 757 inconstans
1268 716 1416 758 itidem
1448 732 1572 756 arun-

111 774 206 813 dini
239 790 260 813 a
295 775 488 828 quolibet
521 785 649 814 vento
680 785 819 814 motae
848 784 1116 827 comparatur
1150 774 1194 811 in
1227 774 1356 813 Novo
1383 773 1567 825 foedere,

109 832 211 871 Luc.
233 833 340 879 VII,
366 836 430 875 24.
459 830 536 869 ubi
561 831 712 870 Elsner.
739 841 781 871 et
806 830 889 869 hoc
906 831 1081 870 Luciani
1100 828 1286 869 adducit.
1317 831 1482 869 Pun'rz.

219 898 315 951 Ρα3.
338 903 406 941 97
429 902 456 939 l
479 902 544 941 14.
584 897 643 940 Τό
675 898 727 940 δὲ
754 896 912 950 πολὺ]
946 898 1015 937 Sic
1034 898 1140 937 haec
1171 900 1400 950 conjuncta
1421 900 1569 953 legun-

109 964 178 993 tur
197 954 242 992 in
261 955 310 993 Β.
336 961 373 997 1.
399 964 440 994 et
459 961 499 998 3.
541 954 593 993 In
616 955 726 1006 aliis,
746 965 788 994 et
810 955 854 993 in
876 955 1089 994 Reitzz‘ana
1109 968 1293 1022 quoque,
1312 963 1354 993 et
1373 963 1547 993 r.ecentt
1540 983 1566 1002 .,

106 1020 313 1049 commate
347 1021 446 1064 post
477 1011 517 1052 δὲ
552 1011 696 1064 posito
736 1021 948 1064 separata.
996 1009 1040 1053 τὸ
1074 1011 1137 1060 δὲ,
1177 1008 1280 1052 noh)
1314 1010 1565 1077 ποῤῥωτέρω.

105 1066 231 1106 Unde
263 1081 378 1107 error
402 1076 550 1117 natus,
583 1066 626 1109 τὸ
649 1069 690 1109 δὲ
708 1067 901 1107 absolute
921 1068 1107 1120 positum
1132 1081 1244 1117 esse,
1276 1076 1318 1105 et
1339 1063 1439 1107 πολῦ
1460 1067 1567 1106 refe·

101 1124 280 1162 rendum
330 1122 383 1162 ad
426 1124 788 1176 Comparativum.
863 1124 1136 1177 Quapropter
1168 1126 1249 1175 jam
1290 1122 1480 1175 Seagerus
1519 1122 1565 1160 in

103 1180 234 1221 Class.
256 1180 408 1219 Journ.
432 1180 528 1221 Vol.
554 1181 676 1221 XIII.
697 1195 738 1232 p.
760 1186 851 1231 73.,
887 1194 1016 1233 quum
1044 1179 1151 1218 illud
1174 1177 1219 1220 τὸ
1241 1178 1282 1220 δὲ
1303 1193 1565 1232 concoquere

100 1250 189 1274 non
217 1245 384 1288 posset,
418 1235 672 1274 medicinam
693 1240 815 1285 loco,
848 1251 936 1275 non
964 1250 1040 1275 suo
1064 1235 1310 1284 stomacho,
1340 1235 1564 1288 quaesivit,

102 1306 241 1344 eoque
262 1290 428 1330 tandem
456 1291 648 1343 devenit,
679 1303 727 1331 ut
744 1296 883 1347 legere
904 1301 1102 1346 cuperet,
1130 1290 1174 1333 τό
1196 1289 1234 1333 δ’
1259 1292 1460 1340 ἐναντίον,
1491 1307 1565 1332 πο-

100 1347 147 1388 λυ
178 1357 257 1387 etc.
318 1349 501 1386 Tantum
535 1349 749 1387 turbarum
756 1364 909 1419 prava
942 1348 1236 1401 interpunctio
1267 1346 1454 1386 excitare
1482 1361 1562 1398 Ρο-

101 1404 211 1444 tuit!
247 1404 496 1458 Conjunge,
519 1419 697 1458 quaeso,
725 1403 768 1447 τὸ
788 1403 913 1457 πολυ,
946 1414 988 1443 et
1010 1403 1160 1445 redde.
1191 1406 1374 1443 mageima
1395 1419 1448 1442 ex
1467 1420 1560 1458 par

99 1471 157 1500 ie.-
185 1470 227 1499 et
251 1460 413 1509 omnia,
445 1474 588 1512 spero,
621 1476 719 1499 sana
743 1471 880 1501 erunt.
928 1462 1085 1528 LssrrM.

208 1516 309 1569 Ρα3
333 1518 512 1559 98.1.1.
546 1514 630 1569 Γᾶρ
663 1534 698 1558 τι
725 1522 844 1568 λυπ.)
880 1518 1003 1571 Any
980 1516 1055 1571 γάρ
1081 1533 1163 1565 τοι,-
1204 1516 1385 1557 (ΞυΥΕΤ.
1442 1515 1561 1553 Inter

96 1571 172 1628 γᾶο
197 1582 238 1610 et
259 1570 440 1623 λυπηρὸν
461 1572 766 1613 inserebatur
750 1591 809 1622 τι,
843 1572 956 1628 quod
980 1572 1087 1611 duce
1110 1572 1175 1610 Μ.
1197 1571 1442 1611 delevimus.
1475 1573 1560 1610 So-

99 1643 204 1668 LAN.
264 1629 483 1667 Immerito
516 1631 696 1681 ejectum
730 1647 768 1671 τι
802 1645 824 1668 3
869 1629 1039 1677 solano,
1085 1628 1264 1675 Βείίιίο,
1311 1637 1354 1666 et
1381 1638 1558 1667 recentt.

97 1685 234 1726 Editt
248 1684 557 1738 ‚negligenter
577 1685 778 1724 omissum
802 1687 847 1724 in
860 1684 967 1724 Cod.
990 1685 1056 1724 M.
1069 1698 1325 1737 ‚perperam
1348 1692 1557 1721 tentatum

98 1756 120 1779 a
145 1740 313 1796 Guyei0‚
346 1740 423 1793 qui
445 1739 523 1794 γάρ
552 1757 612 1782 τοι
635 1741 742 1795 legi,
771 1752 814 1780 et
844 1756 866 1780 a
891 1740 1095 1794 sang-ero
1083 1755 1128 1779 m
1152 1739 1553 1780 Class.Journ.1.1.

99 1797 175 1850 qui
202 1795 428 1835 admodum
458 1796 615 1836 insulse
644 1798 801 1851 corrigi
828 1800 946 1836 vult·
987 1813 1098 1838 πανυ
1128 1793 1202 1849 γάρ
1236 1812 1272 1836 τι
1303 1793 1486 1847 λυπηρόν
1515 1811 1557 1836 τε

96 1854 165 1894 καὶ
186 1862 266 1893 etc.
325 1852 586 1919 Ignorarunt
613 1867 762 1905 nempe
758 1831 839 1890 Dhi
870 1867 1035 1901 omnes,
1067 1855 1136 1891 vel
1168 1855 1446 1902 neglexerunt
1469 1851 1554 1889 vim

95 1911 302 1948 formulae
322 1905 431 1950 πάνυ
457 1925 514 1958 τι,
547 1922 654 1962 quae
672 1909 732 1947 sic
755 1908 968 1962 significat
991 1911 1127 1962 quovis
1147 1908 1285 1955 modo,
1318 1916 1367 1944 ut
1385 1911 1464 1954 πᾶς
1480 1924 1551 1956 τις,

93 1965 254 2019 quilibet
285 1975 372 2005 est.¹
429 1965 554 2003 Hanc
588 1979 685 2004 vere
711 1965 894 2003 Atticam
925 1964 1124 2018 phrasin,
1169 1965 1203 2002 si
1239 1963 1332 2016 quis
1366 1961 1548 2016 ignoret,

94 2022 228 2060 discet
253 2036 274 2059 e
300 2022 428 2060 Sturz.
445 2022 553 2059 Lex.
571 2021 771 2075 Xenoph.
793 2023 912 2062 Tom.
937 2021 1018 2059 III.
1040 2035 1081 2072 p.
1095 2025 1191 2064 406.
1223 2018 1448 2073 Elegantia
1472 2019 1550 2057 ita·

95 2092 178 2140 que
201 2091 289 2115 non
318 2077 530 2126 privasse,
560 2076 632 2116 sed
659 2092 828 2117 ornasse
857 2076 1036 2116 videbor
1056 2078 1302 2124 Luc-ionum,
1334 2089 1460 2130 quum
1487 2089 1549 2113 re·

92 2133 272 2173 stituero
296 2131 404 2170 illud
429 2149 477 2182 τι,
493 2133 537 2171 in
558 2147 642 2187 quo
666 2133 1047 2174 omnesEdd.vett.
1067 2133 1358 2172 consentiunt.
1388 2131 1546 2170 meM.

205 2210 307 2250 Εαῑῖ·
330 2213 358 2248 l·
378 2216 418 2254 7.
448 2208 733 2266 Ἑπιγνώμων)
764 2214 905 2265 Hujus
925 2211 1045 2251 vocis
1066 2211 1150 2251 vim
1175 2210 1247 2250 hic
1269 2214 1387 2249 locus
1409 2218 1547 2248 osten-

94 2266 157 2306 dit
183 2267 523 2322 Lexicographis
544 2282 629 2307 non
650 2269 750 2306 satis
777 2278 1049 2322 perspectam.
1109 2266 1207 2308 Vid.
1234 2267 1342 2308 Suicl.
1375 2267 1544 2306 SOLAN.

204 2347 303 2399 Pag.
330 2350 395 2387 99.
419 2348 445 2386 1.
472 2351 508 2388 1.
543 2349 709 2388 Πείθειν
735 2344 841 2400 ἡμᾶς
868 2344 1004 2402 βιᾶζ.)
1034 2345 1179 2393 Ordo,
1208 2345 1410 2400 βιάζονται
1437 2341 1544 2397 ἡμᾶς

89 2405 243 2445 πείθειν
260 2403 417 2444 εἰδέναι.
457 2403 634 2443 GUYET.

204 2458 307 2499 Ibid.
347 2463 459 2507 Τοῖς)
490 2459 557 2496 Ex
581 2459 628 2498 P.
651 2467 692 2497 et
715 2459 768 2497 L.
826 2459 874 2498 In
903 2460 1079 2513 reliquis
1100 2459 1213 2498 enim
1233 2464 1330 2506 ταῖς.
1373 2458 1539 2498 SOLAN.

202 2515 306 2555 Eacl.
325 2518 351 2556 l.
372 2521 410 2559 3.
431 2513 588 2566 ”Ομως)
622 2516 745 2554 Solus
765 2517 835 2555 W.
865 2515 1013 2554 Codex
1036 2515 1145 2554 hanc
1165 2529 1307 2554 vocem
1330 2515 1537 2568 agnoscit.

93 2573 259 2613 SOLAN.
320 2571 377 2609 At
401 2571 593 2623 Ohsopoei
620 2571 757 2609 versio
783 2570 1045 2622 exprimebat
1067 2570 1171 2609 illud
1204 2581 1341 2612 tamen.
1372 2571 1534 2608 Runa.

206 2627 309 2668 Ibid.
344 2629 410 2668 Ei!
435 2645 510 2675 τις
541 2629 709 2668 οἴοιτο
741 2628 847 2679 eta]
881 2627 972 2664 Hac
992 2627 1081 2678 ipsa
1100 2627 1464 2680 argumentatione
1484 2626 1535 2662 ab

93 2699 167 2734 eo,
200 2683 314 2736 quod
345 2685 490 2725 altaria
515 2692 637 2733 sunt,
670 2682 812 2733 adid,
846 2682 960 2737 quod
992 2682 1053 2722 dii
1079 2684 1190 2733 sint,
1222 2683 1357 2724 utitur
1387 2682 1536 2723 Timo-
