1834 3188
302 183 401 229 684
661 195 1419 225 ADNOTATIONES

300 293 696 346 pronuntiationem
720 302 763 332 et
784 292 1034 345 scripturam
1057 293 1098 330 in
1123 294 1396 346 appellativo,
1460 293 1630 332 Dei-‚cie
1660 309 1758 334 vero

301 349 468 388 nihilne
490 363 659 402 prorsus
688 349 921 390 tribuamus
945 349 1153 388 Codicum
1178 359 1219 389 et
1242 351 1517 399 Editiouum,
1553 353 1623 403 qui
1650 363 1759 390 certe
1779 392 1789 404 .

300 408 345 444 in
370 404 598 447 Toxaridis
618 408 714 444 loc-o
737 405 950 444 maximus
974 415 1060 455 est,
1093 407 1356 446 consensui?
1387 408 1530 461 Magis
1553 406 1665 445 haud
1689 405 1761 444 du-

298 463 366 501 bie
388 461 588 501 adsuetae
624 471 742 501 erant
774 461 1044 502 librariorum
1075 477 1224 501 manus
1247 464 1395 502 formis
1424 461 1575 513 αὐλῶν,
1607 462 1762 513 πυλῶν,

296 529 343 558 et
366 518 581 557 similibus
603 519 723 568 aliis,
757 518 1005 558 scribendis
1067 518 1279 559 Credasne
1303 521 1449 574 igitur,
1483 521 1519 558 si
1538 520 1760 558 Luciauus

300 578 392 629 ipse
417 589 588 642 τραχωσι
619 584 663 614 et
683 580 886 630 τραχώνος
917 575 1177 629 scripsisset,
1209 576 1406 615 librarios
1436 577 1562 616 facile
1589 575 1763 630 τράχωσι

299 642 340 671 et
362 629 566 685 τράχωνος
586 632 820 685 scripturos
843 631 1009 671 fuisse?
1042 647 1184 671 annon
1206 633 1352 687 potius
1374 634 1466 673 vice
1486 647 1601 673 versa
1619 633 1640 672 ἱ)
1671 635 1761 671 De-

297 690 430 742 nique
452 686 666 742 quidquid
697 689 774 740 sit,
807 688 974 728 cautius
998 699 1109 728 certe
1135 704 1280 744 agam,
1313 690 1471 743 opium
1482 722 1493 740 ‚
1530 690 1604 744 qui
1622 691 1760 728 vesti-

298 746 379 798 giis
410 745 602 798 antiquis
633 744 848 795 insistam,
882 758 1007 799 quam
1045 745 1160 787 Conr.
1160 722 1391 795 DReiizius,
1432 748 1503 801 qui
1529 745 1685 801 τραχών
1712 746 1758 784 in

296 801 448 841 Indice
470 801 696 841 Lucianeo
725 777 892 855 posuit,
924 811 965 841 et
988 801 1280 848 Schmiederus,
1315 804 1413 855 qui,
1445 817 1576 856 quum
1610 805 1655 842 in
1674 804 1760 842 To-

295 873 383 896 xai.
406 861 432 899 1.
455 862 480 899 1.
501 855 705 912 τράχωνος
727 860 795 899 edi
819 858 1049 908 curaverit,
1083 858 1124 897 h.
1147 863 1175 898 1.
1201 859 1302 898 satis
1322 859 1615 899 inconstanter
1638 869 1680 899 et
1704 859 1762 897 ci-

297 925 359 953 tra
381 915 587 954 librorum
607 914 730 954 fidem
751 914 869 955 dedit
888 920 1068 968 τραχῶσι.
1103 917 1259 954 Lmzm.

408 971 512 1012 Ead.
529 973 555 1011 l.
574 976 615 1015 8.
653 967 784 1024 Ουὸὲ)
822 971 1035 1026 Negativa
1060 973 1255 1045 simplex
1276 985 1351 1024 pro
1388 971 1577 1028 duplici,
1612 981 1658 1009 ut.
1688 987 1760 1010 su—

296 1041 369 1081 pra
397 1033 433 1070 1
462 1029 559 1068 Ver.
582 1028 696 1068 Hist
721 1042 756 1067 c.
781 1033 847 1072 24
882 1030 1042 1081 ἔντερον
1069 1029 1112 1070 δὲ
1138 1031 1180 1071 ἐν
1205 1046 1329 1084 aum-1,
1363 1027 1459 1070 οὐδὲ
1478 1046 1586 1083 ηπαρ
1614 1030 1758 1079 φαίνε-

295 1102 359 1125 ται
417 1085 541 1123 Alius
563 1085 729 1139 generis
762 1086 931 1137 ellipses
952 1086 1178 1139 negativae
1202 1085 1436 1138 particulae
1464 1085 1552 1126 vid.
1577 1084 1689 1134 apud
1712 1085 1756 1124 L

295 1142 380 1180 Bos
401 1155 496 1195 pag.
517 1147 597 1185 331
618 1163 673 1171 -
692 1146 731 1184 2.
760 1143 922 1181 Rm'rz.
984 1141 1083 1181 Sive
1103 1156 1197 1195 pag.
1223 1146 1321 1184 777.
1345 1140 1425 1181 Ed.
1453 1141 1655 1198 Schaejer.
1698 1141 1762 1178 Si-

296 1198 410 1236 milis
429 1201 551 1237 locus
572 1208 636 1237 est
650 1197 822 1240 Saturn.
845 1212 879 1240 c.
901 1203 957 1249 2.,
981 1197 1032 1236 de
1056 1212 1141 1253 quo
1164 1209 1302 1237 tamen
1324 1211 1401 1235 suo
1425 1208 1628 1251 tempore.
1660 1197 1759 1236 Om-

293 1254 400 1293 nino
421 1263 581 1292 certum
611 1264 699 1305 est,
731 1258 890 1293 nullam
920 1254 1058 1294 fuisse
1089 1269 1301 1301 caussam,
1338 1253 1391 1292 ob
1425 1268 1549 1308 quam
1575 1254 1761 1294 Schmi‹--

294 1311 408 1349 flet-us
432 1310 471 1352 h.
495 1313 524 1349 l.
547 1312 776 1351 lectionem
804 1313 972 1365 δένδρον
1002 1312 1044 1353 δὲ
1072 1309 1211 1361 οὐδὲν,
1242 1309 1334 1353 οὐδὲ
1356 1319 1435 1350 etc.
1466 1325 1590 1364 quam
1620 1305 1759 1349 Codd.

295 1368 414 1406 Gorl.
446 1376 488 1407 et
520 1367 671 1409 Paris&
701 1368 877 1407 nonnisi
918 1368 1202 1420 explicationi
1235 1366 1510 1407 Grammatici
1541 1366 1759 1421 cujusdam

295 1423 472 1474 debent,
505 1424 549 1462 in
572 1433 737 1462 textum
755 1424 974 1491 receperit.
1017 1426 1176 1464 me.

404 1480 503 1533 Ρα3·
525 1486 622 1525 303
649 1483 675 1522 l.
695 1485 733 1523 9.
767 1480 847 1522 Διά
873 1478 1063 1530 πάντων)
1100 1482 1260 1520 Forsan
1290 1480 1356 1524 δια
1387 1479 1547 1530 παντός.
1590 1481 1756 1521 SOLAN.

293 1535 447 1575 Minus
481 1537 522 1576 h.
554 1540 582 1581 l,
612 1539 780 1590 placeat
807 1535 874 1579 διὰ
902 1538 1072 1585 παντὸς,
1114 1538 1213 1591 quia
1245 1538 1510 1606 ambiguum:
1556 1546 1618 1576 est
1646 1537 1758 1577 enim

293 1594 383 1631 feie
417 1593 600 1631 formula
632 1594 857 1644 temporis,
889 1593 1137 1647 significans
1168 1609 1323 1646 semper.
1385 1593 1465 1635 Διοὶ
1495 1592 1657 1635 πάντων
1687 1608 1760 1631 au-

294 1661 374 1689 tem
400 1660 462 1688 est
481 1651 658 1697 omnino,
691 1664 716 1687 a
732 1652 930 1704 principio
949 1667 1067 1704 usque
1086 1649 1289 1704 adfinem.
1322 1650 1479 1690 LLHM.

407 1705 511 1746 Ead.
538 1708 566 1745 1.
589 1710 654 1748 11.
689 1705 875 1755 Πολλοὺς
906 1706 949 1747 δὲ
977 1708 1071 1757 καὶ)
1103 1706 1323 1745 Deficiens
1354 1707 1397 1744 in
1419 1705 1530 1745 Edd.
1552 1707 1619 1747 καὶ
1640 1720 1758 1745 revo-

291 1762 483 1801 cavimus
510 1777 561 1801 ex
581 1762 692 1805 Mss‚
712 1762 847 1816 Regg·
869 1767 995 1806 2954.
1018 1772 1059 1801 et
1080 1768 1204 1805 3011.
1236 1761 1442 1802 suadente
1466 1762 1619 1802 Belino.
1663 1763 1760 1801 Bw.

291 1819 534 1857 Revocavit
572 1827 616 1858 et
645 1818 843 1858 Schmiecl.
903 1821 961 1858 Et
990 1829 1135 1872 postea
1174 1819 1351 1859 accessit
1387 1819 1511 1860 etiam
1547 1818 1758 1858 Codicum

294 1878 411 1916 Gorl,
436 1884 479 1913 et
499 1875 609 1929 Aug.
636 1874 945 1915 testimonium.
976 1876 1134 1915 Lnum.

404 1930 505 1984 Pag·
522 1933 668 1975 304.1.
694 1937 728 1974 1.
760 1930 869 1982 Αἷς)
907 1932 1117 1985 Quamvis
1148 1932 1248 1970 ferri
1280 1932 1418 1986 possit
1439 1936 1658 1987 vulgatum
1683 1930 1758 1982 οἷς,

293 1987 571 2041 praeferenda
591 1996 729 2028 tamen
754 1988 979 2028 videbatur
1004 1987 1213 2027 Codicum
1237 1987 1363 2027 modo
1385 1989 1655 2029 laudatorum
1677 1992 1760 2029 lec-

293 2046 357 2084 tio
380 2043 453 2092 αἷς,
487 2045 584 2084 Brp.
644 2045 745 2084 Non
767 2045 871 2084 ferri
891 2054 1034 2098 potest
1054 2042 1125 2094 οἷς,
1147 2046 1183 2082 si
1202 2047 1366 2097 legatur
1384 2044 1452 2094 τὰς
1473 2048 1613 2095 αἰτίας,
1637 2045 1759 2099 quid.

293 2101 400 2154 quid
424 2100 573 2139 doceat
597 2100 779 2150 Belinus,
813 2101 887 2155 qui
909 2099 970 2149 οἷς
989 2100 1038 2138 ad
1060 2103 1176 2154 βίους
1193 2102 1340 2140 referri
1367 2116 1491 2155 posse
1514 2103 1759 2142 somniavit.

294 2159 388 2197 lmo
423 2158 458 2195 si
489 2159 615 2196 semel
645 2158 803 2211 legitur
829 2159 974 2206 αἰτίας,
1009 2157 1246 2197 necessario
1272 2158 1396 2196 etiam
1423 2158 1487 2209 αἷς
1505 2169 1594 2200 erat
1614 2159 1760 2198 rescri-

292 2213 499 2262 bendum,
542 2213 658 2266 quod
689 2212 858 2253 tandem
895 2215 1020 2252 etiam
1051 2213 1212 2253 Belinus
1241 2215 1463 2267 praetulit5
1505 2230 1640 2268 eaque
1669 2229 1760 2254 cor-

291 2271 425 2310 rectio
461 2279 582 2308 tanto
613 2269 661 2308 fit
687 2269 946 2322 speciosior,
981 2283 1110 2323 quum
1140 2281 1307 2335 praeter
1334 2272 1594 2312 Parisienses
1622 2270 1757 2313 Codd.

292 2327 417 2366 etiam
431 2326 706 2366 Gorlitiensis
730 2335 772 2365 et
789 2326 1033 2380 Augustani
1056 2326 1304 2367 testimonio
1327 2328 1596 2381 comprobari
1616 2327 1760 2367 videa-

293 2394 375 2424 tur.
438 2385 496 2421 At
524 2380 753 2423 difficulter
784 2382 889 2421 mihi
923 2383 1181 2437 persuadeo,
1229 2393 1312 2422 tam
1347 2385 1514 2423 foedam
1545 2384 1758 2448 stribligiT

292 2454 408 2488 nem,
448 2438 519 2488 τᾶς
553 2441 701 2487 αἰτίας,
745 2435 814 2490 ἐφ’
855 2437 937 2488 οἷς,
980 2450 1132 2479 temere
1167 2453 1246 2506 per
1275 2451 1339 2479 tot
1383 2440 1489 2479 Edd.
1531 2441 1756 2494 propagari

293 2496 508 2546 potuisse,
555 2496 640 2533 nisi
688 2496 814 2534 aliam
865 2495 1035 2534 subesse
1080 2496 1284 2548 conjicias
1338 2499 1564 2537 lectionem
1601 2496 1756 2550 genui-

296 2566 403 2590 nam.
458 2555 599 2606 Auget
620 2552 745 2591 etiam
772 2551 1059 2605 suspicionem
1081 2553 1283 2592 lectionis
1305 2556 1483 2592 varietas
1507 2555 1549 2591 in
1575 2566 1676 2591 voce
1694 2556 1758 2594 αἰ..

297 2612 378 2655 τίας
399 2609 511 2670 ipsa,
534 2622 641 2662 quae
670 2623 757 2647 non
783 2612 918 2647 solum
937 2610 1065 2657 αιτίας
1084 2619 1208 2647 sonat
1231 2609 1273 2646 in
1298 2611 1344 2647 A.
1366 2616 1403 2652 2.
1427 2609 1497 2648 sed
1520 2610 1644 2647 etiam
1668 2625 1757 2648 mu.

298 2673 382 2701 tnta
413 2665 456 2701 in
483 2667 590 2717 A.ug
616 2665 774 2717 legitur
806 2665 850 2702 in
875 2662 1080 2718 ἁμαρτίας.
1146 2665 1262 2718 Quid
1296 2665 1459 2704 multa?
1504 2665 1654 2718 Neque
1687 2683 1757 2719 τας

299 2716 508 2772 nituerint.
543 2735 680 2774 neque
714 2719 781 2770 τὰς
813 2723 960 2771 αἰτίας,
1005 2723 1090 2774 ipse
1130 2722 1323 2760 Luc-ianus
1357 2721 1548 2773 scripsit,
1583 2720 1652 2760 sed
1686 2721 1759 2762 de-
