1834 3188
411 187 1217 219 rxnnnnro'rrmum.
1456 176 1555 222 473

195 286 301 327 Ead.
321 288 349 327 l.
378 288 418 331 5.
456 283 533 328 Τόν
555 282 711 338 κᾶδην)
746 282 921 334 Caelum,
955 295 996 324 ut
1025 284 1244 339 symbolum
1268 283 1378 323 daret
1408 301 1457 325 ac
1482 285 1558 324 de-

81 354 252 410 poneret.
283 344 430 383 Bnon.
490 341 571 382 Sed
601 340 724 391 vide,
768 355 894 395 quam
919 355 1067 395 parum
1090 351 1204 381 recte
1224 340 1355 395 κάδην
1374 341 1556 390 scribat,

86 414 165 454 pro
188 398 330 441 κάδον.
362 401 526 441 Rem-z.

199 455 304 497 Ibid
342 455 420 498 Τὸν
441 454 587 504 κάδον)
618 454 783 494 Mirum
807 463 892 504 est,
924 454 971 492 in
991 453 1118 494 editis
1143 452 1271 509 legi'
1248 473 1308 498 οτι
1327 451 1453 497 αὐτοῦ
1471 453 1560 497 ἔλα-

88 517 202 567 βετο,
233 508 314 554 ὗπό
335 512 489 555 κόλπου
507 513 787 564 ἐκκομίζοντος
803 508 873 552 τὸν
890 510 1032 564 κάδην.
1094 511 1212 565 Quid
1232 522 1294 551 est
1311 510 1450 565 κάδης,
1484 523 1560 551 aut

84 569 161 608 ubi
182 569 437 609 invenitur?
468 571 550 623 leg
572 568 718 616 κάδον,
751 567 834 605 hoc
857 577 942 617 est,
983 570 1066 607 vini
1097 568 1239 608 cadum
1262 571 1303 608 in
1335 571 1424 608 sinu
1455 571 1559 633 ff—

87 627 219 664 remis.
279 625 399 680 Quae
420 639 520 666 mox
546 624 666 663 addit
688 623 739 663 de
761 623 1018 674 crocodilis,
1050 634 1092 664 et
1124 625 1350 673 cornibus,
1383 625 1559 664 intelli—

85 681 222 736 genda
255 692 355 721 sunt
393 682 444 722 de
493 680 755 735 syllogismis
788 679 1053 729 Stoicorum,
1115 695 1222 733 quos
1253 682 1314 721 sic
1352 682 1560 721 nomina-

84 738 203 778 baut.
270 737 374 778 Vide
395 739 590 805 superius
615 739 659 775 in
682 736 772 775 Vit.
796 736 923 774 Auct.
948 736 1011 791 (c.
1034 737 1126 793 22.)
1151 738 1312 792 Pagina
1333 752 1420 805 seq.
1448 736 1468 780 ὅ
1491 756 1559 791 φι-

86 792 306 847 λόσοφος
292 793 368 847 όρα
389 797 477 837 οιάν
501 789 716 844 ἆπόκοισιν
741 789 1008 843 ἁπεκρίνατο,
1041 794 1072 834 ὠ
1088 791 1324 846 Ἑρμότιμε,
1358 812 1410 843 ως
1437 809 1559 849 ποεσ-

85 850 268 905 βυτικήν,
328 851 544 890 Vertitur:
574 849 683 898 vide,
715 866 772 888 mz
764 848 1050 898 Hermotime‚
1085 851 1556 905 cujusmodiresponsum‚

83 924 201 962 quam
223 923 310 946 sene
331 906 491 960 dignum
508 905 764 959 philosophus
783 905 852 945 ille
875 905 1099 947 reddide1·it.
1133 908 1268 960 Atqui
1290 907 1560 961 ποεσβυτικὸν

84 977 333 1016 responsum
359 973 421 1002 est
451 962 555 1002 anile
575 978 819 1016 responsum,
852 971 900 1000 ut
923 972 1041 1015 patet
1064 977 1115 1002 ex
1141 964 1441 1016 sequentibus.
1474 966 1560 1007 ἐπεὶ

82 1021 150 1060 καὶ
176 1022 220 1061 αἱ
233 1022 366 1060 τίτθαι
396 1017 531 1061 τοιάδε
560 1020 718 1087 λέγουσι
745 1020 837 1071 περὶ
855 1023 934 1060 τῶν
963 1022 1136 1060 παιδίων
1160 1017 1212 1068 ὦς
1235 1018 1398 1062 ἀπιτέον
1422 1019 1559 1070 αυτοῖς

84 1077 125 1124 ἐς
153 1074 414 1118 διδασκάλου·
445 1093 514 1117 και
520 1073 610 1144 γὰο
637 1092 687 1116 ccv
718 1076 881 1128 μηδέπω
913 1081 1059 1127 μαθεῖν
1091 1072 1252 1132 ἀγαθόν
1272 1096 1307 1118 τι
1335 1076 1556 1125 δυνωνττωι

85 1128 175 1174 ἀλλ’
200 1135 276 1175 οὐν
300 1137 461 1185 φαῦλον
485 1129 601 1174 οὐδὲν
629 1129 876 1184 ποιήσουσιν
894 1134 976 1174 ἐκεῖ
993 1150 1038 1181 με
1030 1134 1197 1182 νοντες·
1228 1134 1418 1188 siquidem
1441 1138 1558 1173 eliam

83 1192 196 1228 aviae
199 1188 317 1228 talia
341 1189 387 1227 de
405 1191 533 1243 pueris
555 1188 712 1237 dicunt,
746 1191 927 1227 nimirum
950 1188 1004 1226 acl
1026 1192 1255 1242 magistrum
1274 1190 1356 1229 illis
1374 1191 1554 1241 cundum,

84 1261 179 1284 nam
198 1244 290 1285 licet
315 1246 406 1285 boni
429 1244 530 1284 nihil
545 1247 697 1296 possint
720 1244 886 1295 discer,e
920 1245 1022 1284 nihil
1037 1246 1137 1285 mali
1157 1258 1282 1285 tamen
1306 1250 1556 1296 committens,

89 1301 183 1340 dum
202 1302 259 1340 ibi
277 1301 711 1341 manebun1.GnAnv.
772 1302 938 1341 Mirum
959 1311 1034 1351 est,
1045 1302 1090 1340 in
1111 1302 1339 1341 omnibus
1329 1305 1557 1356 impressis,

90 1358 126 1396 si
148 1373 170 1397 a
192 1359 255 1399 Fl.
276 1367 320 1398 et
340 1358 379 1399 J.
400 1357 543 1408 abeas,
575 1354 705 1410 κάδην
726 1357 798 1396 hic
818 1358 917 1411 legi.
958 1358 1032 1397 W.
1050 1368 1163 1398 recte
1184 1358 1322 1401 κάδον.
1356 1361 1528 1402 SOLAN.

201 1435 307 1477 Ibid.
327 1433 473 1490 ’'Exot)
503 1436 786 1489 Antiquiores
820 1435 928 1477 Edd.
962 1447 1003 1476 et
1033 1437 1125 1490 ipse
1152 1439 1218 1477 M.
1250 1440 1341 1490 ἔχει.
1374 1439 1425 1478 Β.
1452 1445 1491 1482 2.
1518 1448 1562 1477 et

87 1495 183 1534 Par.
204 1493 270 1546 ἔχῃ
294 1494 458 1532 melius.
492 1492 535 1532 S.
559 1502 601 1531 et
623 1493 675 1532 A.
700 1493 858 1531 rectius
879 1494 973 1545 ἔχοι.
1006 1494 1174 1533 SOLAN.
1235 1495 1321 1534 Vix
1350 1495 1564 1548 obseque-

85 1565 152 1591 rer
176 1549 436 1590 salmuriensi
457 1549 562 1597 soli,
595 1548 677 1586 nisi
707 1563 771 1588 res
804 1551 864 1586 ita
895 1550 1120 1589 manifesta
1153 1551 1287 1600 foret,
1331 1561 1380 1589 ut
1414 1554 1559 1604 paullo

84 1621 212 1661 supra
231 1606 277 1643 in
301 1608 424 1660 ἔφυγε
454 1620 532 1658 pro
559 1606 723 1660 ἔφυγον.
781 1604 861 1644 Sed
884 1620 932 1644 eo
957 1607 1077 1659 ipso,
1120 1606 1235 1660 quod
1265 1584 1331 1647 M.
1352 1621 1440 1646 non
1471 1610 1561 1664 ε’χῃ,

85 1664 190 1702 sed’
179 1664 236 1716 ε’χε
221 1680 254 1704 ι
272 1662 426 1712 habet,
461 1661 658 1715 adparet,
692 1676 786 1700 eum
817 1663 898 1714 ἕγοι
919 1661 1016 1701 dare
1040 1664 1252 1711 voluisse;
1286 1663 1385 1702 ideo
1409 1667 1563 1718 vulga-

88 1729 178 1758 tum
199 1721 264 1772 ἔχη
285 1732 456 1757 seculus
477 1717 595 1771 ejeci.
628 1719 795 1758 anz.
825 1716 927 1774 ’Έχῃ
945 1718 1104 1758 habent
1127 1720 1252 1758 etiam
1278 1719 1413 1759 Codd.
1435 1725 1562 1764 2954.

90 1781 215 1819 3011.
238 1784 280 1813 et
303 1773 382 1815 Ed.
404 1776 453 1813 B
482 1780 522 1817 3.
546 1773 810 1813 Variationis
835 1762 964 1827 hujus
989 1789 1135 1813 caussa
1170 1775 1409 1830 quaerenda
1440 1786 1483 1815 et
1517 1777 1560 1817 h.

88 1835 119 1871 1.
142 1832 186 1869 in
222 1831 348 1869 istius
373 1829 466 1869 aevi
493 1829 850 1883 pronuntiatione
880 1831 1098 1870 literarum
1121 1848 1170 1884 η,
1204 1849 1242 1873 οι
1265 1842 1307 1871 et
1325 1849 1382 1883 ει,
1416 1843 1464 1870 ut
1487 1847 1565 1870 su·-

90 1902 167 1943 pra
191 1902 227 1928 c-
247 1892 315 1931 78.
347 1885 646 1955 προγυμνάζεις
675 1885 920 1939 legebatur,
954 1897 996 1926 et
1025 1905 1166 1937 *0:3,
1199 1899 1240 1927 et
1257 1906 1371 1945 -ῃς,
1430 1889 1564 1928 Βεῖἰηί

91 1947 379 1998 conjecturam
408 1953 460 1992 ως
490 1939 551 1984 ἂν
581 1943 660 1996 ε’χοι
683 1942 812 1981 nihili
836 1956 947 1993 esse,
980 1958 1067 1982 non
1093 1959 1199 1998 opus
1223 1955 1307 1995 est,
1342 1954 1390 1983 ut
1421 1943 1562 1985 denuo

91 1999 415 2039 demonstretur.
449 2000 608 2040 Lmur.

206 2055 309 2095 Ead.
328 2058 357 2094 l.
378 2061 444 2099 11.
481 2053 535 2097 ‘O
565 2046 862 2113 Κοοκόδειλος)
915 2057 1012 2096 Hoc
1043 2066 1139 2097 ante
1184 2058 1446 2111 explicatum
1479 2067 1563 2109 est,

94 2121 223 2165 atque
254 2112 381 2150 etiam
413 2111 520 2150 illud
551 2114 618 2154 καὶ
655 2113 802 2166 κέρατα
833 2110 1023 2163 ἀναφύει.
1066 2114 1210 2152 Bnon.
1279 2113 1378 2153 Vid.
1415 2129 1564 2167 supra,

94 2169 216 2208 Dial.
245 2167 380 2207 Mort.
407 2168 442 2210 Ι
478 2183 565 2207 non
598 2169 657 2206 ita
686 2171 815 2222 longe
849 2169 897 2208 ab
921 2170 1075 2220 initio,
1109 2180 1150 2210 et
1174 2170 1261 2208 Vit.
1283 2171 1405 2209 Auct.
1435 2185 1468 2208 c.
1494 2177 1563 2213 22.

95 2225 265 2264 Somx.
323 2223 476 2263 Studio
500 2224 688 2277 expressi
706 2223 1026 2265 Brodaeanum
1006 2244 1025 2268 o
1045 2241 1124 2281 pto
1146 2244 1222 2278 ως,
1256 2227 1336 2266 etsi
1357 2228 1565 2266 festinan·

94 2281 150 2320 tis
177 2280 486 2320 aberrationem
511 2279 663 2321 credo.¹
680 2280 844 2321 RmTz.

210 2337 311 2389 Pag.
338 2341 432 2379 114
452 2339 480 2375 l.
507 2343 544 2379 1.
579 2337 764 2390 Κέρατα)
796 2338 893 2377 Vid.
916 2338 1067 2378 iterum
1095 2354 1217 2392 supra
1243 2339 1360 2381 Dial
1383 2348 1503 2380 mort.
1527 2339 1564 2378 I.

97 2393 271 2434 SonAx.
330 2393 466 2432 Immo
493 2403 534 2432 et
556 2406 680 2445 saepe
712 2393 814 2431 alibi
844 2393 894 2433 de
925 2394 1007 2433 hoc
1033 2397 1274 2450 syllogismi
1299 2394 1565 2435 fraudulenti

101 2449 481 2505 cognominatione
506 2448 664 2486 dictum
685 2458 772 2499 est,
803 2458 850 2487 ut
870 2450 915 2488 in
938 2451 1025 2489 vit.
1048 2461 1159 2491 auct.
1180 2462 1256 2493 etc.
1288 2452 1451 2489 anz.

211 2514 774 2569 Εαιῖ.1.3.Ἐπιβυσάιιενος
806 2515 854 2556 τὰ
884 2511 990 2567 ὦτα)
1040 2519 1099 2556 λε
1132 2518 1229 2574 qnid
1259 2518 1418 2567 audiat,
1460 2519 1566 2573 quod

101 2588 207 2624 cum,
237 2575 332 2614 baec
351 2572 458 2628 apud
476 2590 514 2612 se
538 2573 807 2618 meditantem,
841 2574 962 2611 turbe!
985 2585 1100 2627 alque
1123 2575 1346 2628 interpellet.
1378 2576 1525 2616 BROD.

216 2651 320 2692 Ibid.
365 2651 527 2704 Αὐτὸν)
568 2651 718 2690 Malim
752 2648 897 2698 αὑτὸν,
937 2650 1162 2704 ad>pirate.
1193 2655 1361 2694 Rmrz.
1415 2655 1566 2694 Tacite

107 2706 332 2747 obsecutus
355 2719 417 2750 est
440 2708 706 2749 Sclzmz'cclcrus
725 2740 733 2755 ,
766 2707 836 2747 sed
866 2717 1031 2750 temere.
1093 2709 1202 2750 Vide
1234 2710 1361 2754 modo
1388 2710 1440 2751 ad
1468 2726 1502 2751 c.
1524 2718 1547 2755 3
