1834 3188
226 346 362 387 1³·84o.
378 344 421 387 ἐν
441 337 602 390 αὐτοῖς,
633 338 701 380 καὶ
729 336 834 389 πρὸς
852 335 923 379 τὸν
946 332 1114 389 ἆρχαῖον
1137 332 1291 377 κανόνα
1315 339 1605 393 συγκειμένων,
1635 336 1664 392 ἢ
1684 342 1762 382 νοῦ

208 799 283 835 od.
321 799 338 831 1

250 853 332 890 εειθ

376 231 474 278 180

373 409 508 462 ὀξέος,
538 405 566 462 ἢ
588 408 798 460 περινοίας
817 403 949 456 τινὸς,
981 402 1010 458 ἢ
1030 402 1190 458 χάριτος
1213 400 1412 460 Ἀττικῆς,
1445 404 1474 461 ἢ
1497 405 1705 462 ἇρμονίας,
1735 426 1762 460 ἠ

854 237 1261 271 LUCIANI

1744 399 1765 414 Ἃ

371 481 510 534 τέχνης
528 481 598 530 τῆς
617 471 688 527 ἐφ’
720 473 867 523 ἅπασι,
899 471 1054 516 τούτων
1073 475 1112 516 δὲ
1133 474 1174 528 e)
1207 472 1346 527 πὸρῤω
1377 478 1474 526 ἰ’σως
1508 474 1682 531 τούμόν·
1717 469 1766 519 οὗ

374 547 450 606 γὰρ
483 544 533 588 ἂν
555 545 744 598 παρέντες
771 537 871 583 αὐτοὶ
903 542 1055 592 ἐκεῖνα,
1087 541 1266 598 ἐπῄνουν
1298 543 1426 599 μόνον
1455 543 1498 587 τὰ
1532 541 1675 587 καινόν
1693 550 1766 597 τῆς

374 615 665 671 προαιρέσεως,
698 612 765 652 καὶ
797 612 972 660 ξενίζον·
1004 608 1079 666 ἐγώ
1112 612 1152 652 δὲ
1181 608 1391 665 ὅμοῖταιος
1411 612 1546 670 ᾤμην,
1579 610 1702 655 ὁπότε
1724 608 1770 654 ἇ-

374 687 632 738 ναπηδῶντες
652 675 690 735 f)
722 680 926 721 ἐπαινοῖεν
946 680 1016 730 g),
1058 677 1155 733 τάχα
1184 680 1318 732 μέντοι
1355 682 1422 722 καὶ
1451 676 1549 721 αὗτὸ
1580 684 1698 722 τοῦτο
1719 675 1768 733 h)

230 754 334 787 Hom.
375 745 710 807 npogdyeoffoni)
744 743 916 796 αὐτούς·
967 743 1116 800 ἀληθὲς
1147 745 1222 802 γὰρ
1257 748 1357 790 εἶναι
1387 747 1430 790 τὸ
1462 752 1535 790 τοῦ
1560 744 1765 803 ”Ομη’ρου,

353 824 363 842 ’
379 824 446 866 καὶ
465 818 537 874 τὴν
559 821 655 861 νέαν
678 811 790 872 φ’ὅῆν
811 817 1099 870 κεχαρισμένην
1118 814 1312 871 ὗπᾶρχειν
1332 823 1416 865 τοῖς
1441 813 1682 858 α’κούουσιν·
1717 813 1768 858 οὗ

378 889 460 946 μὴν
490 884 683 938 τοςοῦτόν
711 901 777 940 γε,
817 881 907 926 οὕτε
937 882 1032 926 ὅλον
1060 889 1111 942 τῇ
1141 883 1347 938 καινότητι
1374 887 1507 938 νέμειν
1526 879 1577 935 k)
1608 880 1764 936 η’ξίουν,

377 956 475 1002 ἄλλα
500 956 575 1010 τὴν
598 955 689 1009 μὲν,
724 950 852 1004 ὥςπερ
883 952 924 994 ἐν
949 951 1189 1006 προςθήκης
1216 956 1361 1009 μοίρᾳ,
1395 958 1697 1005 συνεπικοσμεῖν
1716 970 1766 1003 τι,

376 1028 444 1071 καὶ
460 1023 562 1077 πρὸς
580 1022 648 1065 τὸν
667 1023 833 1063 ἔπαινον
855 1025 1053 1062 συντελεῖν
1071 1022 1139 1062 καὶ
1161 1017 1303 1074 αὐτήν.
1347 1019 1395 1062 τὰ
1418 1023 1457 1063 δὲ
1476 1026 1532 1072 τᾳῖ
1552 1019 1637 1062 ὅντι
1656 1022 1766 1063 ἐπαι-

374 1092 574 1147 νούμενα,
606 1091 674 1132 καὶ
691 1086 770 1131 ὖπὸ
793 1093 873 1131 τῶν
894 1086 1128 1131 ἀκουόντων
1156 1084 1469 1142 εὐφημούμενα,
1501 1091 1634 1132 ἐκεῖνα
1651 1088 1764 1131 εἶναι·

374 1160 469 1212 ὅςτε
499 1156 548 1203 οὗ
576 1160 743 1213 μετρίως
774 1154 980 1214 ἐπήρμην,
1013 1157 1082 1199 καὶ
1110 1154 1364 1199 ἐκινδύνευον
1393 1154 1592 1199 πιστεύειν
1612 1152 1763 1209 αὐτοῖς,

419 1298 460 1342 e)
489 1293 562 1337 δὲ]
590 1294 747 1328 Mallem
776 1288 844 1338 δὴ,
872 1293 911 1326 in
943 1292 1189 1337 Ερειηειῖθρεί,
1217 1297 1259 1325 ut
1285 1291 1401 1325 Dian.
1422 1293 1540 1326 Marr.
1559 1294 1656 1336 XIV,
1677 1305 1709 1327 2.
1741 1306 1764 1338 η

1755 1288 1766 1303 t

464 1339 603 1387 Ἀθηνᾶ
620 1339 687 1384 μὲν
712 1359 758 1364 -
783 1359 827 1365 -
850 1358 896 1365 -—-
920 1335 943 1384 ἡ
975 1337 1119 1384 Ἀθηνᾶ
1140 1339 1187 1384 δὴ
1211 1345 1278 1371 etc.
1302 1345 1337 1371 et
1367 1339 1527 1383 saepius.
1579 1338 1764 1372 Confusas

464 1389 532 1423 has
556 1387 755 1432 particulas
775 1385 848 1418 vid.
871 1396 899 1418 e.
922 1397 954 1430 g.

991 1387 1049 1419 De
1072 1388 1189 1418 Mero.
1212 1384 1330 1417 Cond.
1352 1396 1382 1417 c.
1407 1385 1462 1428 36.
1483 1386 1533 1419 in.

1586 1386 1643 1418 Cf.
1669 1387 1767 1418 Her-

467 1441 560 1469 mot.
585 1446 615 1466 c.
637 1442 693 1477 53.
743 1432 780 1475 f)
808 1430 1181 1476 ἀναπηδῶντες]
1211 1426 1463 1470 οἶναπιδῶντες
1482 1433 1522 1465 Β.
1543 1442 1576 1474 5.
1610 1431 1767 1464 Jotacis-

464 1482 517 1516 mi
541 1480 664 1523 culpa.

464 1533 624 1567 temere,
653 1536 761 1568 quam
785 1535 895 1568 supra
914 1524 1093 1557 Herodot.
1117 1536 1147 1558 c,
1171 1533 1204 1565 5.

722 1481 768 1522 g)
797 1476 1077 1521 ἐπαινοῖεν]
1105 1477 1265 1523 ἐπῄνουν
1288 1480 1385 1518 conj.
1408 1477 1522 1510 Belin.
1544 1488 1620 1509 non
1642 1478 1764 1510 minus

1255 1522 1302 1563 h)
1332 1520 1445 1557 αὐτὸ
1471 1523 1642 1566 τοῦτο]
1671 1520 1765 1563 „0175-

464 1568 646 1619 τῷτούτῳ
657 1570 708 1603 Fl.
737 1570 806 1602 Sed
831 1570 1018 1614 vulgatam
1038 1569 1211 1603 exhibent
1227 1569 1257 1602 J.
1272 1570 1315 1602 H.
1328 1569 1408 1601 Par.
1422 1574 1458 1601 et
1471 1569 1564 1604 (jod,
1580 1569 1658 1602 P..⁴‘
1685 1571 1763 1602 Nec

465 1629 543 1652 :non
574 1618 655 1650 Ald.
682 1628 711 1648 ι.
736 1627 767 1650 2.
797 1621 832 1648 et
855 1616 898 1647 Β.
925 1627 954 1649 1.
975 1627 1007 1659 3.

465 1673 569 1708 2954·

463 1708 621 1755 νέμην.“

376 1827 422 1868 in
460 1825 611 1866 iisdem
651 1825 866 1879 pulchris,
918 1832 961 1865 et
987 1821 1040 1863 ad

376 1883 596 1937 antiquam
617 1886 804 1937 regulam
828 1881 1039 1934 composi-

374 1941 454 1987 tis,
508 1950 580 1977 aut
613 1953 739 1977 sensu
772 1950 922 1988 acuto,
966 1946 1039 1975 aut

373 1995 649 2049 excogitandi
669 1995 855 2044 solertia,
873 2004 944 2032 aut
967 2007 1038 2031 ve-

372 2061 542 2091 nustate
571 2051 732 2100 Attica,
765 2062 838 2088 aut
858 2063 1037 2103 compo-

372 2108 532 2147 sitione
553 2123 603 2146 ac
620 2123 776 2146 numero
792 2138 801 2154 ‚
838 2117 909 2144 aut
932 2119 1036 2158 quo·

373 2162 467 2202 dam
502 2164 544 2201 in
575 2163 640 2200 his
675 2164 871 2201 omnibus
900 2161 1035 2200 artifi-

371 2221 465 2267 cio,
500 2219 549 2257 ab
569 2219 649 2268 his,
684 2219 873 2272 inquam,
905 2221 1034 2270 longe

369 2276 484 2315 forte
504 2276 613 2314 ratio
635 2290 721 2314 mea
745 2285 913 2314 remota.
948 2274 1033 2312 Ne-

372 2346 454 2384 que
474 2331 584 2372 enim
600 2362 610 2380 ‚
644 2334 720 2370 nisi
739 2332 813 2370 hoc
832 2334 888 2369 ita
906 2347 945 2369 sc
963 2330 1034 2368 Iza-

371 2388 489 2439 beret,
524 2389 683 2428 relictis
702 2388 789 2426 illis
811 2388 933 2439 ipsis,
966 2400 1029 2424 so-

367 2446 447 2483 lam
467 2443 688 2483 laudarent
714 2444 946 2482 novitatem
968 2456 1030 2480 ra-

368 2499 500 2538 tionis
531 2512 698 2540 nostrae
723 2515 769 2538 ac
795 2499 1028 2553 peregrini-

366 2563 511 2596 tatem.
573 2559 630 2595 At
655 2570 787 2595 vanus
812 2570 889 2610 ego
925 2558 1025 2609 spei,

365 2620 580 2663 putaram,
630 2627 724 2651 curn
756 2612 808 2651 ad
841 2613 1025 2650 laudan-

366 2665 464 2704 dum
518 2679 844 2722 consurgerent,
912 2669 1024 2707 forte

365 2722 534 2776 quidem
556 2724 637 2762 hoc
651 2724 789 2776 ipsum
805 2725 930 2765 etiam
950 2737 1021 2763 eos

361 2781 607 2817 allecturum
645 2793 758 2830 esse,
815 2794 908 2819 cum
940 2793 1021 2820 ve-

640 1662 688 1706 k)
713 1660 819 1705 νέμε
831 1664 901 1704 ιν]
929 1662 1020 1706 „Sic
1046 1667 1146 1696 recte
1175 1661 1270 1694 Edd.
1293 1667 1391 1694 octo.

1079 1615 1118 1656 1')
1144 1611 1507 1658 προςάγεσθαι]
1534 1613 1767 1659 προάγεσθαι

1442 1661 1529 1694 Sola
1545 1663 1643 1698 dunt.
1667 1662 1764 1695 male

1097 1837 1189 1862 rum
1222 1822 1278 1861 sit
1312 1823 1589 1863 Homericum
1622 1824 1758 1877 illud,

1097 1895 1235 1918 novam
1274 1879 1512 1919 cantilenam
1541 1881 1763 1934 jucundam

1096 1953 1174 1974 esse
1188 1935 1458 1987 auclic’niibu87·
1491 1946 1554 1973 ast
1585 1952 1669 1975 non
1705 1952 1756 1976 eo

1095 2006 1256 2044 usque:
1293 2005 1429 2045 neque
1449 1993 1668 2031 censebam
1692 1994 1758 2031 fu·

1096 2057 1263 2092 turum,
1314 2061 1457 2086 omma
1500 2050 1686 2087 novitati
1713 2058 1762 2088 ut

1096 2102 1359 2150 tribuerent3
1444 2118 1590 2143 verum
1648 2105 1760 2144 hanc

1097 2158 1293 2212 quidem,
1347 2161 1563 2198 corollarii
1611 2165 1760 2215 cujus-

1096 2216 1187 2252 dam
1210 2216 1364 2265 instar,
1400 2218 1636 2255 ornamenti
1659 2221 1759 2257 alla-

1093 2280 1227 2309 turam
1253 2271 1420 2326 aliquid
1440 2305 1449 2322 ,
1488 2285 1527 2310 et
1552 2273 1668 2312 laudi
1692 2275 1757 2327 ip-

1092 2342 1175 2365 sam
1208 2342 1380 2381 quoque
1411 2328 1592 2367 nonnihil
1620 2332 1756 2368 colla-

1091 2394 1253 2432 turam3
1304 2399 1351 2423 ea
1381 2399 1504 2433 vero,
1551 2398 1656 2437 quae
1683 2400 1755 2426 se·-

1090 2441 1155 2479 rio
1196 2455 1242 2479 ac
1279 2439 1415 2479 solide
1448 2439 1748 2494 laudarentur,

1088 2510 1281 2551 quaeque
1332 2497 1516 2535 secunda
1570 2496 1752 2537 audien..

1087 2554 1192 2591 tium
1213 2553 1321 2590 fama
1343 2551 1653 2601 exciperentur,
1669 2555 1750 2595 ista

1086 2622 1201 2657 esse,
1236 2623 1335 2662 quae
1365 2607 1481 2646 modo
1506 2625 1748 2650 commemo-

1084 2666 1180 2717 νᾳυί.
1242 2666 1394 2716 ltaque
1412 2678 1495 2703 non
1518 2666 1745 2705 mediocri-

1081 2729 1145 2758 ter
1174 2722 1256 2772 jam
1290 2723 1421 2759 elatus
1463 2722 1645 2772 fueram,
1699 2732 1742 2762 et

1080 2789 1214 2829 prope
1244 2776 1407 2827 fuerat,
1447 2787 1496 2816 ut
1530 2778 1738 2819 crederem
