1834 3188
389 191 488 239 190
865 204 1339 241 Luc1AN1,

260 320 297 355 p.
312 314 368 349 28.
380 301 425 345 τό
449 302 787 357 συμπεφυκότων,
817 304 884 346 καὶ
905 302 1072 345 σύσκιον
1091 297 1266 357 ἇκριβῶς
1284 301 1514 348 ποιούντων
1535 300 1651 349 αὗτό·
1678 302 1772 348 σκό-

381 389 448 414 πει
471 368 524 420 ὦς
542 370 742 427 ἀναγκαῖα
759 377 807 429 τῇ
828 374 980 428 ἱστορίᾳ
1002 375 1145 422 ταῦτα,
1176 373 1240 413 καὶ
1266 368 1319 420 ὥς
1339 374 1388 423 u)
1420 370 1495 415 οὔκ
1521 373 1571 415 ἂν
1591 376 1638 425 ¹)
1669 371 1769 416 ἄνευ

299 447 355 487 20
382 436 516 480 αὐτῶν
535 439 582 494 y)
620 439 780 496 ᾔδειμέν
807 457 843 481 τι
873 445 951 482 τῶν
979 441 1060 482 ἐκεῖ
1089 441 1362 493 πραχθέντων
1415 439 1526 484 ‘Yno
1549 439 1624 496 γὰρ
1647 443 1694 492 ²)
1726 438 1770 484 α’·

1156 503 1218 520 Ἃ)

384 511 573 557 σθενείας
602 514 672 561 τῆς
702 510 743 552 ἐν
775 515 859 557 τοῖς
883 511 1116 563 χρησίμοις,
1146 526 1171 560 η
1196 511 1364 564 αγνοίας
1383 516 1462 552 τῶν
1488 511 1673 561 λεκτέων,
1707 511 1773 555 ἐπὶ

380 574 455 626 τοὶς
481 595 667 626 τοιαυτας
707 594 786 618 των
823 579 979 631 χωρίων
1009 579 1077 619 καὶ
1109 575 1267 630 ἄντρων
1298 575 1513 632 ἐκφράσεις
1543 579 1773 632 τρέπονται·

380 647 448 688 καὶ
472 644 621 688 ὁπόταν
642 648 681 694 ἐς
708 643 836 688 πολλοὶ
865 647 933 687 καὶ
955 645 1101 701 μεγάλα
1124 644 1336 700 πράγματα
1358 648 1600 699 ἐμπέσωσιν,
1633 649 1770 689 ἐοίκοι-

381 727 446 756 σιν
466 715 597 770 οἰκέτῃ
616 713 867 770 νεοπλούτῳ,
900 713 988 768 ἄρτι
1018 719 1089 756 τοῦ
1107 712 1306 756 δεσπότου
1327 712 1682 767 κληρονομήσαντι
1699 716 1767 767 a),

381 780 427 831 ὃς
449 780 542 824 οὔτε
561 781 632 835 τὴν
647 785 798 836 ἐσθῆτα
819 783 926 825 οἶδεν
942 779 994 831 ὦς
1011 780 1083 835 χρὴ
1104 784 1388 835 περιβαλέσθαι
1408 778 1476 834 b)‚
1509 779 1598 824 οὔτε
1610 786 1770 836 δειπνῆ-

380 865 446 893 σαι
467 849 565 893 κατὰ
592 849 745 905 νόμον,
778 847 865 893 ἀλλ’
900 849 1131 903 ἐμπηδήσας
1148 847 1212 905 c·),
1247 851 1439 899 πολλάκις
1466 847 1682 904 ὄρνιθείων
1702 846 1766 902 d),

377 920 445 961 καὶ
480 922 703 971 συείωνθ),
752 920 816 961 καὶ
852 917 1019 976 λαγῴων
1038 913 1074 968 f)
1126 918 1420 973 προκειμένων,
1468 915 1770 973 υπερεμπίπλα-

1269 983 1278 998 ²
1319 983 1337 998 Ἃ

377 1004 440 1029 ται
461 989 507 1038 g)
540 989 680 1036 ἔτνους
699 986 829 1038 τινὸς,
859 1006 886 1041 η
917 990 1078 1042 ταρίχου
1099 982 1169 1039 ¹¹),
1201 987 1262 1034 ἔςτ
1310 1003 1360 1027 αν
1382 988 1583 1041 διαρραγῇ
1603 989 1768 1028 ἐσθίων.

377 1069 496 1103 ουτος
516 1053 554 1096 δ’
580 1056 673 1106 οὐν,
707 1052 811 1110 311¹)
842 1062 1058 1110 προεῖπον,
1092 1056 1156 1096 καὶ
1188 1056 1390 1109 τραύματα
1413 1056 1641 1109 συνέγραψε
1659 1052 1768 1096 πάνυ

419 1168 473 1211 u)
500 1164 580 1212 ως]
618 1181 700 1208 ,,ων
730 1170 770 1202 P
777 1170 801 1189 “
871 1169 916 1211 x)
944 1165 1023 1213 ἂν]
1061 1168 1199 1202 inserui
1230 1179 1249 1201 e
1277 1169 1442 1212 vestigiis
1470 1167 1642 1201 lectionis
1672 1167 1765 1204 Cod.

465 1225 529 1258 29
526 1225 568 1257 4.
600 1210 668 1248 ov'n
696 1209 742 1248 ὃῖν
771 1227 823 1249 εν.
895 1213 1165 1258 Υ)αυ’ταῖν]
1193 1216 1320 1257 „deest
1348 1215 1386 1246 in
1417 1215 1504 1247 W.“
1576 1216 1614 1257 z)
1604 1213 1764 1258 )γοῖρ]

465 1261 599 1303 „Nihil
627 1267 776 1294 mutant
804 1262 833 1294 J.
866 1227 918 1294 Hy
942 1263 983 1294 B.
1010 1273 1040 1294 2.
1072 1263 1152 1293 Par.
1189 1261 1236 1292 l'l.
1263 1269 1297 1293 et
1328 1261 1412 1292 Μζι
1462 1262 1606 1293 Tamen
1636 1261 1769 1294 mallet

467 1306 588 1339 S.0l‹1n
611 1307 714 1362 γοῦν
762 1314 802 1344 a)
830 1303 944 1352 ἄρτι
971 1320 1052 1342 του
1078 1304 1321 1342 δεσπότου
1346 1309 1472 1350 κληρ
1488 1307 1502 1349 ]
1531 1307 1619 1347 „Sic
1641 1307 1694 1340 Fl.
1716 1308 1764 1341 H.

461 1353 545 1386 Par.
569 1352 603 1385 S.
625 1350 710 1397 ἄρτι
727 1355 875 1397 κληρον.
898 1367 928 1387 τ.
948 1354 1046 1388 δεσπ.
1066 1353 1213 1386 inverso
1235 1353 1365 1385 ordine
1387 1353 1426 1386 P.
1446 1358 1481 1384 et
1505 1353 1561 1385 W.
1626 1353 1673 1395 h)
1699 1365 1767 1388 πε-

466 1399 793 1444 ριβαλὲσθαι]
831 1402 886 1432 lta
918 1401 956 1433 A.
983 1412 1012 1433 1.
1038 1411 1068 1432 2
1092 1400 1134 1433 Β.
1160 1411 1186 1431 ι.
1209 1410 1241 1441 3.
1262 1396 1553 1455 περιβάλλεσθαι
1581 1401 1699 1432 Remz.
1730 1405 1768 1432 et

462 1450 620 1478 recentt.
642 1445 768 1478 nescio
791 1457 862 1489 quo
884 1453 981 1479 ortu.
1034 1447 1076 1488 c)
1105 1442 1295 1488 ἐμπηδή
1310 1448 1445 1486 σας],
1452 1441 1673 1490 ἐκπηδήσας
1693 1446 1733 1478 L.
1741 1446 1767 1465 “

465 1491 639 1524 Ceterum
659 1503 829 1534 comma,
858 1492 959 1536 quod
981 1491 1071 1524 olim
1101 1498 1184 1534 post
1201 1487 1378 1530 πολλάκις
1402 1498 1624 1545 posuer-ant,
1654 1503 1765 1534 nnnc,

463 1537 681 1568 *Sc-'·lzmoeclerz
710 1538 920 1581 exemplum
952 1544 1120 1579 secutus,
1145 1543 1233 1570 ante
1252 1537 1456 1578 collocavi,
1482 1534 1659 1576 πολλακις
1678 1549 1766 1570 cum

462 1584 541 1614 Jac.
565 1584 649 1614 Rei
654 1582 708 1614 zm
734 1583 925 1619 Animadv
952 1562 1160 1616 Vol.1.'«ai
1190 1582 1383 1625 se111entia
1414 1585 1598 1626 τοίω-,61η
1627 1584 1766 1627 etfor-

462 1634 558 1659 tasse
591 1627 791 1672 explicam.
864 1630 909 1672 d)
945 1626 1236 1683 ὀρνιθείων]
1263 1630 1340 1667 Ira,
1371 1636 1546 1661 monente
1576 1629 1765 1673 S'alemsero

464 1672 513 1706 ad
531 1675 571 1706 L.
591 1676 662 1706 Bos
683 1686 716 1718 p.
738 1686 778 1707 2·-
769 1687 815 1717 ,.4
840 1676 969 1718 scripsi
993 1688 1059 1719 pro
1084 1675 1182 1719 vulg.
1206 1671 1385 1718 ὀρνίθων.
1437 1675 1649 1708 praeiverat
1668 1686 1768 1708 mar-

461 1718 560 1763 ginis
593 1724 683 1756 A,1
710 1721 765 1752 W.
794 1721 907 1754 lectio
938 1700 1169 1765 ὁρνιθίων,ῢ
1169 1732 1188 1754 e
1214 1721 1418 1754 Jotacismo
1451 1727 1544 1754 orta.
1621 1722 1663 1761 e)
1693 1732 1764 1755 συ-

461 1765 601 1805 είων]
628 1768 805 1801 συνείνων
827 1767 929 1812 2956,
979 1769 1019 1811 f)
1047 1764 1267 1812 λαγῴων]
1294 1779 1334 1800 ex
1353 1764 1614 1812 emendatione
1634 1768 1766 1800 schae-

452 1811 536 1855 feri
566 1824 633 1855 pro
655 1814 753 1857 vulg.
783 1815 946 1858 λαγωῶν.
999 1816 1119 1858 Marg.
1142 1817 1180 1849 A.
1211 1826 1239 1847 1.
1262 1815 1319 1846 W.
1337 1809 1500 1868 λαγώων.
1545 1815 1602 1859 g)
1627 1826 1765 1857 υπερ-

461 1859 784 1902 εμπίπλαται]
820 1861 909 1902 „Sic
939 1862 980 1894 Β.
1004 1872 1033 1893 2.
1068 1861 1119 1895 Pl.
1139 1861 1168 1893 J.
1192 1862 1273 1894 Par
1296 1861 1342 1893 H.
1362 1867 1443 1892 etc.
1461 1856 1764 1915 υπερῳπίμπλα-

461 1916 524 1938 ται
544 1905 599 1938 W
608 1907 631 1924 “
678 1905 726 1949 h)
752 1907 976 1950 ταρίχου]
1003 1908 1342 1951 „tocolxovgmarg
1368 1908 1410 1939 A.
1431 1917 1461 1938 ι.
1480 1906 1538 1939 W.
1545 1908 1568 1924 “
1617 1906 1652 1948 i)
1682 1902 1761 1947 ὃν]

370 2006 550 2060 ingenio
587 2007 667 2047 sibi
713 2023 790 2049 suo
820 2010 1039 2063 implexa-
1097 2024 1218 2049 servo
1266 2007 1516 2046 divitiarum
1567 2008 1762 2060 insueto,

368 2076 488 2111 rum,
542 2073 584 2103 et
635 2065 875 2105 umbrosum
929 2067 1034 2105 illud
1097 2076 1207 2105 creta
1238 2079 1373 2117 nuper
1401 2064 1566 2103 demum
1595 2063 1761 2104 domini

367 2119 563 2174 undique
585 2121 851 2161 facientium.
910 2123 1034 2173 Vide,
1095 2123 1162 2160 sui
1200 2120 1460 2171 hereditate,
1512 2121 1587 2174 qui
1623 2136 1763 2175 neque

368 2190 493 2229 quarn
544 2176 623 2215 ista
662 2179 750 2216 sint
798 2180 1034 2218 necessaria
1094 2179 1224 2217 vestis
1258 2178 1379 2215 novit
1405 2177 1762 2231 quemadmodum

368 2230 589 2283 historiae,
623 2244 665 2272 et
685 2249 808 2286 quam
829 2236 921 2276 sine
944 2236 1036 2274 istis
1097 2233 1313 2273 induenda
1337 2234 1414 2282 sit,
1448 2249 1585 2288 neque
1603 2250 1654 2274 ex
1676 2249 1761 2273 mo-

370 2287 485 2326 nihil
504 2290 863 2330 intellexissemus
877 2307 1037 2343 eorum,
1096 2306 1140 2330 re
1175 2291 1316 2329 cibum
1340 2305 1514 2342 capere3
1549 2290 1621 2328 sed
1644 2290 1762 2328 irru-

371 2357 479 2396 quae
520 2346 580 2384 ibi
610 2358 724 2399 gesta
756 2348 880 2389 sunt!
932 2352 1037 2390 Ptae
1097 2362 1196 2397 ens,
1249 2362 1341 2386 eum
1388 2357 1526 2385 tamen
1566 2347 1760 2385 fortassis

369 2399 668 2442 imbecillitate
695 2405 807 2443 enim
835 2405 878 2442 in
912 2406 1036 2444 utili-
1096 2405 1382 2458 gallinae-eae,
1425 2412 1466 2441 et
1501 2402 1674 2450 suillae,
1718 2413 1761 2443 et

368 2454 446 2493 bus
469 2470 567 2498 recte
582 2461 785 2511 versandi,
823 2472 894 2501 aut
913 2463 1035 2516 igno·
1094 2463 1313 2514 leporinae
1337 2458 1558 2511 appositae
1578 2459 1680 2507 sint,
1714 2459 1759 2497 in

368 2524 458 2548 ran
470 2515 506 2551 ia
531 2515 821 2569 dicendorum,
855 2518 906 2557 ad
931 2523 1035 2558 tales
1096 2521 1362 2570 pulmentum
1382 2513 1556 2568 aliquod
1579 2525 1651 2552 aut
1674 2519 1760 2554 sal-

369 2569 593 2621 regionum
632 2584 671 2612 et
710 2586 927 2614 antrorum
959 2575 1037 2615 de-
1096 2582 1352 2615 sarmentum,
1387 2585 1518 2623 usque
1538 2584 1587 2609 eo
1611 2575 1760 2624 opple-

370 2625 625 2675 smiptiones
661 2632 948 2685 confugiunt,
995 2641 1036 2671 et
1095 2639 1187 2678 tur,
1228 2638 1276 2665 ut
1309 2641 1360 2665 ne
1391 2637 1612 2678 rumpatur
1637 2639 1760 2668 metus

369 2692 462 2717 cum
505 2682 549 2719 in
587 2688 739 2724 multas
776 2702 1034 2741 magnasque
1093 2687 1155 2723 sil.
1217 2685 1293 2721 Ille
1317 2683 1469 2736 igitur,
1514 2697 1635 2736 quem
1662 2699 1759 2723 mo-

367 2748 433 2774 les
463 2736 688 2793 incidunt,
741 2743 901 2784 similes
933 2752 1035 2783 sunt
1093 2740 1148 2779 do
1181 2739 1397 2789 dicebam,
1429 2739 1557 2778 etiam
1580 2743 1754 2780 vulnera
