1834 3188
248 199 347 249 538
604 214 1360 246 ADNOTArroNEs

245 317 388 356 ποιῶν.
447 312 557 354 Vere
583 312 669 355 Ms
696 317 752 370 τῷ·
781 318 1025 369 συγγραφεῖ,
1056 312 1477 371 afummfluctibus,
1520 328 1555 356 et
1582 321 1706 370 curis,

244 371 385 426 quihus
405 380 551 410 tenetur
569 373 759 425 scriptor
790 384 847 411 sc.
872 370 1104 421 historiae,
1138 370 1351 410 abstinebo
1409 372 1467 410 Et
1489 373 1550 412 sic
1572 374 1710 415 inter—

245 437 386 481 pretes
407 430 740 477 transtulerunt,
772 441 821 466 ao
852 427 889 465 si
919 427 1124 482 legissent
1156 434 1389 483 συγγραφεῖ.
1420 429 1594 473 GRAEV.
1655 433 1709 471 In

244 483 407 534 libello,
440 482 655 548 quomodo
676 484 734 522 sit
749 482 971 524 scribenda
991 484 1184 534 historia,
1217 485 1279 523 ait
1297 495 1460 536 auctor,
1490 501 1579 526 non
1599 502 1707 541 opus

245 541 340 580 fore
376 555 545 585 suarum
573 540 731 580 virium
763 541 1030 581 conscribere
1062 540 1312 590 historiam,
1367 551 1495 596 atque
1523 542 1628 585 adeo
1662 559 1708 585 se

244 611 334 636 non
361 597 407 636 in
427 597 614 636 animum
633 595 860 637 induxisse
884 601 968 638 tale
997 597 1131 666 quid
1137 598 1278 638 facere
1294 628 1305 646 ,
1336 604 1412 641 τοῦ
1432 599 1502 654 μὲν
1520 606 1682 644 καπνοῦ
1692 632 1712 651 ,.

241 654 405 708 pergit,
438 656 504 696 καὶ
523 654 717 727 κύματος,
747 656 814 696 καὶ
815 658 1082 726 φροντίδων,
1116 652 1207 696 ὅσαι
1238 659 1296 712 τῷ
1323 655 1571 726 συγγράφειν
1603 659 1710 701 ε’νει-

243 725 331 761 σιν,
381 707 507 760 οἷνέξω
539 711 733 764 ἐμαυτὸν,
784 713 830 754 εὐ
862 718 1007 755 ποιῶν.
1064 713 1149 752 Pro
1182 699 1433 769 συγγράφειν
1464 714 1633 754 invenit
1658 715 1708 754 in

241 767 339 808 MS.
365 766 553 808 Graevius
573 775 804 823 συγγραφεῖ.
863 769 966 809 Non
984 770 1119 810 ausim
1143 777 1282 809 tamen
1307 784 1386 826 ego
1411 785 1500 810 non
1520 772 1706 824 praefer-

240 838 285 863 re
310 827 551 879 vulgatum:
581 826 753 881 Afumo
774 825 929 882 quidem
957 830 1134 883 etfluctu
1151 837 1186 865 et
1206 829 1331 877 curis,
1364 843 1465 882 quae
1485 844 1572 869 cum
1603 845 1708 868 con—

239 882 452 934 scriptione
491 885 702 936 conjuncta
737 894 850 934 sunt,
902 895 1003 924 recte
1029 901 1090 924 me
1120 883 1333 924 abstinebo.
1375 885 1500 926 JENS.
1561 885 1706 925 Frmanc

239 936 411 993 Riollay
446 939 609 992 recepit
644 946 879 995 συγγραφεῖ
934 940 1055 981 Mihi
1088 942 1225 979 multo
1257 941 1495 996 elegantius
1534 940 1708 981 videtur

240 996 519 1049 συγγράφειν,
551 995 610 1034 ita
632 997 828 1050 quidem,
860 1006 910 1036 ut
939 998 1092 1037 Jensias
1112 997 1242 1045 fecit,
1276 998 1550 1051 explicatum.
1610 998 1709 1037 Ne--

240 1065 323 1105 que
344 1050 555 1091 Codicum
577 1052 650 1095 W.
674 1062 717 1093 et
747 1054 845 1104 Gr„
891 1053 945 1093 ad
975 1068 1081 1108 quos
1107 1054 1235 1092 etiam
1268 1053 1354 1094 duo
1384 1053 1521 1095 codd.
1549 1055 1705 1094 Pariss.

240 1107 461 1158 accedunt,
476 1118 640 1149 tantum
660 1110 775 1161 apud
796 1124 862 1148 me
874 1113 986 1150 valet
1000 1109 1247 1161 auctoritas,
1258 1120 1306 1149 ut
1318 1120 1543 1164 propterea
1564 1111 1706 1150 miuus

236 1166 391 1203 lectam
410 1166 622 1204 rationem
642 1165 816 1206 dicendi
836 1167 1022 1207 Luciano
1044 1165 1261 1206 intrudere
1282 1167 1470 1206 audeam.
1502 1168 1662 1206 LmrM

349 1220 452 1261 Ead.
471 1224 501 1262 l.
524 1226 564 1265 7
595 1216 669 1264 Εὖ
697 1224 898 1275 ποιων]
932 1224 1052 1263 Haec
1069 1231 1112 1263 et
1141 1237 1247 1277 quae
1267 1223 1319 1262 de
1345 1223 1510 1263 doliolo
1536 1238 1615 1263 suo
1643 1222 1707 1260 di-

236 1276 297 1316 cit
336 1277 582 1328 Lucianus‚
632 1278 800 1320 ironice
838 1279 1089 1333 accipienda
1121 1287 1222 1318 sunt
1256 1280 1412 1319 omnia.
1454 1279 1706 1320 modestiam

234 1333 347 1373 enim
369 1334 415 1372 in
437 1334 506 1373 his
526 1335 642 1388 apud
664 1337 910 1375 Lucianum
933 1351 1022 1376 non
1046 1336 1190 1377 video.
1247 1337 1342 1376 Hac
1361 1345 1502 1375 autem
1523 1337 1709 1376 formula

234 1400 385 1430 auctor
409 1390 534 1430 valde
563 1391 735 1432 videtur
758 1392 1004 1435 delectatus.
1068 1393 1135 1435 Cf
1157 1407 1194 1434 c.
1213 1398 1278 1437 12.
1303 1403 1346 1433 et
1365 1393 1548 1445 saepius.
1580 1393 1703 1434 Run.

345 1446 450 1489 Εαᾶ.
470 1450 499 1487 l·
521 1452 561 1492 9.
581 1447 715 1508 Ἀκρω
744 1472 801 1481 -
831 1449 1037 1507 dam-vigo)
1074 1451 1236 1491 Iterum
1269 1450 1384 1490 infra
1404 1451 1593 1491 Demon.
1612 1464 1645 1491 c.
1663 1454 1707 1494 4.

235 1504 406 1547 SoLAN.

347 1561 447 1615 Pag.
470 1566 619 1606 170.1.
641 1568 681 1607 2·
708 1559 822 1606 ’Aahx
842 1566 878 1607 εἷ’
897 1562 961 1619 τι)
987 1560 1095 1606 Ἀλλ’
1127 1578 1180 1603 ex
1208 1562 1525 1603 consuetudine
1554 1562 1706 1603 dedis·-

232 1631 343 1667 sem,
374 1618 461 1657 nisi
482 1620 645 1672 priscae
664 1620 773 1663 Edd.
808 1620 1014 1660 haberent
1045 1617 1157 1662 amni.
1216 1621 1275 1659 Et
1308 1620 1344 1658 si
1373 1619 1565 1659 nondum
1601 1620 1704 1658 satis

232 1677 524 1727 exemplorum
545 1677 835 1731 apostrophi
822 1692 868 1716 m
889 1677 1272 1730 conjunctionibus
1291 1687 1333 1717 et
1360 1675 1707 1744 praepositioni-

232 1729 309 1769 bus
330 1734 548 1785 neglectae
572 1732 736 1772 adduxi
759 1733 811 1773 ad
830 1736 913 1773 Pro
934 1736 1071 1774 Mero.
1096 1734 1235 1774 Cond.
1254 1749 1288 1775 c.
1314 1739 1381 1777 11.
1400 1730 1523 1771 ubi
1497 1731 1578 1774 υπὸ
1603 1728 1706 1774 ἄπο-

233 1788 323 1841 ρίας
340 1788 546 1858 quaedam
565 1789 677 1830 Edd.
697 1789 805 1830 adde
829 1790 948 1832 Diod.
976 1791 1059 1831 Sic
1085 1792 1137 1830 L.
1158 1791 1280 1829 XIX.
1311 1806 1353 1845 Ρ.
1378 1794 1474 1833 297
1508 1788 1573 1829 ed·
1603 1790 1701 1831 Bas·

231 1843 308 1882 ubi
344 1862 454 1897 παρα
484 1841 712 1916 Ορόντου,
761 1862 840 1918 pro
875 1844 991 1899 παρ’.
992 1854 993 1857 ’
1049 1849 1110 1887 Et
1137 1862 1225 1887 non
1257 1849 1385 1888 semel
1416 1845 1532 1887 alibi.
1593 1846 1705 1885 Item

230 1900 362 1954 Long.
384 1903 499 1944 Past.
522 1903 559 1944 I.
588 1918 653 1958 pr.
678 1900 776 1946 ἀλλὰ
798 1905 842 1947 ἐκ
866 1903 1013 1957 ταύτης
1037 1915 1117 1945 etc.
1177 1905 1236 1943 Et
1258 1905 1347 1949 IV.
1374 1908 1467 1946 112
1494 1903 1563 1944 ἐπὶ
1577 1904 1706 1944 insol-⁴

231 1970 303 1998 αν·
336 1957 422 1998 hoc
445 1959 565 2001 Dial.
586 1975 620 2000 c·
649 1964 712 2006 15.
736 1957 816 2003 ἀπὸ
837 1963 1074 2009 Αἰθιοπίας.
1132 1960 1345 2000 Particula
1374 1960 1416 2001 δὲ
1433 1973 1534 1999 vero
1564 1961 1700 1997 multo

231 2014 527 2067 frequentius,
582 2018 727 2057 vocali
761 2028 988 2074 sequente,
1037 2017 1132 2057 sine
1168 2015 1436 2070 apostropho
1471 2014 1699 2064 scribitur,

234 2084 359 2124 quam
378 2086 473 2111 cum
494 2088 558 2115 eo.
590 2075 757 2117 RmTz.

343 2127 448 2167 Εαᾶ·
472 2131 499 2172 l.
521 2134 563 2173 4.
590 2128 660 2178 Ἐς
679 2127 742 2173 αεὶ
761 2128 920 2188 κτῆμα)
950 2130 1119 2170 Locum
1153 2129 1294 2183 ipsum
1317 2128 1566 2185 Thucydidis
1597 2127 1701 2167 alibi

231 2181 546 2239 descripsimus.
608 2186 707 2229 Vid.
729 2202 765 2227 c.
787 2192 857 2232 42.
911 2185 1170 2228 Monendus
1191 2196 1357 2225 tantum
1381 2186 1453 2225 hic
1470 2188 1607 2225 lector
1622 2193 1702 2236 est,

232 2249 355 2279 antea
374 2256 453 2295 pro
473 2244 534 2292 ἐς,
569 2240 624 2292 ὦς
639 2244 845 2297 scriptum
865 2244 1029 2284 fuisse
1017 2259 1061 2282 ln
1083 2243 1316 2296 impressis,
1350 2242 1466 2296 quod
1487 2256 1565 2281 nos
1584 2256 1701 2294 prae-

231 2306 360 2338 eunte
387 2299 574 2351 Ver-snb,
606 2301 651 2338 in
674 2315 752 2340 suo
776 2300 962 2347 Codice,
1003 2300 1253 2339 mutandum
1283 2299 1497 2339 duximus.
1554 2294 1622 2346 Ἐς
1646 2298 1699 2338 L.

231 2361 274 2392 et
293 2352 354 2392 ita
375 2355 506 2395 etiam
528 2357 702 2397 fuerat'
690 2372 735 2395 m
758 2359 823 2398 M.
854 2357 937 2398 Sed
961 2357 1010 2397 ab
1037 2357 1236 2410 impexito
1269 2365 1477 2395 mutatum
1510 2363 1585 2394 est.
1616 2354 1701 2392 So-

233 2422 337 2449 LAN.
395 2413 566 2452 Locum
588 2414 857 2469 Tlrucydzclis,
901 2429 1025 2468 quem
1045 2429 1088 2453 se
1112 2414 1216 2452 alibi
1240 2412 1512 2466 descripsisse
1534 2411 1595 2449 ait
1617 2410 1701 2449 So-

231 2463 369 2518 lanus,
402 2468 568 2509 addidit
586 2471 767 2525 margini
791 2471 997 2518 Ιαηιίηαε,
1030 2470 1241 2523 nempeI‚
1269 2475 1334 2512 22.
1356 2469 1430 2507 ubi
1448 2467 1589 2507 Duker.
1613 2480 1699 2518 ΟΡ·-

232 2520 335 2562 time
354 2526 436 2576 jam
458 2526 594 2574 vidit,
625 2537 668 2567 et
690 2528 735 2565 in
762 2528 844 2568 hoc
865 2529 1043 2568 Luciam*
1061 2528 1201 2567 loco’
1183 2545 1223 2574 ες
1241 2524 1290 2569 cis
1294 2528 1307 2568 ὶ
1329 2524 1699 2577 leoendum,ve1-

234 2585 283 2615 ut
311 2577 425 2618 infra
457 2582 503 2621 in
527 2583 682 2638 Quom.
700 2584 803 2625 hist.
825 2599 861 2624 c.
879 2590 947 2628 42.
974 2595 1015 2624 et
1036 2598 1161 2637 supra
1185 2585 1318 2624 Deor.
1348 2582 1465 2620 Dial
1496 2579 1550 2618 X.
1584 2578 1697 2618 idem

234 2642 347 2674 lecte
369 2637 539 2690 legitur.
571 2642 734 2681 Runwz
801 2640 1247 2695 JVieZ‹1rch.Eigcnth11222
1267 2642 1386 2678 scint-s
1407 2635 1606 2676 Urlwbeſtrs
1649 2635 1698 2676 Si

234 2689 340 2729 licet
377 2691 629 2746 dissentire,
671 2698 836 2737 malim:
880 2699 1101 2737 thesaurus
1144 2697 1195 2735 ad
1237 2706 1429 2749 posteros
1464 2692 1696 2744 pertinens

238 2746 356 2789 Run.
416 2749 545 2790 Belin.
564 2766 784 2794 monument
803 2754 971 2807 έιενςηεῖ
1003 2765 1203 2809 tanquam
1224 2753 1393 2806 legisset
1413 2753 1562 2804 μνῆμα.
1589 2759 1696 2790 cete
