1834 3188
411 209 1218 245 1NHARMON1DEN.
1452 190 1554 240 507

87 313 172 353 hoc
191 311 365 351 nornine
396 311 578 352 maxime
609 309 932 364 reprehendisse
958 307 1246 355 Arcesilaum,
1279 303 1394 360 quod
1416 303 1452 343 is
1474 318 1556 356 po-

86 372 255 423 pulares
279 371 453 421 plausus
477 382 564 408 non
593 367 718 407 aliter
750 376 1087 416 consectaretur,
1121 374 1252 418 atque
1279 370 1439 401 noctua
1462 362 1557 400 fre-

88 424 239 480 quenti
259 425 404 465 avium
427 435 646 464 conventu
665 422 807 463 claudi
830 423 1068 463 consuevit.

307 481 426 522 Haec
445 484 526 531 ait,
558 492 592 520 et
614 479 768 520 turbam
789 479 936 520 dextra
956 477 1401 536 laevaquej'requentem

306 537 553 591 Ingreditur,
585 536 761 577 volucres
778 536 912 576 ululas
932 539 1127 575 mirantur
1147 539 1323 589 ineptae,

306 593 392 634 Illa
413 605 538 648 stupet
557 593 755 646 solidum3
783 592 851 632 sed
868 605 909 632 tu
925 594 1154 643 vanissime,
1183 591 1311 646 plebis

310 650 522 706 Captatur,
554 650 652 705 quicl
674 651 722 689 ob
739 650 836 690 haec
852 659 934 689 tam
954 666 1032 689 non
1050 648 1262 703 praeclara
1285 645 1492 701 superbis?

86 708 159 748 sic
188 707 436 762 Apologum
463 708 573 760 Ang.
603 707 792 747 Politian.
823 705 872 744 iu
902 721 977 745 sua
1005 706 1156 745 Lamia
1183 704 1379 757 exponit.
1411 704 1559 743 cocu:

84 766 195 806 Aves
216 767 325 805 circa
339 774 537 805 noctuam.
599 763 776 803 Caetera
792 762 908 802 enim
931 772 1034 801 sunt
1054 760 1320 814 interpretis,
1352 774 1441 800 non
1464 760 1559 800 Lu-

85 821 215 861 ciani.
274 821 345 860 De
373 819 457 859 hoc
490 833 610 871 prov.
640 820 811 859 Aristot.
837 818 974 858 Laiirt.
1004 819 1085 858 Dio
1109 817 1427 873 Chrysostomus,
1464 816 1557 856 alii.

85 877 267 916 Bounn.
326 875 424 917 Vid.
453 874 613 916 Aelian.
638 874 690 916 de
710 875 854 917 Anim.
876 875 921 923 I,
944 879 1010 918 29.
1044 876 1216 915 somn.
1279 873 1410 913 Conf.
1433 874 1555 912 Dion.

89 933 284 987 Chrysost.
303 932 521 971 laudatum
542 946 565 970 a
583 931 740 983 Belino‚
756 931 877 973 Orat.
895 932 1000 972 XII.
1020 946 1061 985 p.
1080 936 1179 976 370.
1197 928 1264 970 ed.
1283 929 1432 971 Reisk.
1462 930 1558 968 Bn‘.

201 989 308 1029 Ibid.
348 987 403 1030 Tol
425 987 571 1043 ὄρνεα)
603 990 768 1040 Saltus,
810 1002 935 1043 quem
965 987 1194 1041 typotheta
1226 985 1273 1024 in
1293 985 1402 1027 Junt.
1426 984 1556 1034 fecit,

86 1043 260 1085 videtur
281 1054 406 1084 natus
432 1059 454 1084 a
478 1045 764 1086 similitudine
785 1045 1101 1085 terminationis
1123 1044 1169 1082 iu
1191 1059 1256 1084 κα.
1315 1043 1434 1082 Hinc
1450 1041 1560 1081 reli-

87 1115 172 1156 qua
193 1116 216 1141 a
239 1107 391 1157 γλαῦκα
409 1115 545 1154 usque
568 1101 619 1141 ad
639 1102 848 1156 πεπόνηκα
870 1102 1027 1144 omisit,
1058 1102 1224 1139 Rem-z.

197 1158 305 1200 Ibid.
360 1155 481 1200 Ταῦτ’
512 1158 592 1199 ἐστι
618 1154 657 1200 δ’
687 1157 789 1213 ἅπερ
824 1154 1046 1212 ἠυξᾶμην)
1093 1157 1214 1211 Lege
1243 1155 1304 1199 δι’
1338 1153 1438 1210 ἅπερ
1467 1149 1557 1207 ἦυξ.

85 1215 303 1257 MAncu..
333 1215 393 1254 At
412 1213 517 1254 illud
542 1213 597 1256 δι’
619 1229 696 1270 ego
717 1218 800 1268 jam
822 1215 868 1253 in
890 1214 1000 1256 Edd.
1021 1213 1183 1267 antiqq.
1206 1212 1360 1268 reperi.
1392 1213 1558 1251 Rssrrz.

199 1271 299 1327 Pag.
329 1276 422 1316 144.
444 1274 471 1313 l.
494 1277 533 1316 3.
565 1271 797 1327 Μαρσύας)
829 1271 931 1313 Vid.
951 1271 1064 1310 infra
1086 1269 1250 1309 advers.
1271 1267 1435 1308 indoct.
1459 1282 1495 1309 c.
1516 1270 1558 1312 5.

87 1329 256 1367 Rm'rz.

201 1385 308 1428 Ibid.
330 1384 572 1442 ”Ολυμπος)
602 1386 733 1425 Hunc
755 1385 909 1425 iterum
931 1382 1126 1423 nominat
1148 1383 1243 1426 adv.
1268 1380 1441 1422 Indoct.
1462 1395 1498 1422 c.
1518 1381 1560 1425 5.

87 1440 257 1485 SOLAN,

202 1497 305 1540 Eacl.
327 1503 356 1542 l.
379 1505 418 1546 4.
463 1498 595 1543 Οὐδὲν
623 1498 728 1552 γὰρ)
776 1503 857 1551 Τῆς
885 1494 1171 1550 λανθανούσης
1199 1500 1399 1550 μουσικῆς
1429 1492 1565 1543 οὐδεὶς

89 1550 220 1610 λόγος.
281 1557 380 1600 Vid,
404 1558 583 1608 interpr.
607 1557 734 1596 Persii
753 1555 805 1594 ad
829 1556 914 1595 Sat.
944 1559 980 1597 1.
1013 1555 1195 1593 Bonan.

210 1613 314 1656 Ibid.
354 1616 485 1666 Φασὶ)
515 1612 723 1653 lVIeminit
752 1611 881 1665 hujus
913 1609 1134 1665 proverbii
1165 1608 1315 1649 Gellius
1333 1607 1470 1657 XIII,
1491 1611 1561 1652 30.

91 1669 261 1712 Vonsr.
322 1670 445 1711 Adde
467 1680 508 1715 et
524 1671 662 1723 Eur-ip.
685 1667 807 1713 Med.
827 1673 925 1713 542.
983 1667 1092 1707 Item
1116 1666 1359 1707 Suetonium.
1389 1665 1562 1705 SoLAN.

207 1726 312 1766 Ibid.
340 1724 549 1779 ’Λφανοῦς
578 1730 651 1777 τῆς
675 1724 902 1778 μουσικῆς)
945 1725 1089 1776 Hujus
1117 1722 1262 1777 adagii
1295 1734 1443 1760 sensus
1472 1729 1562 1769 est,

95 1784 267 1838 quasvis
292 1785 482 1838 egregias
503 1783 623 1821 dotes
644 1781 839 1834 ingenii,
871 1781 907 1820 si
941 1793 1028 1818 non
1051 1780 1269 1828 proferas,
1301 1775 1480 1830 perinde
1502 1790 1566 1815 es-

92 1855 163 1886 se,
197 1841 320 1893 quasi
343 1854 429 1879 non
457 1838 629 1878 habeas.
692 1838 795 1878 Suet.
823 1837 869 1875 in
900 1835 1002 1876 Ner.
1042 1834 1145 1875 Gall.
1180 1849 1273 1888 cap.
1306 1837 1388 1874 ult.
1413 1834 1466 1872 L.
1499 1837 1567 1876 13.

96 1897 212 1940 Ouid.
234 1897 393 1950 (immo
417 1896 499 1937 III.
524 1897 617 1934 Art.
643 1908 720 1934 am.
743 1893 870 1948 399.)

317 1954 380 1992 Tu
401 1951 492 1992 licet
511 1964 546 1991 et
569 1952 812 2005 Thamyram
833 1966 984 2004 superes
1001 1960 1118 2004 atque
1144 1947 1300 2001 Orphea
1320 1956 1462 1994 cantu,

364 2009 459 2048 ,Non
478 2012 549 2048 erit
570 2010 727 2062 ignotae
741 2009 878 2062 gratia
896 2023 1042 2059 magna
1064 2005 1185 2061 lyrae.
1220 2004 1365 2044 coen.

211 2065 312 2119 Pag.
336 2067 484 2109 145..1.
504 2070 543 2109 4.
579 2066 688 2116 Καὶ)
727 2065 802 2103 W.
829 2066 944 2102 solus
974 2063 1102 2101 habet
1133 2058 1239 2099 illud
1273 2060 1341 2100 καὶ
1369 2067 1468 2097 ante
1500 2053 1566 2099 ἐπ’

97 2119 323 2175 ἀμφότερα.
365 2122 532 2163 SoLAn.
595 2120 771 2160 Codicis
804 2119 1103 2159 auctoritatem
1132 2131 1219 2156 non
1251 2112 1569 2167 despiciendam

98 2179 218 2219 duxi.
280 2177 487 2232 Alioquin
506 2177 632 2216 etiam
653 2177 798 2216 abesse
818 2185 988 2229 poterat
1009 2177 1190 2227 copula3
1223 2171 1340 2226 quod
1371 2169 1486 2209 haud
1505 2183 1570 2208 ra·

98 2249 147 2274 ro
173 2235 217 2272 in
242 2233 308 2272 his
333 2247 507 2288 quoque
528 2233 699 2287 scriptis
720 2233 881 2272 factum
904 2230 1189 2285 deprehendi;
1222 2239 1271 2268 ut
1290 2241 1391 2267 mox
1415 2240 1507 2279 cap.
1529 2231 1571 2269 3.

96 2291 196 2330 init.
227 2292 383 2330 LGm.
676 2300 679 2302 ’

213 2346 319 2387 Ibid.
347 2341 440 2388 Ἐπ’
469 2341 678 2399 ἀμφότερα
698 2345 858 2400 πιστοὶ)
888 2345 1142 2392 Benedictus,
1174 2352 1371 2396 spectatae
1392 2340 1571 2393 utrinque

89 2403 208 2460 fidei.
266 2403 385 2458 Quid
409 2403 699 2451 intellexerit,
734 2403 825 2455 ipse
860 2402 1043 2441 viderit:
1077 2409 1190 2440 certe
1221 2411 1488 2451 nequaquam
1517 2393 1570 2433 ad

104 2461 279 2502 Graeca.
344 2459 595 2512 Οόεοροσιιε,
627 2475 791 2513 quorum
807 2458 916 2514 ficles
950 2460 991 2497 in
1016 2469 1181 2511 utraque
1193 2454 1368 2511 fortuna
1397 2462 1572 2506 spectata

101 2519 168 2556 sit.
228 2515 568 2555 Absurdissime:
601 2529 678 2553 nec
703 2515 816 2554 enim
845 2514 928 2551 huc
949 2513 1122 2552 adversa
1146 2514 1213 2551 vel
1236 2508 1422 2549 secunda
1447 2506 1573 2561 quid-

105 2585 231 2623 quam
254 2574 434 2612 faciunt.
493 2573 627 2610 Immo
649 2571 705 2609 acl
725 2582 950 2624 utrumque,
985 2572 1054 2608 vel
1077 2572 1117 2608 in
1139 2579 1324 2622 utroque,
1356 2578 1508 2617 nempe
1529 2572 1573 2603 et

106 2628 455 2680 reprehendendo
479 2637 522 2666 et
545 2627 834 2680 approbando.
870 2628 1017 2664 GnoN.

219 2685 318 2725 Ead.
342 2688 368 2724 l.
389 2688 430 2729 5.
464 2680 810 2738 Ἐποιινέσονται’)ἃ
843 2681 930 2721 Ubi
968 2681 1171 2733 legimus,
1222 2681 1258 2722 εἰ
1283 2675 1440 2727 τούτοις
1468 2676 1573 2729 Φημὶ

107 2740 321 2790 ἐπιδείξαιο
338 2739 385 2783 τὰ
406 2739 613 2795 αὐλήματα
627 2774 638 2790 ,
670 2741 738 2782 καὶ
760 2740 873 2782 οὑτοι
905 2739 1178 2782 ἐπαινέσονταί
1200 2751 1263 2787 σε,
1306 2733 1454 2780 ἅπασιν
1469 2733 1571 2775 “Et-
