1834 3188
234 318 272 353 P·
283 313 364 354 8²4

383 193 483 241 112
767 187 769 189 ’
876 207 1282 241 LUCIANI

492 308 628 346 AYK
655 298 715 347 ’.Ω
730 300 960 359 Ερμότιμε,
991 308 1083 348 θέλε
1087 323 1122 354 ις
1140 303 1418 362 διηγήσομαι
1401 307 1428 350 α’
1447 307 1588 364 πρώην
1606 309 1766 365 ’ἤκουσα

376 370 478 428 νπὲρ
502 375 748 426 φιλοσοφίας
765 371 874 421 τινὸς
890 375 1074 428 λέγοντος
1103 371 1253 429 οἷνδρός
1272 393 1382 417 πανυ
1410 377 1696 456 γεγηρακότος,
1732 380 1762 437 ᾧ

376 441 605 496 πάμπολλοι
628 446 707 483 τῶν
739 443 842 483 νέων
873 443 935 483 ἐπὶ
967 444 1093 494 σοφίᾳ
1120 440 1430 496 πλησιάζουσινς
1472 441 1652 488 ἁπαιτῶν
1685 465 1762 503 γαρ

375 508 485 564 παρά
509 526 618 558 τινος
633 509 677 563 1')
717 514 796 551 ταῖν
820 514 1013 562 μαθητῶν
1041 509 1111 551 τὸν
1141 509 1313 564 μισθὸν,
1360 508 1594 565 ἠγανάκτει,
1635 515 1761 569 λέγων

373 575 632 631 ’ὑπερήμερον
654 575 767 627 εἶναι,
796 578 862 618 καὶ
884 576 1162 631 ἐκπρόθεσμον
1185 579 1229 631 q)
1260 584 1333 620 τοῦ
1358 574 1589 633 ὀφλήματος
1611 583 1677 634 ¹'),
1712 580 1762 625 ὃν

376 648 454 688 ἔδει
480 643 557 698 πρὸ
589 646 800 686 ἑκκαίδεκα
826 641 985 696 ἡμερῶν
1011 646 1247 687 ἐκτετικέναι
1275 651 1323 704 τῇ
1348 648 1415 703 ἕνῃ
1436 649 1503 689 καὶ
1526 650 1618 703 νέα,
1652 648 1759 692 οὕτω

295 729 347 769 81
376 712 453 770 γὰρ
483 714 721 755 συνθέσθαι.
784 714 864 754 Καὶ
890 714 972 754 ἐπεὶ
1000 717 1122 754 ταῦτα
1141 715 1188 766 ⁵)
1227 711 1464 770 ἠγανάκτει,
1505 716 1707 772 παρεστώς
1739 716 1762 761 ὅ

376 789 493 830 θεῖος
513 785 590 823 τοῦ
606 783 843 831 νεανίσκου,
876 778 1066 835 ἄγροικος
1096 779 1338 835 ἅνθρωπος,
1369 784 1435 824 καὶ
1456 780 1495 835 t)
1529 784 1689 838 ἰδιώτης
1709 784 1763 836 ὥς

227 872 265 908 p,
277 868 357 909 325,
371 849 475 905 πρὸς
493 846 539 889 τοὶ
559 847 725 903 ὑμέτερα
743 851 763 869 ¹¹
776 848 804 903 ),
837 851 1016 891 πέπαυσο
1031 883 1042 900 ,
1076 848 1183 892 εἶπεν
1197 883 1207 901 ,
1243 846 1275 892 ὦ
1290 849 1515 903 θαυμάσιε,
1546 850 1593 894 τὰ
1617 850 1764 908 μέγιστ’

369 916 595 972 ἠδικῆσθαι
623 919 772 973 λέγων,
813 920 850 959 εἰ
877 917 1050 971 ῥημάτια
1084 917 1192 972 παρὰ
1215 924 1289 960 σοῦ
1313 917 1552 974 πριάμενοι,
1595 924 1757 975 μηδέπω

370 989 625 1039 ἐκτετίκαμεν
648 983 873 1038 διάφορον·
906 989 1036 1028 καίτοι
1070 985 1095 1027 ἃ
1121 986 1191 1039 μὲν
1210 983 1307 1039 ἡμῖν
1326 988 1554 1038 πέπρακας,
1589 990 1643 1030 ἔτι
1661 991 1761 1044 ἔχεις

367 1057 436 1098 καὶ
457 1053 597 1105 αὐτὸς,
629 1054 697 1094 καὶ
721 1051 835 1094 οὐδὲν
866 1054 1022 1094 ἔλαττον
1053 1055 1189 1108 γέγονέ
1214 1068 1277 1095 σοι
1301 1058 1380 1095 τῶν
1405 1054 1678 1110 μαθημάτων·
1710 1059 1760 1100 τοὶ

368 1119 406 1166 ‹3'
437 1121 552 1173 ἄλλα,
587 1116 642 1181 οἷν
663 1123 699 1171 ἐξ
718 1116 839 1174 ἀρχῆς
865 1123 1076 1174 ἐπιθυμῶν
1098 1125 1168 1174 x)‚
1203 1120 1422 1176 συνέστησά
1446 1138 1509 1166 σοι
1527 1123 1597 1166 τὸν
1614 1129 1758 1168 νεανί-

368 1205 492 1244 σκον,
526 1188 589 1232 ὅδ’
613 1190 662 1245 y)
695 1185 814 1231 ου’δὲν
835 1187 1007 1243 ἀμείνων
1029 1191 1232 1245 γεγένηται
1254 1189 1319 1232 διὰ
1343 1190 1406 1241 σὲ,
1438 1189 1484 1240 ὃς
1506 1190 1660 1246 τούμοῦ
1675 1197 1754 1249 γεί-

456 1303 544 1331 vett.
565 1297 660 1330 Edd.
687 1296 901 1331 lectionem.
973 1300 1018 1341 p)
1043 1308 1136 1340 παρ
1151 1311 1174 1330 α
1197 1299 1355 1337 τινος]
1383 1295 1485 1346 παρά
1507 1292 1611 1337 τινός
1634 1299 1750 1331 Reitz.

454 1350 492 1377 et
510 1350 665 1376 recentt.
691 1349 822 1376 contra
839 1349 1003 1375 veterum
1019 1342 1112 1375 Edd.
1136 1344 1304 1376 omnium
1323 1351 1561 1386 scrlpturam.
1613 1345 1661 1388 q)
1687 1342 1753 1379 ἑκ-

453 1403 511 1434 πρ
527 1388 608 1425 οθ
596 1392 765 1432 εσμον]
803 1385 1057 1443 „s’mzpdffszov
1089 1390 1148 1422 W.
1205 1389 1276 1422 Sed
1306 1389 1344 1421 in
1368 1400 1490 1443 marg.
1530 1395 1662 1422 notata
1695 1396 1751 1424 est

455 1437 609 1493 vulgat'a
628 1436 750 1468 lectio.
758 1437 781 1453 “
843 1437 883 1475 r)
912 1432 1217 1478 ὀφλήματος]
1245 1431 1497 1479 ὀφειλήματος
1528 1444 1628 1479 2954.
1705 1437 1746 1479 s)

454 1483 549 1517 ,Καὶ
574 1481 674 1516 ἐπεὶ
700 1481 911 1521 ταυτα]
917 1480 988 1517 ἐπὶ
1019 1481 1163 1522 ταῦτα]
1201 1481 1264 1514 Sic
1291 1482 1375 1513 Ald-
1398 1482 1443 1513 H.
1465 1482 1499 1519 S
1533 1482 1613 1516 Par
1634 1483 1744 1516 etM.

453 1527 546 1563 ἐπιτ.
567 1529 620 1561 Fl.
650 1526 726 1562 ἐπεὶ
754 1540 871 1561 ταυτα
895 1527 925 1562 J.
950 1535 984 1560 et
1004 1528 1073 1560 L.“
1122 1528 1183 1561 Sic
1200 1533 1237 1559 et
1258 1528 1298 1560 B.
1318 1538 1350 1570 3.
1372 1527 1479 1559 unice
1499 1533 1610 1559 recte.
1659 1528 1744 1562 Vid.

452 1575 589 1608 Adnot.
648 1577 685 1614 t)
713 1574 819 1615 καὶ]
846 1574 1053 1616 „omissum
1082 1572 1120 1606 in
1141 1575 1171 1607 J.
1190 1573 1328 1605 habent
1347 1573 1400 1605 Fl.
1423 1574 1466 1605 H.
1490 1573 1572 1605 Par.
1593 1574 1634 1607 B.
1657 1585 1686 1606 2.
1707 1580 1745 1607 et

450 1622 506 1655 Μ.
550 1622 594 1654 In
610 1622 757 1653 Juntma
786 1616 989 1674 ὄὶνθρωπος
1012 1630 1074 1662 per
1097 1619 1360 1662 compendium
1390 1618 1572 1663 scriptum
1595 1619 1667 1651 sic:
1697 1633 1745 1653 α-

449 1679 525 1707 νος
533 1668 556 1685 “
614 1672 657 1703 u)
683 1662 911 1711 υμέτερα]
937 1662 1122 1709 „offensem
1143 1665 1282 1698 Ex.F1.
1316 1666 1374 1707 (et
1402 1666 1441 1697 B.
1464 1676 1493 1707 5.
1506 1665 1520 1707 )
1567 1665 1638 1698 Sed
1658 1677 1746 1700 cum

449 1714 598 1756 vulgata
627 1712 717 1745 facit
736 1713 774 1745 Ρ.
781 1714 804 1732 “
863 1713 906 1755 x)
933 1710 1208 1767 ἐπιθυμων]
1235 1708 1528 1753 ἐπιθυμοῦντα
1509 1722 1610 1744 7011.
1633 1712 1743 1753 male,

449 1765 491 1792 ut
508 1766 608 1792 recte
625 1759 767 1801 judicat
785 1758 863 1791 Bel.
927 1761 972 1802 y)
1002 1754 1074 1792 ὅδ’
1083 1760 1098 1802 j
1124 1758 1184 1791 Sic
1203 1763 1304 1790 recte
1322 1759 1363 1793 A.
1386 1768 1415 1790 1.
1435 1770 1466 1791 2.
1489 1759 1608 1791 Reztz.
1632 1765 1668 1790 et
1687 1769 1746 1791 re-

412 1839 511 1894 Lyc.
544 1840 701 1889 Visne,
732 1838 1018 1889 Hermotime‚
1078 1836 1388 1892 indignaretur,
1416 1836 1583 1876 adstans
1608 1853 1740 1877 avun-

356 1896 438 1935 tibi
476 1897 679 1943 referam,
735 1909 842 1948 quae
883 1909 1019 1947 nuper
1078 1897 1198 1933 culus
1247 1895 1549 1943 adolescentis,
1609 1895 1739 1934 homo

355 1952 503 1991 audivi
537 1951 744 2004 quendam
777 1966 852 2003 pro
878 1950 1016 2003 philo·
1075 1952 1286 1999 rusticus,
1319 1961 1360 1989 et
1392 1950 1441 1987 ad
1468 1949 1570 1988 haec
1602 1961 1740 1990 vestra

353 2008 506 2061 sophia
532 2009 670 2047 dicere
690 2008 905 2046 hominem
930 2011 1015 2059 pla·
1075 2007 1323 2058 imperitus,
1354 2005 1545 2052 Desine,
1578 2006 1736 2059 inquit,

352 2078 406 2103 :ne
453 2079 614 2113 senem,
680 2068 800 2116 cujus
842 2063 1013 2102 domum
1074 2061 1203 2101 homo
1241 2062 1524 2110 admirabilis,
1569 2061 1733 2113 dicere,

350 2121 474 2158 multi
502 2120 723 2159 admodum
750 2124 924 2172 juvenes
950 2134 1010 2157 sa·
1072 2121 1259 2156 maxima
1290 2129 1330 2157 te
1367 2118 1580 2156 adfectum
1617 2119 1736 2170 inju-

348 2177 693 2229 pientiaecaussa
708 2175 1009 2229 frequentant?
1070 2176 1146 2225 ria,
1179 2175 1213 2212 si
1239 2189 1315 2227 pro
1340 2175 1477 2214 verbis
1500 2189 1520 2212 a
1544 2185 1584 2213 te
1609 2174 1733 2214 emtis

347 2234 390 2271 Is
432 2233 528 2271 dum
561 2233 746 2285 reposcit
779 2233 827 2269 ab
865 2233 1008 2285 aliquo
1070 2232 1254 2284 pretium
1296 2230 1484 2269 nondum
1524 2231 1732 2283 persolvi-

347 2288 654 2340 discipuloxum
677 2288 921 2337 mercedem,
945 2289 1008 2325 in-
1068 2302 1172 2325 mus.
1234 2287 1368 2340 Atqui
1391 2301 1497 2339 quae
1526 2285 1731 2325 vendidi-

346 2345 629 2399 dignabatur,
664 2345 832 2391 dicens,
867 2345 1006 2396 ipsum
1069 2345 1124 2382 sti
1147 2343 1297 2393 nobis,
1332 2343 1474 2383 eadem
1497 2341 1635 2381 adhuc
1655 2341 1728 2380 ha-

344 2400 453 2439 intra
472 2401 579 2441 diem
607 2402 904 2452 praestitutum
921 2415 1007 2438 non
1068 2400 1138 2438 bes
1176 2411 1217 2439 et
1251 2401 1361 2452 ipse,
1420 2412 1557 2450 neque
1596 2397 1728 2450 quid-

342 2458 521 2495 solvisse
552 2458 739 2496 debitum
756 2491 766 2507 ‚
801 2457 913 2509 quod
941 2471 1007 2495 so·
1068 2471 1191 2510 quam
1214 2455 1391 2494 decessit
1413 2453 1492 2491 tibi
1511 2452 1726 2493 doctrina·

339 2515 477 2550 lutum
499 2517 579 2566 jam
607 2514 656 2551 ab
685 2517 760 2552 illo
792 2513 1001 2565 oportuis·
1063 2528 1168 2551 rum.
1218 2511 1439 2550 Caeterum
1461 2523 1634 2562 quarum
1660 2524 1722 2549 re-

340 2578 428 2618 set,
473 2570 685 2608 sexdecim
714 2570 860 2609 diebus
888 2579 999 2619 ante,
1061 2584 1151 2607 rum
1168 2567 1375 2606 desiderio
1397 2565 1446 2603 ab
1471 2566 1721 2605 initiocom·

340 2638 490 2676 :nempe
526 2625 662 2674 pridie
694 2626 907 2665 Kalendas
946 2626 1001 2664 il-
1060 2622 1256 2662 mendavi
1282 2622 1358 2659 tibi
1392 2620 1720 2674 adolescentem,

337 2680 422 2718 lius
446 2683 622 2720 mensis:
656 2682 713 2720 ita
729 2683 886 2734 quippe
900 2695 999 2720 con·
1059 2681 1104 2717 in
1129 2679 1180 2716 iis
1206 2678 1328 2717 rebus
1351 2678 1422 2716 ille
1450 2676 1588 2715 nihilo
1620 2692 1717 2716 me--

336 2737 516 2779 venisse.
577 2738 647 2776 De
679 2737 834 2792 quibus
867 2751 997 2792 quum
1055 2737 1140 2776 lior
1173 2743 1245 2773 tua
1284 2747 1410 2787 opera
1445 2732 1583 2772 factus
1627 2743 1714 2784 est,
