1834 3188
314 202 552 243 QUOMODO
588 201 826 235 fflsTomA
862 199 938 233 sn·
975 201 1174 237 couscn.
1348 192 1446 239 187

53 309 152 354 θεν,
196 303 375 357 ἴητρείην
398 299 448 357 q)
488 301 560 356 μὲν
588 303 713 357 λέγων
730 333 742 352 ,
783 302 848 344 καὶ
878 302 1047 356 πείρην,
1095 301 1165 343 καὶ
1188 297 1338 354 ὁκόσα,
1378 305 1562 347 καὶΡ·25·

52 375 220 421 νοῦσοι,
251 368 299 412 τὰ
319 366 359 412 δ’
388 368 506 422 ἅλλα,
539 368 613 412 ὅσα
633 368 842 422 ὁμοδίαιτα
859 375 944 418 τοῖς
962 375 1151 421 πολλοῖς,
1182 372 1250 412 καὶ
1269 371 1316 413 τοὶ
1336 377 1444 414 πλεῖ·

53 454 147 490 στα,
179 437 245 481 οἶα
265 439 308 481 ἐκ
335 435 502 491 τριόδου
525 440 581 489 ¹').
643 441 697 480 Εἰ
722 440 764 480 δέ
793 455 839 491 με
873 439 999 487 δεῖὸ)
1029 439 1095 479 καὶ
1129 444 1266 491 σοφοῦ
1293 436 1444 494 α’νδρός
1472 440 1523 478 17

54 511 316 561 μνησθῆναι,
347 504 389 547 τὸ
422 507 493 560 μὲν
526 505 651 559 ὄνομα
680 508 721 549 ἐν
753 503 904 558 α’φανεῐ
919 509 1090 557 κείσθω,
1121 506 1195 560 τὴν
1213 507 1377 563 γνώμην
1401 507 1441 551 δ’

52 576 152 630 ἐρῶ,
186 577 252 617 καὶ
288 573 335 616 τὰ
369 572 510 629 πρώην
539 576 580 617 ἐν
605 576 798 628 Κορίνθῳ
830 572 1135 629 συγγράμματα,
1167 580 1329 630 κρείττω
1357 575 1444 619 πά-

50 657 123 696 σης
146 644 325 692 ἐλπίδος·
358 645 400 685 ἐν
419 639 521 700 ἀρχῇ
539 643 609 695 μὲν
634 641 709 698 γὰρ
730 642 857 691 εὐθὺς
876 644 917 685 ἐν
945 649 995 701 τῇ
1015 642 1151 700 πρώτῃ
1172 651 1246 688 τοῦ
1276 648 1438 700 φροιμί-
1452 664 1488 697 p.
1504 651 1559 686 26.

51 728 100 753 ov
118 709 162 764 t)
194 711 388 766 περιόδῳ,
423 709 678 766 συνηρώτησε
707 710 802 760 τούς
825 706 1199 766 ἀναγιγνώσκοντας
1218 714 1286 769 ¹¹),
1317 713 1442 770 λόγον

47 778 268 832 πάνσοφον
285 781 334 832 ¹)
365 782 489 829 δεῖξαι
508 777 706 828 σπεύδων,
742 777 796 829 ὥς
818 778 928 833 μόνῳ
950 777 1000 822 ἂν
1019 784 1076 834 τῷ
1097 785 1215 838 σοφῷ
1234 783 1437 836 πρέποιΥ)

46 850 225 902 ἱστορίαν
261 847 516 903 συγγράφειν.
558 847 639 890 εἶτα
663 848 757 902 μετὰ
787 847 956 902 μικρὸν,
1000 848 1118 898 ἄλλος
1151 849 1437 904 συλλογισμὸς,

45 915 127 957 εἶτα
159 915 296 965 ἄλλος·
327 917 394 957 καὶ
414 913 515 965 ’ὅλως
546 917 587 958 ἐν
613 915 757 958 ἅπαντι
783 915 947 971 σχήματι
973 915 1233 971 συνηρώτητο
1263 915 1374 975 αὐτῷ
1393 917 1438 962 td

45 986 263 1038 προοίμιον
283 986 340 1032 Ζ).
371 982 414 1026 τὸ
436 990 508 1037 τῆς
529 988 739 1034 κολακείας
758 987 797 1034 ἐς
813 984 956 1039 κόρον·
988 987 1055 1027 καὶ
1077 983 1124 1026 τοὶ
1146 982 1317 1040 ἐγκώμια
1337 1004 1439 1041 φορ-

44 1051 156 1104 τικὰ,
189 1053 258 1094 καὶ
279 1055 428 1109 κομιδῇ
446 1054 698 1109 βωμολοχικά
713 1070 723 1080 ·
769 1050 844 1097 οὗκ
866 1051 1126 1110 ἀσυλλόγιστα
1147 1055 1305 1108 μέντοι,
1337 1051 1437 1097 α’λλά

91 1169 137 1213 q)
164 1167 268 1212 ἰητρ
284 1167 414 1210 είην]
441 1167 635 1212 ,,ἰατρείην
655 1167 748 1202 Edd.
772 1180 913 1202 omnes.
939 1170 995 1203 M.
1013 1169 1051 1201 in
1071 1168 1195 1201 litura.
1200 1168 1226 1186 ‘⁴
1263 1167 1435 1224 ἰατρικην

135 1224 237 1258 2954.
257 1214 317 1246 sed
339 1214 502 1258 ἰητρείην
523 1215 622 1247 clare
645 1217 683 1249 A.
705 1225 736 1247 2.
756 1222 796 1246 ut
817 1217 1029 1257 conjecerat
1048 1215 1168 1248 S.0l‹1n
1239 1216 1284 1258 r)
1311 1212 1434 1258 τριό-

133 1260 243 1303 δου]
270 1259 475 1303 ,,περιο’δου
505 1261 562 1292 W.
591 1268 626 1293 et
652 1260 707 1292 ΡΙ.
741 1261 850 1293 male.
924 1262 1077 1294 Ceterae
1107 1265 1207 1293 recte
1237 1259 1403 1303 τριόδου.
1411 1263 1436 1281 “

130 1304 351 1350 ἐκπεριόδου
381 1307 480 1349 2956.
502 1305 563 1340 οἷα
589 1307 689 1339 deest
708 1306 745 1338 in
768 1317 873 1348 3011.
933 1311 972 1349 s)
1001 1307 1042 1342 εἰ
1064 1305 1114 1341 δέ
1137 1319 1191 1350 με
1218 1307 1312 1350 δεῖ]
1340 1308 1374 1342 εἰ
1392 1304 1434 1341 δε

129 1352 228 1397 μέλει
248 1355 462 1396 μεμνῆσθαι
481 1364 582 1396 3011.
605 1353 796 1386 mendose.
869 1353 909 1396 t)
939 1354 1208 1397 φροιμίου]
1237 1354 1311 1396 Ita,
1340 1365 1434 1399 pro-

131 1399 307 1432 bantibus
333 1399 410 1431 Bel.
443 1405 478 1431 et:
508 1401 604 1431 (ens.
621 1401 698 1431 Jerz.
730 1405 765 1431 et
792 1405 992 1444 praeeunte
1021 1400 1136 1432 Schm.
1166 1398 1382 1442 scripsimus
1412 1410 1432 1432 e

130 1444 222 1478 Cod.
249 1451 414 1498 5011.et
437 1444 544 1478 Gorl.
567 1456 639 1498 pro²
662 1444 761 1488 vulg.
784 1446 999 1488 προοιμίου.
1052 1445 1109 1478 Cf.
1130 1456 1161 1477 c.
1187 1456 1237 1486 14.
1312 1447 1362 1488 u)
1389 1442 1432 1480 οἷ-

127 1488 589 1534 ναγιγνώσκοντας]
617 1486 951 1545 ἀναγινώσκοντας
959 1492 1012 1524 Μ.
1041 1497 1076 1524 et
1099 1490 1150 1523 Fl.
1202 1490 1272 1523 Sed
1300 1493 1431 1535 vulga-

127 1544 254 1592 gatam
282 1537 457 1570 exhibent
474 1537 559 1568 Ald
582 1537 611 1569 J.
634 1538 716 1570 Par.
739 1538 783 1571 H.
804 1540 904 1571 etc.“
930 1532 1070 1581 ἀναγιν.
1093 1536 1204 1569 etiam
1229 1542 1427 1581 5011.x)

128 1596 223 1618 παν
238 1594 285 1618 σο
299 1597 326 1627 φ
344 1596 362 1618 ο
376 1585 424 1626 ν]
451 1582 655 1616 posthanc
674 1595 802 1617 vocem
825 1584 936 1617 colon
949 1582 1281 1639 deprehenditur
1271 1595 1310 1616 m
1334 1585 1372 1617 A.
1394 1596 1427 1618 2.

128 1641 204 1663 non
227 1630 379 1662 omnino
397 1630 506 1684 3nale
554 1629 600 1673 y)
626 1628 867 1676 πρέποι],
874 1627 1017 1673 ,πρέπει
1041 1629 1091 1661 Fl.
1142 1629 1294 1662 Ceterae
1315 1636 1350 1663 et
1373 1631 1428 1666 M.

127 1675 305 1719 πρέποι.“’
331 1688 399 1719 πρ
389 1675 485 1710 ’πειν
502 1675 602 1719 2956.
620 1677 768 1708 Belznus
786 1677 949 1733 praefert
962 1688 1029 1719 πρε
1017 1688 1107 1714 πει,
1118 1677 1257 1708 etRud
1279 1675 1332 1708 sic
1352 1676 1429 1709 edi-

128 1722 184 1755 dit
206 1722 332 1755 forsan
353 1723 513 1764 inscius,
542 1733 654 1766 quum
679 1728 804 1756 tamen
826 1718 872 1757 οἶν
893 1721 1137 1768 praemiserit.
1188 1724 1231 1763 z)
1257 1723 1429 1766 προοί-

128 1769 262 1812 μιον]
289 1770 466 1812 φροίμιον
488 1769 585 1809 conj.
607 1768 685 1801 Bel.
734 1773 781 1802 At
802 1769 875 1802 vid.
898 1780 1011 1812 snpra
1032 1774 1109 1801 not.
1131 1768 1188 1810 o).
1240 1769 1427 1802 Punctum

121 1821 206 1859 post
227 1814 326 1847 hanc
353 1825 507 1857 vocem,
546 1815 643 1859 quod
664 1815 860 1859 pleraeque
883 1814 999 1856 Edd„
1035 1814 1073 1846 in
1102 1813 1158 1846 his
1180 1813 1290 1847 etiam
1309 1817 1426 1846 Reztz.

128 1867 164 1894 et
182 1862 265 1905 Bip.
285 1865 321 1893 et
343 1861 454 1906 Ιῷὐζχζ
481 1861 741 1906 neglexerunt,
776 1872 861 1894 vere
888 1866 1092 1904 posuerunt
1107 1862 1147 1893 A.
1170 1871 1203 1893 2.
1231 1862 1371 1894 Gesner.
1391 1866 1426 1893 et

36 1953 227 2004 transiit,
267 1954 445 2021 ἶατρείην
476 1952 621 1992 dicens
656 1962 699 1992 et
756 1968 822 2008 res
856 1968 982 2003 suos,
1025 1951 1273 2005 studuitque
1307 1952 1427 2005 sapi-

35 2013 202 2062 πείρην,
234 2020 275 2049 et
296 2007 446 2060 οκόσα,
479 2019 520 2048 et
540 2015 696 2051 νοῦσοι·

34 2068 199 2118 reliqua
233 2081 355 2115 vero,
397 2081 504 2120 quae
537 2067 580 2104 in
617 2081 697 2104 usu

34 2122 326 2161 multitudinis
348 2133 466 2172 sunt,
502 2134 541 2161 et
566 2127 699 2175 plera-

37 2194 133 2231 que,
149 2180 288 2228 qualia
305 2190 488 2231 peluntur
508 2194 528 2217 e
551 2180 697 2218 trivio.

33 2237 77 2275 Si
115 2229 212 2274 ve‘ro
245 2250 307 2273 me
339 2245 506 2286 oportet
531 2236 697 2288 sapien-

33 2293 88 2331 tis
107 2293 231 2331 etiam
254 2292 335 2329 viri
356 2292 612 2330 mentionem
637 2292 696 2328 fa·

35 2364 149 2395 cere,
191 2363 343 2387 nornen
377 2348 544 2400 quidem
580 2347 696 2385 illius

35 2406 78 2443 in
96 2406 273 2444 obscuro
297 2407 446 2458 jaceat3
467 2404 600 2442 dicam
628 2416 694 2440 ve-

34 2476 82 2500 ro
106 2461 357 2508 consilium,
389 2471 428 2499 et
453 2461 582 2499 libros
609 2473 698 2496 nu-

36 2531 110 2580 per
130 2517 330 2556 Corinthi
356 2517 492 2567 editos,
517 2531 588 2569 spe
611 2530 696 2553 om·

37 2574 82 2611 ni
111 2575 447 2625 p1aestanti01es.
510 2574 557 2610 In
582 2572 697 2624 prin·

38 2631 155 2682 cipio
196 2631 334 2680 enirn,
384 2630 525 2669 statim
565 2629 697 2682 prima

39 2687 250 2739 prooemii
275 2686 479 2739 periodo,
512 2687 698 2725 interro—

40 2743 212 2796 gatione
234 2756 450 2797 aggressus
477 2753 539 2781 est
561 2746 699 2780 lecto-

758 2010 1019 2049 entissimam
1041 2009 1248 2047 rationem
1280 2019 1425 2048 osten-

759 2066 877 2117 dere,
909 2066 1036 2105 solum
1060 2082 1192 2118 nempe
1210 2068 1424 2119 sapientem

759 2123 889 2163 decere
906 2123 1109 2161 historiam
1126 2121 1302 2160 scribere.
1336 2124 1424 2161 De-

759 2179 885 2229 inde,
957 2180 1104 2232 paucis
1160 2178 1420 2229 interjectis,

757 2235 1030 2289 syllogismus
1051 2235 1172 2273 alius.
1236 2236 1291 2272 Et
1310 2236 1353 2272 in
1376 2249 1424 2271 u-

757 2293 971 2331 niversum
1012 2292 1128 2329 Omni
1165 2305 1315 2344 genere
1349 2305 1424 2328 ar-

757 2347 1034 2399 gumentandi
1056 2361 1129 2398 per
1150 2346 1422 2399 quaestiones

757 2404 1033 2457 (syllogismos)
1052 2403 1335 2455 compositum
1359 2403 1424 2453 ip-

756 2460 790 2497 si
819 2461 956 2498 fuerat
987 2459 1269 2510 prooemium·
1331 2458 1424 2496 Ad-

755 2515 960 2553 ulationis
981 2514 1143 2569 lzicfuit
1168 2516 1217 2552 ad
1241 2516 1422 2554 satieta-

756 2581 861 2620 tem,
893 2570 1039 2609 laudes
1063 2572 1345 2623 importunae,
1379 2581 1422 2610 et

756 2631 881 2679 plane
901 2627 1178 2679 parasiticae3
1210 2643 1346 2679 neque
1372 2628 1422 2666 il-

756 2688 819 2723 lac
864 2693 1002 2722 tamen
1048 2693 1166 2722 extra
1213 2685 1423 2739 syllogis-

757 2755 891 2788 mum,
934 2737 1009 2779 sed
1046 2739 1330 2796 interrogatae
1380 2750 1422 2781 et
