1834 3188
338 188 657 235 1⁷113m1o'r1mus
692 199 794 232 stvE
831 198 898 229 DE
934 197 1107 228 SECTIS.
1333 182 1431 231 105

45 304 181 358 μετρία
194 307 314 345 ποιεῖ.
345 295 514 358 κᾷκείνη
535 298 611 355 γάρ
632 296 726 347 τούς
741 298 784 340 έν
804 293 907 353 ἆρχῇ
926 291 1121 337 ἀλλόκοτά
1132 311 1222 337 τινα
1237 292 1431 349 αἰτήματα
1445 303 1576 345 p.817·

46 370 257 423 αἰτήσασα,
272 370 338 411 καὶ
359 372 673 424 συγχωρηθῆναι
686 363 788 422 αὐτῇ
804 360 1018 415 ἀξιώσασα,
1035 359 1128 405 οὗόὲ
1150 369 1345 416 συστῆναι
1365 368 1433 406 δυ-

44 438 212 492 νάμενα,
248 436 390 490 σημεῖά
408 455 494 479 τινα
515 434 656 489 ἀμερῆ,
686 437 750 477 καὶ
769 431 953 489 γραμμὰς
971 430 1167 481 ἀπλατεῖς,
1198 434 1265 473 καὶ
1287 430 1334 473 τὰ
1353 450 1432 474 τοι-

45 504 166 557 αῦτα,
201 507 266 548 ἐπὶ
291 513 458 560 σαθροῖς
488 512 571 554 τοῖς
592 505 790 556 θεμελίοις
813 500 967 551 τούτοις
991 504 1201 553 οἰκοδομεῖ
1222 498 1268 540 τὰ
1295 496 1434 541 τοιαῦ-

43 593 91 617 τα
111 578 174 626 g),
207 576 275 616 καὶ
296 573 401 624 ἆξιοῑ
419 576 475 622 εἰς
495 571 698 622 ἀπόδειξιν
730 568 866 623 οἷληθῆ
887 572 1032 626 λέγειν,
1067 565 1146 611 cinti
1168 571 1347 621 ψευδοῦς
1364 573 1434 620 τῆς

44 641 168 697 ἀρχῆς
200 640 424 698 ὁρμωμένη.
486 639 599 682 Κατὰ
629 638 751 682 ταύτὰ
785 640 926 681 τοίνυν
955 639 1023 679 καὶ
1048 633 1158 690 ὑμεῖς
1196 634 1331 687 δόντες
1363 635 1433 687 τας
1458 640 1514 683 75

45 708 170 767 ἆρχᾶς
188 717 259 765 τῆς
279 711 548 765 προαιρέσεως
566 707 756 761 ἑκάστης,
787 704 987 748 πιστεύετε
1005 710 1086 753 τοῖς
1107 706 1217 757 ἑξῆς,
1248 707 1314 747 καὶ
1335 704 1432 761 γνώ-

48 795 169 835 ρισμα
189 785 257 834 τῆς
281 777 468 831 ἀληθείας
490 774 622 818 αὐτῶν
644 775 716 828 τὴν
739 769 990 816 ἆκολουθίαν
1012 771 1177 828 ἡγεῖσθε
1198 772 1313 825 εἶναι,
1335 786 1436 827 ψευ·

47 851 102 901 δή
132 845 270 890 οὖσαν.
324 844 405 887 εἶτα
441 848 482 887 οἱ
509 845 579 899 μὲν
610 841 747 897 ὑμῶν,
780 840 1138 895 ἐναποθνήσκουσι
1175 848 1260 891 ταῖς
1291 844 1432 893 ἐλπίσι,

45 918 142 971 πρὶν
173 911 335 966 ἰδεῖνῙι)
366 910 558 967 τάληθὲς,
603 915 669 955 καὶ
705 916 958 967 καταγνῶναι
995 915 1072 952 τῶν
1102 908 1576 963 ἕξαπατησάντωνρ.3ι8.

47 985 235 1027 ἐκείνων
268 986 310 1025 οἱ
343 983 405 1033 δὲ,
437 978 518 1038 κᾷἶν
553 984 776 1024 αἴσθωνται
805 980 1114 1034 ἐξηπατημένοι,
1148 976 1225 1032 ὀψέ
1246 996 1341 1021 ποτε
1364 981 1438 1034 γέ-

49 1069 188 1105 ροντες
210 1051 288 1105 ἤδη
320 1050 547 1106 γενόμενοι,
580 1047 770 1092 ὀκνοῦσιν
790 1047 1079 1102 ἀναστρέφειν,
1115 1045 1369 1102 αἰδούμενοι,
1404 1051 1440 1090 εἰ

44 1117 202 1172 δεήσει,
247 1118 506 1171 τηλικούτους
550 1117 700 1167 αὐτούς
743 1118 882 1167 ὄντας,
933 1113 1327 1171 ἐξομολογήσασθαι,
1377 1115 1439 1158 ὅτι

45 1185 259 1242 πράγματα
279 1185 317 1240 ¹)
348 1189 504 1227 παίδων
528 1187 680 1238 ἔχοντες
703 1183 749 1228 οὗ
774 1189 975 1227 συνίεσαν.
1009 1184 1102 1233 ὤςτε
1122 1186 1334 1237 ἐμμένουσι
1354 1190 1439 1234 τοῖς

49 1253 186 1304 αὐτοῖς
204 1252 279 1296 ὕπ’
300 1251 510 1307 αἰσχύνης,
544 1255 612 1295 καὶ
632 1255 840 1295 ἐπαινοῦσι
860 1253 907 1294 τὰ
929 1251 1134 1307 παρόντα,
1170 1255 1235 1294 καὶ
1259 1250 1439 1302 ὁπόσους

48 1320 101 1366 ἂν
120 1319 341 1373 δύνωνται,
373 1323 668 1377 προτρέπουσιν
689 1323 753 1364 ἐπὶ
768 1320 817 1363 τοὶ
841 1317 962 1373 αὔτα,
997 1318 1050 1370 ὥς
1068 1318 1118 1362 ἂν
1142 1318 1193 1374 μὴ
1212 1318 1331 1374 μόνοι
1354 1322 1439 1375 ἔξη-

97 1438 144 1480 g)
168 1450 223 1471 τα
246 1449 296 1471 το
310 1449 387 1470 ιαυ
402 1440 479 1478 τα]
507 1437 608 1470 male
629 1447 648 1469 e
670 1436 927 1480 superioribus
948 1435 1082 1468 iterata
1099 1433 1268 1477 judicant
1285 1435 1378 1466 Jem
1403 1438 1441 1466 et

142 1483 242 1516 W13el
293 1485 339 1516 At
364 1483 437 1516 vid.
473 1484 606 1515 Adnot.

679 1482 726 1525 h)
754 1483 906 1526 ἰδεῖν]
934 1479 1024 1526 ,,ἰὸ“ἠ
1050 1482 1145 1513 male
1174 1481 1212 1514 P
1240 1480 1441 1523 Vulgatam

141 1535 296 1562 tuentur
324 1529 467 1574 priscae
487 1529 578 1562 Edd.
585 1530 608 1546 “
656 1528 692 1570 i)
719 1542 774 1573 πρ
790 1527 875 1573 άγμ
889 1529 997 1573 ceta]
1028 1528 1217 1572 παίγματα
1237 1527 1335 1579 conj.
1356 1528 1443 1557 Sea-

136 1587 213 1620 g.er
240 1575 423 1609 Classical
444 1576 600 1608 Journal
619 1576 723 1610 Fasc.
743 1577 849 1609 XMI.
873 1588 910 1621 p.
931 1586 986 1621 73.
1009 1585 1134 1607 merus
1156 1572 1298 1617 ingenii
1324 1572 1442 1605 lusus.

52 1667 126 1706 ine
158 1667 366 1708 voluerit:
412 1669 554 1723 qualia
586 1668 713 1709 etiam

52 1724 316 1763 admirabilis
351 1727 581 1780 geometria
621 1723 716 1764 effi-

54 1781 128 1820 cit.
189 1781 298 1819 Nam
322 1781 395 1821 illa
420 1796 592 1836 quoque
621 1782 714 1832 hos,

54 1850 128 1890 qui
152 1848 372 1876 versantur
407 1839 516 1877 circa
549 1839 715 1891 princi-

52 1895 149 1945 pia,
195 1894 372 1933 absurda
404 1895 608 1949 quaedam
635 1909 718 1947 po-

54 1953 210 1988 stulata
253 1952 414 2003 poscit,
464 1966 597 2004 eaque
627 1951 719 1989 dari

55 2006 136 2043 sibi
179 2019 359 2059 aequum
403 2018 566 2056 censet,
611 2021 719 2061 quae

57 2070 194 2101 tamen
216 2077 268 2102 ne
289 2064 521 2103 consistere
548 2064 719 2117 quidem

58 2127 260 2170 possunt,
315 2130 473 2172 puncta
515 2120 722 2173 quaedam

60 2172 285 2212 individua
301 2206 312 2238 .'
346 2186 387 2214 et
405 2177 540 2215 lineas
562 2177 722 2215 latitu—

59 2228 162 2268 dine
195 2232 311 2268 omni
341 2243 549 2282 carentes,
604 2243 661 2271 et
677 2232 722 2270 id

57 2300 190 2339 genus
220 2289 364 2338 plura3
400 2286 553 2327 deinde
577 2288 724 2340 putri-

59 2342 138 2380 bus
168 2342 254 2380 illis
283 2342 574 2382 fundamentis
604 2344 724 2382 simi-

59 2399 120 2437 lia
150 2397 418 2450 inaedificat,
464 2410 505 2438 et
534 2403 726 2452 postulat

62 2468 161 2494 vera
175 2455 224 2492 ad
240 2455 644 2494 demonstrationem
663 2455 724 2492 di-

66 2524 177 2560 cere,
211 2512 342 2551 initio
368 2526 389 2550 a
419 2513 538 2550 falsis
558 2512 729 2564 princi-

64 2566 148 2618 piis
196 2567 323 2609 facto.
385 2568 548 2607 Eodem
598 2566 726 2606 modo

67 2635 144 2660 vos
166 2636 358 2677 quoque,
394 2623 608 2664 concessis
638 2638 729 2662 sec-

70 2686 136 2716 tae
155 2682 358 2733 cujusque
376 2680 617 2734 principiiS,
646 2679 728 2730 his,

72 2746 180 2788 quae
202 2747 459 2790 sequuntur,
493 2735 618 2776 fldem
654 2735 731 2775 ad-

773 1669 982 1733 jungitis,
1017 1677 1058 1707 et
1084 1667 1255 1721 signum
1284 1665 1442 1705 verita-

775 1726 832 1764 tis
875 1727 1045 1764 illorum
1089 1722 1441 1776 consequentiam

776 1782 890 1820 illam
923 1782 1107 1835 putatis,
1145 1794 1251 1834 quae
1276 1789 1317 1817 et
1349 1779 1443 1830 ipsa

777 1849 918 1877 tamen
944 1840 1048 1877 falsa
1073 1847 1156 1877 est:
1193 1835 1346 1875 deinde
1366 1834 1443 1872 alii

779 1895 951 1948 quidem
994 1895 1180 1933 vestrum
1220 1892 1311 1944 spei
1345 1904 1444 1929 suae

779 1953 1081 1990 immoriantur
1113 1960 1340 2001 antequam
1375 1961 1445 1985 ve-

779 2003 868 2047 rtim
909 2007 1120 2056 viderint,
1167 2019 1350 2058 suosque
1386 2004 1446 2041 il-

778 2068 842 2104 los
875 2064 1119 2116 deceptores
1152 2060 1447 2099 damnaverint

780 2122 1116 2175 (cognoverint),·
1148 2118 1222 2157 alii
1242 2131 1363 2166 vero,
1396 2116 1447 2154 li-

782 2189 845 2217 cet
871 2192 963 2216 sero
999 2176 1183 2230 denique
1214 2188 1332 2213 senes
1364 2176 1448 2226 jam

781 2234 887 2272 facti
919 2233 1119 2285 deceptos
1158 2245 1200 2269 se
1235 2229 1446 2276 sentiant,

781 2289 919 2330 redire
971 2299 1111 2327 tamen
1165 2294 1448 2333 cunctantur,

782 2346 946 2398 pudote
984 2345 1184 2382 nimirum
1225 2339 1447 2388 deterriti,

786 2403 821 2439 si
845 2411 1064 2454 oporteat,
1098 2399 1142 2437 id
1174 2397 1325 2436 aetatis
1355 2410 1450 2434 cum

785 2458 898 2502 sint,
938 2457 1086 2504 fateri,
1130 2469 1172 2493 se
1204 2452 1451 2505 impruden-

785 2522 847 2550 tes
885 2526 1112 2565 puerorum
1148 2520 1348 2548 tractasse
1381 2512 1452 2546 lu-

788 2567 951 2606 dibria:
1001 2568 1148 2619 itaque
1189 2576 1361 2605 manent
1407 2567 1451 2602 in

788 2623 938 2662 iisdem
958 2637 1056 2676 prae
1079 2621 1266 2676 pudore,
1300 2632 1340 2661 et
1361 2626 1452 2659 lau·

789 2679 892 2718 dant
916 2680 1184 2733 praesentia,
1218 2688 1284 2728 et,
1319 2688 1452 2730 quot-

790 2746 897 2791 quot
948 2744 1152 2790 possunt,
1210 2734 1262 2774 ad
1306 2733 1450 2774 eadem
