1834 3188
271 177 369 225 586
618 185 1371 222 ADNOTATIONES

270 288 398 330 verba
424 288 575 329 Graeci
597 286 842 340 interpretis
863 300 949 325 non
981 293 1212 339 potuerunt
1242 292 1380 323 tamen
1413 282 1562 324 docere
1588 284 1723 324 Lati-

270 361 372 385 num
393 347 686 398 interpretem,
719 358 883 382 versum
915 341 1032 379 illurn
1056 339 1432 393 Aristophanicum
1459 342 1606 380 melius
1628 341 1722 380 red-

272 402 392 453 dere,
426 417 573 455 quam,
619 400 726 440 haud
756 414 954 453 quaquam
979 414 1023 450 eg
1026 413 1046 437 ο
1072 399 1316 451 pretiosimes
1338 397 1421 436 vidi
1446 413 1592 450 apicas,
1625 412 1720 436 cum

271 436 463 499 debuerit
487 457 657 497 vilior-,es
715 456 877 496 Melius
912 464 1050 493 tamen
1080 453 1215 506 sapit,
1266 468 1429 492 versum
1460 458 1554 497 669.
1587 457 1718 504 (678.

269 515 366 555 Inv.
379 513 421 564 >³
422 513 641 556 Ἠισθοντο
659 510 729 561 τὰς
747 509 883 564 ἀφύας
902 508 997 562 παο’
1014 507 1110 562 ἠμῖν
1130 508 1260 559 ἀξίας,
1292 509 1493 561 reddens,
1523 526 1648 578 apuas
1664 512 1724 549 vi-

269 571 320 611 lis
333 574 458 625 pretii.
491 571 615 612 Jnns.
676 570 777 609 Non
795 567 919 606 modo
939 566 1194 616 Benedictus,
1226 565 1296 606 sed
1316 575 1358 605 et
1374 567 1568 621 Micyllus
1585 563 1724 617 ἀξίους

272 628 441 667 omisit:
474 626 586 666 unde
617 626 705 665 fere
730 624 939 676 conjicio,
983 632 1176 662 neutrum
1212 622 1257 660 id
1287 622 1404 661 verbi
1438 623 1721 671 intellexisse,

270 688 392 738 cujus
412 682 764 738 significationem
792 679 899 719 illud
913 679 1098 720 ΖΙζῙαιεὶΖίί
1115 678 1312 718 scholion
1332 693 1502 733 quoque
1521 693 1607 718 non
1632 693 1722 718 rec-

269 749 312 780 te
343 740 486 780 tradit.
544 740 678 778 Recte
703 738 855 778 Jensius
882 736 976 775 viles
1003 735 1155 775 vertit:
1195 749 1290 774 nam
1323 745 1488 790 praeter
1513 735 1723 789 Aristoph.

269 810 394 847 quem
423 795 589 846 laudat,
630 795 756 833 etiam
785 794 846 832 sic
870 794 1000 847 leeop
1004 793 1060 834 ἦν.
1092 791 1216 831 Char.
1250 791 1301 832 de
1310 795 1476 859 garrul.
1498 806 1541 845 p.
1566 797 1629 835 11.
1654 791 1720 831 ed.

270 851 438 893 Casaub.
463 855 528 892 vel
548 867 589 905 p.
612 857 676 895 16.
700 849 764 891 ed.
785 810 1000 891 Neecllzamp
1024 845 1078 898 ὥς
1096 845 1202 899 ἄξιοι
1232 846 1441 906 γεγόνασιν
1470 851 1513 892 οι
1527 849 1651 904 πυροὶ
1679 850 1724 891 ἐν

265 914 315 967 τῇ
338 906 478 966 ἀγορᾶ.
509 909 672 951 Rnrrz,

381 988 486 1028 Ibicl.
529 985 858 1043 Καισαρείᾳ]
896 986 1015 1025 Haec
1042 983 1129 1024 fuit
1156 984 1402 1039 metropolis
1430 984 1723 1026 Mauritaniae

270 1044 574 1085 Caesariensis.
636 1044 703 1083 Cf.
739 1030 934 1084 Wieland.
965 1042 1083 1079 Ru».
1142 1041 1315 1081 Scilicet
1345 1042 1443 1080 olim
1465 1043 1533 1081 Iol
1556 1052 1721 1091 vocata,

269 1115 425 1140 nomen
457 1100 684 1140 Caesareae
712 1099 899 1152 accepit,
941 1112 1069 1151 quum
1096 1097 1206 1138 Juba
1237 1097 1288 1136 ab
1321 1098 1514 1152 Augusto
1549 1098 1725 1136 Caesare

268 1172 443 1211 regnum
464 1155 754 1196 Mauritaniae
783 1154 897 1194 dono
931 1153 1176 1207 accepisset.
1232 1153 1333 1196 Vid.
1359 1154 1661 1203 Strab.XV11‚
1682 1159 1724 1196 7.

269 1223 312 1252 et
333 1213 522 1266 Pompon.
543 1211 644 1253 Mel.
668 1212 712 1262 Ι,
733 1216 772 1256 6.
831 1212 901 1249 De
924 1210 1050 1249 scaris
1068 1209 1256 1262 piscibus
1278 1210 1387 1249 adiri
1408 1209 1644 1264 Rudolplzus
1661 1212 1727 1264 ju·

267 1269 340 1309 bet
352 1271 523 1309 Aristar.
541 1268 590 1307 de
613 1268 765 1308 histor.
788 1267 914 1306 anim.
937 1267 1003 1315 II,
1023 1271 1087 1311 13.
1110 1266 1203 1316 III,
1224 1269 1303 1308 ult.
1325 1267 1456 1318 VIII,
1477 1272 1517 1311 2.
1539 1267 1590 1306 de
1608 1268 1725 1307 Part.

267 1326 411 1365 Anim.
436 1325 528 1374 III,
553 1331 589 1367 1.
615 1325 732 1364 alibi.
773 1325 930 1364 me„

380 1393 478 1446 Pag.
499 1398 593 1436 201.
612 1393 639 1433 l.
667 1397 706 1435 6.
740 1388 1005 1446 Γελοιότερα)
1038 1391 1143 1431 Cum
1165 1390 1274 1432 Edd.
1301 1393 1489 1446 legerent
1508 1387 1728 1447 ἀναγκαιό-

268 1467 383 1501 τερα,
416 1463 587 1503 prorsus
611 1457 757 1487 contra
789 1457 968 1487 mentem
997 1449 1192 1498 Luciani,
1220 1463 1298 1488 nec
1328 1447 1557 1503 quidquam
1585 1448 1728 1487 varia-

271 1507 405 1546 tionis
427 1515 547 1544 notet
563 1504 753 1554 Solemus,
785 1518 888 1558 ego,
924 1504 1070 1557 quod
1060 1520 1104 1542 m
1128 1519 1261 1569 marg.
1279 1503 1383 1544 Alci.
1409 1509 1442 1547 1.
1469 1504 1589 1544 lVess.
1607 1504 1728 1543 inve-

270 1563 339 1612 ni,
371 1561 520 1601 lubens
552 1561 717 1613 accepi,
752 1569 794 1599 et
816 1575 878 1600 res
907 1560 996 1612 ipsa
1025 1564 1194 1609 clamat,
1227 1561 1288 1599 sic
1314 1559 1561 1614 legendum:
1595 1574 1726 1613 quare

270 1633 395 1658 nemo
417 1617 543 1670 hujus
573 1616 851 1655 correctionis
881 1630 980 1670 ergo
1002 1631 1065 1655 me
1089 1617 1335 1670 redarguet,
1369 1630 1492 1668 quam
1527 1615 1631 1655 adeo
1653 1631 1726 1655 ne-

272 1674 490 1713 cessariam
520 1674 610 1725 ipse
644 1671 823 1712 videbit.
888 1673 1028 1712 Nimis
1062 1673 1172 1712 enim
1201 1672 1468 1712 intolerabile
1499 1681 1611 1721 erat,
1652 1673 1726 1711 lzoc

268 1732 553 1786 ριμαείειηιίίίο,
595 1731 688 1783 quia
724 1731 850 1782 magis
890 1732 1144 1768 necessarium
1177 1739 1256 1769 est:
1298 1738 1339 1768 et
1367 1728 1521 1777 miror,
1564 1728 1726 1767 nemini

272 1788 355 1826 hoc
386 1795 627 1838 suspectum
657 1784 802 1825 fuisse.
835 1786 998 1825 RmTz.
1059 1781 1291 1838 Vulgatum
1318 1780 1608 1839 ἀναγκαιότερα
1641 1785 1727 1823 iro-

271 1846 369 1882 nice
406 1841 592 1889 dictum,
629 1841 820 1893 adeoque
855 1844 962 1879 male
994 1851 1200 1881 mutatum
1232 1856 1320 1881 esse
1347 1856 1369 1879 a
1398 1840 1576 1890 Reilzio,
1615 1849 1728 1880 recte

273 1899 463 1939 adnotat.
488 1897 661 1938 Belinus.
693 1898 790 1936 Bm.
852 1896 1148 1936 Nihilominus
1179 1898 1447 1936 retinuerunt
1467 1897 1586 1950 Bipp.
1610 1896 1727 1950 quod

272 1959 516 2007 rejecerant.
551 1953 809 1992 Prudentius
821 1952 931 1994 Rucl.
947 1963 987 1992 et
1002 1953 1422 1994 Scl2m.restituerunt
1444 1962 1624 1992 veterem
1644 1955 1727 1992 lec·

272 2012 449 2061 tionem,
480 2009 634 2049 Reitzio
655 2013 778 2063 plane
798 2024 885 2048 non
910 2010 1181 2051 intellectam.
1225 2009 1403 2048 Codices
1425 2018 1563 2047 autem
1582 2007 1723 2062 ἆναγκ.

275 2067 493 2116 exhibere,
530 2067 678 2114 facile,
713 2080 790 2105 nec
821 2075 998 2110 temere,
1032 2080 1083 2104 ex
1116 2066 1290 2104 silentio
1321 2064 1547 2103 Editorum
1578 2066 1727 2120 colligi

273 2132 429 2177 potest.
490 2123 667 2161 Diserte
691 2132 828 2160 autem
851 2120 1051 2170 traditur,
1087 2122 1288 2161 Gorl..ita
1312 2121 1477 2161 habere.
1510 2122 1668 2162 me.

386 2202 486 2242 Ead.
506 2205 533 2241 l.
554 2207 594 2245 8.
628 2203 832 2254 Μαῦρος)
865 2200 960 2241 Vid.
984 2200 1145 2240 Ηοητσν.
1165 2201 1212 2240 Il.
1237 2205 1296 2248 H,
1321 2203 1416 2242 299.
1447 2198 1616 2241 sonim.
1650 2202 1728 2239 Ti-

277 2259 446 2300 bicinam
468 2259 581 2297 illam
601 2272 623 2295 a
649 2260 755 2296 male
783 2257 938 2296 feriato
961 2257 1166 2309 scriptore
1190 2256 1241 2295 ad
1271 2256 1553 2295 imitationem
1581 2258 1728 2297 Xeno-

273 2317 430 2370 phontai
471 2313 686 2366 Symposii
722 2313 854 2356 fuisse
892 2311 1200 2360 introductam,
1246 2312 1544 2352 animadvertit
1575 2314 1632 2354 A.
1676 2313 1723 2354 G.

275 2373 479 2424 Largius,
511 2370 760 2423 Philologus
783 2369 1017 2417 Portensis,
1051 2369 1094 2407 in
1116 2371 1182 2408 Ill.
1203 2368 1340 2409 Beck-ii
1360 2369 1477 2407 Actis
1499 2369 1724 2408 Seminaiii

276 2428 406 2481 Regii
449 2438 490 2467 et
528 2426 755 2466 Societatis
792 2425 945 2478 philol.
985 2426 1105 2478 Lips.
1137 2426 1231 2466 Vol.
1264 2426 1320 2464 II.
1350 2426 1460 2464 Part.
1491 2425 1525 2466 I.
1556 2439 1597 2478 p
1631 2427 1724 2469 175

277 2485 431 2523 mem.

391 2540 630 2581 Easl.1.1o.
663 2535 900 2591 Κεφαλαια)
932 2537 1001 2576 Sic
1022 2552 1146 2592 supra
1173 2538 1296 2579 Char.
1319 2553 1409 2592 cap.
1432 2544 1472 2582 2.
1532 2537 1590 2575 Et
1616 2537 1723 2580 Pisc.

282 2609 371 2647 cap.
393 2601 457 2637 14.
497 2597 661 2635 Sor-AN.

393 2651 495 2690 Ead.
521 2654 548 2690 1.
574 2657 637 2694 11.
675 2649 901 2704 Ἀκανθας)
941 2649 1200 2702 Respexisse
1231 2650 1370 2689 credas
1393 2663 1535 2687 versus
1561 2665 1585 2688 a
1616 2649 1723 2691 Plan

283 2704 542 2760 (Plutarch.)
563 2711 695 2760 Συμπ.
720 2709 767 2758 I,
790 2711 827 2751 4.
849 2716 890 2749 et
908 2707 1052 2748 Athen.
1075 2707 1165 2754 111,
1188 2711 1253 2751 97.
1277 2707 1335 2745 D.
1354 2704 1571 2748 laudatos:
