1834 3188
241 130 340 174 680
602 140 1364 171 Λοκοτᾼτιοκιῑε

244 238 375 288 ινὰζειυ
395 248 540 277 notare
558 239 811 291 ἐφέλκεσθαι.
874 238 960 278 Ubi
980 236 1177 287 ἕπιναζειν
1201 238 1303 277 alibi
1331 249 1548 290 occurrat,
1582 242 1710 294 igno-

244 311 319 347 103
352 295 435 334 nisi
460 295 543 334 huc
566 296 833 335 referendum
856 295 914 334 sit
931 293 975 337 τὸ
992 293 1225 348 Ἐπινάξαι,
1259 295 1375 349 quod
1397 295 1618 352 Hesychius
1640 312 1711 337 ex-

247 351 373 405 ponit
405 353 697 394 ε’πιπακτοδσαι·
730 353 776 390 in
808 350 1000 392 editione
1030 353 1144 391 FLor.
1173 355 1325 406 plane,
1357 352 1423 391 uti
1458 355 1552 392 vult
1574 354 1713 393 Scho-

246 410 415 459 liastes,
448 410 607 464 legitur
637 411 796 458 ἐπινῶς.
857 408 999 448 Habet
1028 423 1200 465 quoque
1226 408 1338 448 hanc
1368 422 1516 448 vocem
1544 409 1713 459 Suidas,

249 479 425 518 eamque
464 467 772 518 interpretatur
810 467 912 508 λίαν.
950 466 1074 507 JENS.
1144 466 1404 506 Schneider-us
1441 466 1486 505 in
1518 467 1715 506 Lexicon

250 536 373 560 suum
394 536 471 562 nec
493 523 640 571 ἐπινῶς
658 523 841 575 recepit,
873 536 951 561 nec
969 521 1154 573 ἐπινάζω,
1187 537 1322 577 neque
1346 522 1412 573 id,
1445 523 1621 577 opinor,
1655 524 1719 561 in·

250 578 374 630 juria.
435 579 546 618 Nam
580 579 695 633 quod
718 580 942 636 Hesychius
964 579 1093 619 habet
1124 578 1327 630 ἐπινάξαι,
1359 594 1448 618 non
1480 578 1525 618 id
1558 579 1608 619 ab
1636 582 1722 622 ἑπι-

250 633 380 684 veiga),
424 634 497 674 sed
528 635 580 674 ab
611 633 804 678 ἐπινάττω
837 636 1139 689 repetendum,
1173 636 1288 691 quod
1323 636 1451 676 docet
1481 636 1719 690 explicatio

251 693 536 734 ἐπιπακτῶσαι.
596 693 716 732 Alibi
750 703 889 732 autem
922 707 1179 747 magnopere
1206 707 1376 744 vereor,
1407 702 1457 731 ut
1480 692 1565 732 hoc
1586 690 1720 732 Scho-

250 749 400 788 liastae
423 749 614 801 verbum,
646 759 688 789 et
712 749 755 787 in
781 764 828 789 ea
852 744 1038 803 quidem,
1073 765 1198 804 quam
1220 751 1406 803 profert,
1438 748 1720 803 significatio-

252 819 324 854 ne,
358 819 536 858 usquam
558 805 671 860 apud
692 807 897 859 probatos
919 807 1147 859 scriptores
1165 807 1426 846 inveniatur.
1478 805 1628 846 Suidae
1648 821 1720 845 au-

252 869 335 899 tem
359 862 528 911 ἐπινοῖς,
561 862 677 917 quod
701 877 776 915 per
798 866 886 904 λίαν
906 864 1112 917 explicat,
1145 862 1260 902 haud
1281 862 1410 901 dubie
1433 861 1485 901 ad
1507 863 1724 916 posterio-

252 932 338 956 rem
362 919 645 960 Graecitatem
680 919 972 968 referendum3
1006 930 1080 959 aut
1112 920 1202 959 fieri
1233 929 1398 972 potest,
1431 929 1481 958 ut
1514 919 1725 975 originem

253 975 430 1012 traxerit
461 990 482 1015 e
512 980 618 1016 male
652 976 873 1016 intellecto
906 976 1163 1030 compendio
1197 976 1316 1015 vocis
1351 977 1565 1029 ἐπιμανῶς.
1622 985 1719 1026 aut,

254 1030 369 1082 quod
391 1034 687 1084 praetulerim,
721 1033 916 1073 celeriori
942 1034 1151 1072 formulae
1187 1033 1378 1073 solennis
1397 1033 1599 1087 ἐπιμανῶς
1618 1028 1723 1087 ἄγα-

252 1091 334 1141 πᾷν
367 1090 727 1140 pronuntiatione
754 1104 804 1129 eo
836 1089 1004 1129 tandem
1033 1104 1098 1128 res
1127 1089 1320 1138 devenit,
1352 1099 1404 1127 ut
1435 1089 1723 1141 posteriorum

255 1143 514 1184 Graecorum
540 1146 690 1201 lingua
727 1145 992 1185 adsuesceret
1024 1146 1228 1199 proloqui
1257 1147 1400 1194 ἐπινῶς
1421 1142 1609 1201 οἷγαπᾷν,
1640 1159 1723 1184 eo—

256 1199 348 1238 dem
379 1200 455 1239 illo
488 1216 628 1242 sensu.
691 1202 959 1243 Scholiasten
990 1212 1128 1242 autem
1161 1212 1377 1249 nostrum,
1413 1202 1575 1256 quippe
1602 1216 1724 1242 verae

258 1256 439 1310 originis
463 1258 671 1312 ignarum,
705 1259 900 1311 suspicor
920 1259 1240 1313 Etymologiam
1261 1259 1440 1298 finxisse
1462 1273 1515 1298 ex
1536 1258 1728 1300 arbitrio.

257 1313 355 1350 Hoc
387 1325 574 1363 certum,
608 1319 716 1355 male
750 1315 924 1356 suadere
960 1315 1162 1365 eundem,
1196 1326 1245 1354 ut
1272 1315 1316 1356 h.
1337 1319 1366 1358 l.
1390 1317 1534 1364 ἐπινῶς
1557 1318 1726 1369 legatur

257 1383 334 1422 pro
366 1371 581 1422 ἐπιμανῶς.
654 1374 724 1411 De
755 1373 929 1411 nomine
971 1373 1141 1423 juvenis
1176 1373 1304 1411 amati
1345 1372 1538 1412 dubitare
1564 1373 1730 1425 possis,

259 1440 387 1475 quum
412 1427 456 1465 in
477 1428 587 1468 Edd.
615 1427 809 1483 quidem,
841 1442 944 1482 quas
966 1430 1010 1466 in
1033 1429 1262 1468 consilium
1286 1429 1558 1480 vocavimus,
1593 1429 1729 1467 omni-

259 1482 334 1520 bus
357 1483 609 1525 exhibeatur
632 1488 835 1539 Κίνυρος,
867 1486 911 1523 in
937 1485 1073 1525 Codd.
1098 1496 1237 1524 autem
1272 1486 1425 1525 Pariss.
1451 1488 1655 1538 Κίνυρας,
1686 1495 1730 1524 et

258 1538 302 1575 in
326 1539 437 1593 Aug.
460 1551 501 1580 et
524 1543 643 1581 Gorl.
673 1542 877 1593 Κινύρας,
909 1553 950 1581 et
979 1541 1061 1580 hoc
1094 1541 1267 1594 quidem
1299 1542 1569 1595 castigatiore
1596 1542 1730 1594 scrip-

257 1605 375 1645 tura,
408 1599 722 1650 suppeditetur.
781 1598 901 1638 Mihi
928 1597 1098 1650 quidem
1130 1599 1291 1651 gratior
1322 1598 1548 1637 videbatur
1573 1599 1729 1636 allusio

259 1649 308 1688 ad
335 1667 512 1704 nomen,
547 1669 672 1708 quam
697 1668 852 1693 nomen
876 1655 1040 1707 ipsum,
1075 1654 1238 1708 Cinyrae
1263 1656 1430 1693 scilicet
1460 1655 1601 1700 illius,
1635 1653 1731 1705 Cy·-

259 1707 446 1758 priorum
471 1712 582 1764 regis
607 1722 649 1751 et
670 1711 797 1764 primi
821 1711 998 1750 Veneris
1020 1711 1207 1763 Paphiae
1231 1710 1489 1758 sacerdotis3
1523 1710 1612 1751 vid.
1642 1712 1732 1749 Τα-

259 1766 324 1805 cit.
351 1766 462 1804 Hist.
488 1768 555 1816 It,
582 1774 618 1812 3.
641 1777 683 1806 et
712 1768 788 1820 qui
816 1767 1024 1819 Myrrhae
1055 1767 1166 1806 filiae
1198 1766 1386 1807 nefando
1417 1770 1572 1806 scelere
1597 1767 1732 1806 inno-

260 1820 345 1858 tuit
368 1831 416 1860 ut
437 1823 649 1862 Adonidis
671 1834 806 1877 pater.
867 1822 963 1864 Vid.
992 1824 1109 1863 ovid.
1136 1825 1263 1866 Mett.
1285 1824 1348 1876 X,
1369 1828 1468 1868 298.
1496 1838 1558 1877 sq.
1579 1823 1731 1878 ibique

263 1875 406 1932 (3130)·ἰὲ.
446 1881 602 1920 LEIIM.

372 1936 473 1974 Eoed-
494 1940 521 1977 l.
549 1943 612 1981 15.
641 1934 863 1992 Ἀρπάσαι)
898 1936 1051 1977 Statim
1076 1936 1151 1975 ubi
1172 1937 1352 1992 legitur,
1385 1938 1452 1979 καὶ
1471 1934 1520 1988 δὴ
1539 1931 1614 1977 ὑπ’
1637 1937 1732 1991 ἔρω-

258 2005 326 2038 τος
356 1995 424 2034 καὶ
457 1991 679 2047 ἀμηχανίας
707 1993 968 2047 ἐβουλεύσατο
996 1991 1016 2035 ὅ
1045 1997 1226 2047 Κίνυρος
1257 1991 1444 2046 ἁρπάσας
1462 1991 1537 2046 τήν
1554 1991 1729 2047 Ἑλένην,

260 2061 346 2085 non
372 2048 546 2089 dubium
578 2051 686 2089 mihi
712 2061 799 2101 est,
832 2052 935 2105 quin
959 2050 1086 2088 unius
1115 2051 1313 2090 literulae
1342 2050 1583 2091 mutatione
1614 2053 1732 2090 locus

260 2102 329 2142 hic
352 2106 497 2145 sanior
518 2107 639 2147 reddi
668 2108 832 2161 possit,
866 2105 1047 2161 legendo
1069 2103 1268 2158 ἁρπάσαι·
1301 2121 1441 2161 neque
1473 2107 1586 2146 enim
1607 2106 1731 2162 quid-

261 2172 408 2211 quam,
442 2178 527 2217 quo
562 2162 748 2218 ἁρπάσας
780 2164 1007 2212 subsistat,
1038 2165 1247 2217 sequitur.
1289 2163 1414 2204 JENS.
1485 2163 1589 2202 Non
1621 2177 1728 2216 opus

260 2215 342 2254 erit
365 2220 605 2260 mutatione
626 2221 771 2271 Jensii,
803 2221 839 2258 si
872 2234 963 2257 cum
988 2220 1074 2259 Ms.
1106 2221 1212 2274 Reg.
1235 2221 1516 2275 30ll.⁴legaS‚
1548 2217 1733 2274 ἁρπάσας

260 2270 331 2323 τὴν
361 2272 527 2330 Ἑλένην
567 2283 727 2332 φυγεῖν.
769 2278 864 2316 Bm.
926 2276 1221 2315 Nihilominus
1251 2276 1382 2316 Jensio
1401 2301 1453 2308 -·
1475 2276 1730 2318 Reitzianam

261 2330 490 2371 lectionem
530 2332 740 2373 dederunt
768 2334 989 2387 Biponiini.
1061 2332 1346 2373 Prudentiore
1374 2342 1514 2372 autem
1542 2333 1729 2372 consilio

264 2384 533 2430 Schmiederus
565 2401 735 2430 secutus
762 2400 825 2429 est
853 2390 1133 2432 Parisiensem
1157 2389 1265 2431 Cod.
1282 2421 1293 2442 ,
1328 2404 1422 2429 cum
1447 2403 1534 2443 quo
1561 2389 1734 2429 faciunt

261 2441 387 2481 etiam
412 2445 529 2485 Gorl.
554 2457 596 2486 et
617 2447 726 2500 Aug.
757 2447 915 2487 LmrM.

375 2501 471 2555 1³⁰8·
508 2508 605 2547 297·
639 2506 665 2544 Ῑ·
695 2507 733 2547 5·
785 2501 1183 2555 Κθλᾱσθησῦμενος)
1231 2502 1345 2542 Flor.
1380 2501 1726 2555 κωλυθησόμενος.

263 2559 439 2597 Bonan.
504 2560 690 2613 Κωλυθ.)
721 2561 789 2599 Sic
816 2559 872 2598 ΡΙ.
897 2570 936 2598 et
957 2560 1065 2599 Jnnt.
1090 2558 1199 2597 Edd.
1224 2559 1328 2608 (nisi
1352 2558 1467 2612 quod
1489 2559 1530 2597 in
1552 2568 1731 2610 utraque

266 2615 464 2654 mendose
489 2626 552 2655 est
573 2622 684 2663 πολ.)
713 2627 753 2655 et
787 2617 847 2653 sic
874 2630 974 2654 sane
1007 2616 1229 2655 venustior
1257 2629 1403 2655 sensus
1424 2625 1508 2664 est,
1542 2628 1664 2668 quam
1695 2614 1730 2654 si

265 2685 357 2708 cum
381 2672 553 2725 reliquis
574 2677 684 2726 legas
707 2672 1073 2727 κολασθησόμξνος.
1116 2672 1171 2709 So
1183 2687 1282 2711 LAN.
