1834 3188
394 185 491 231 122

823 198 1289 231 .LUCIANI

246 302 376 344 P·833·
389 314 453 338 ται
471 291 516 347 1)
549 290 625 338 οὖν
640 293 845 350 Ὀλύμπια
863 296 910 339 τὰ
925 295 1086 353 μεγάλα,
1120 299 1187 340 καὶ
1210 296 1232 341 ὅ
1247 295 1476 354 Ἠρόδοτος
1496 297 1606 341 τοῦτ’
1626 301 1770 350 ἐκεῖνο,

388 363 504 418 ἥκειν
537 367 578 406 οἱ
600 366 768 418 νομίσας
795 365 866 408 τὸν
893 364 1061 420 καιρὸν,
1095 365 1217 418 οὑω)
1249 366 1415 421 μάλιστα
1448 370 1612 423 ἐγλίχετο
1630 401 1640 417 ,
1671 363 1771 419 πλή-

388 440 552 475 θουσαν
593 431 773 487 τηρήσας
801 432 876 487 τήν
916 430 1142 488 πανήγυριν
1162 437 1233 485 ¹¹),
1277 432 1555 490 ἁπανταχόθεν
1585 434 1664 488 ἤδη
1693 439 1772 476 τῶν

389 498 564 556 ἆρίστων
595 503 901 556 συνειλεγμένων
912 535 922 552 ,

979 501 1194 556 παρελθών
1225 504 1263 552 ἐς
1292 502 1362 545 τὸν
1393 501 1670 558 ὀπισθόδομον
1692 506 1768 553 ⁰),

392 568 440 612 οὗ
463 568 627 622 θεατὴν,
659 566 751 610 ἀλλ’
771 567 996 625 ἄγωνιστήν
1012 566 1252 624 Ὀλυμπίων
1273 578 1454 626 παρεῖχεν
1471 571 1626 622 ἑαυτὸν,
1661 569 1771 628 ξῖδων

388 637 457 688 τὰς
478 640 655 692 ἱστορίας
668 668 678 687 ,
710 640 780 680 καὶ
795 645 927 692 κηλῶν
944 637 1038 689 τούς
1053 639 1280 694 παρόντας,
1314 638 1403 693 α’χρι
1420 645 1493 681 τοῦ
1509 642 1574 682 καὶ
1591 638 1772 687 Μούσας

333 713 361 752 2
388 712 591 759 κληθῆναι
622 723 694 755 τας
723 711 884 762 βίβλους
915 704 1061 760 αὐτου,
1102 710 1215 751 ε’ννέα
1235 710 1303 750 καὶ
1321 707 1444 756 αὐτὰς
1468 707 1603 758 ου’σας.

1641 707 1769 760 ”Ηδη

385 775 458 816 οὖν
481 773 655 823 ἅπαντες
678 770 803 816 αυτὸν
820 775 966 831 ᾔδεσαν
990 776 1092 819 πολυ
1127 783 1299 832 μᾶλλον,
1332 773 1359 829 ἢ
1386 774 1479 825 τοὺς
1495 775 1769 831 Ὀλυμπιονί-

382 861 457 892 κας
487 841 651 891 αὐτούς.
691 845 758 884 καὶ
784 842 859 886 ουίι
890 846 994 887 ε’στιν
1026 844 1129 896 όςτις
1161 843 1336 899 ἀνήκοος
1362 847 1414 898 ἦν
1441 851 1514 887 τοῦ
1532 843 1765 899 Ἠροδότου

381 908 603 964 ὀνόματος,
638 913 679 953 οἵ
695 912 785 964 μὲν,
818 908 931 956 αὐτοὶ
952 911 1200 964 α’κούσαντες
1219 917 1261 957 ἐν
1276 912 1505 971 Ὀλυμπία,
1540 916 1581 955 οἵ
1600 913 1652 962 δὲ,
1683 916 1765 953 τῶν

380 982 424 1023 ἐκ
445 981 497 1035 1²)
529 985 598 1033 τῆς
616 980 880 1036 πανηγύρεως
895 979 1080 1035 ἡκόντων
1106 982 1430 1038 πυνθανόμενοι,
1462 984 1529 1024 καὶ
1550 984 1586 1023 εἷ’
1612 978 1692 1022 πού
1719 996 1764 1035 γε

380 1052 526 1101 φανείη
550 1047 688 1102 μόνον,
720 1051 919 1092 ἐδείκνυτο
943 1048 992 1092 ὂῖν
1014 1055 1057 1101 q)
1092 1057 1147 1108 τῷ
1163 1051 1352 1108 δακτύλῳ·
1389 1054 1582 1093 ΟΥΤΟΣ
1604 1052 1764 1089 ΕΚΕΙ-

381 1122 521 1164 ΝΟΣ,
548 1115 560 1131 “’

376 1183 612 1241 γεγραφώς,
646 1182 667 1227 ὁ
689 1185 759 1235 τὰς·
783 1190 900 1236 νίκας
924 1184 1041 1241 ἡμῶν
1070 1187 1267 1242 ὑμνήσας.
1309 1186 1464 1230 τοιαῦτ’
1488 1188 1637 1234 ἐκεῖνος
1661 1183 1767 1226 cing-

565 1115 775 1171 Ηρόδοτός
796 1119 912 1169 ἐστιν,
945 1115 965 1160 ὅ
988 1117 1058 1168 τας
1077 1119 1201 1174 μάχας
1220 1120 1288 1169 τὰς
1308 1118 1513 1173 Περσικὰς
1529 1115 1653 1159 'locati
1672 1131 1767 1171 συγ-

420 1288 460 1332 1)
489 1285 760 1341 ἐνίσταται]
789 1285 996 1323 ἐνίστανται
1013 1298 1114 1333 2954..
1139 1301 1242 1332 3011.
1292 1291 1356 1333 m)
1385 1290 1464 1332 ov]
1491 1285 1536 1322 οὐ
1558 1288 1673 1320 Reztz.
1709 1287 1758 1328 n)

465 1331 755 1389 πλήθουσαν
782 1332 990 1379 τηρήσας
1013 1335 1094 1380 τὴν
1121 1333 1415 1391 πανήγυριν]
1443 1331 1759 1385 συντηρήσαςτὴν

464 1378 671 1424 πανήγυριν
690 1378 912 1424 πλήθουσαν
935 1394 1035 1427 2934.
1100 1387 1143 1421 o)
1172 1379 1538 1425 ὀπισθόδομον]
1565 1381 1621 1423 ‚‚J.
1647 1379 1758 1412 dubie

462 1439 508 1459 an
532 1425 797 1478 ε’πισθόὸομον
846 1430 996 1462 Ceterae
1015 1436 1114 1461 recte
1132 1426 1259 1463 ὄπισθ.
1266 1430 1290 1446 “
1340 1430 1418 1461 Nec
1438 1440 1514 1461 non
1535 1430 1575 1461 A.
1600 1438 1645 1466 2,
1666 1435 1760 1470 quae

461 1473 556 1506 alias
578 1486 662 1506 eum
684 1475 713 1506 J.
736 1473 848 1506 etiam
876 1476 916 1506 in
946 1475 1044 1506 vmis
1067 1477 1287 1531 conspirare
1317 1474 1422 1509 solet.
1484 1474 1531 1517 p)
1560 1471 1634 1512 ἐκ]
1662 1473 1756 1513 „Gn

462 1515 548 1553 ἀπό.
575 1519 679 1551 Nihil
699 1525 848 1552 mutant
865 1520 958 1554 Edd.
979 1518 1074 1552 sed'
1059 1533 1097 1554 εκ
1114 1521 1189 1554 τῶν
1208 1521 1347 1554 habent
1366 1531 1432 1563 pro
1452 1520 1527 1553 τῶν
1545 1518 1593 1553 ἐκ.
1603 1519 1626 1536 “
1662 1516 1754 1550 Cod.

461 1565 751 1619 2954.l1abet02
781 1563 821 1599 δὲ
849 1566 911 1600 καὶ
929 1579 1003 1599 των
1025 1564 1062 1599 ἐκ
1093 1580 1159 1610 της
1179 1578 1213 1601 π.
1263 1568 1331 1600 Sed
1351 1566 1430 1599 Bel.
1447 1566 1557 1599 malit
1586 1577 1622 1599 οι
1652 1562 1692 1598 δὲ
1714 1561 1753 1598 ἐκ

457 1611 532 1644 τῶν
560 1608 633 1646 α’πὸ
662 1612 726 1655 τῆς
752 1623 788 1644 π.
811 1621 938 1644 errore
971 1613 1134 1656 quodam
1161 1613 1354 1655 seductus,
1383 1612 1426 1644 de
1432 1624 1530 1668 quo
1558 1611 1597 1644 in
1619 1610 1752 1645 Adnot.

461 1660 508 1701 q)
536 1655 785 1692 ἐδείκνυτο
813 1653 895 1701 αν]
922 1656 1110 1693 εδείκνυον
1128 1669 1229 1702 2954
1252 1659 1392 1691 omisso
1414 1655 1482 1699 αἰ,
1511 1657 1612 1702 quod
1633 1656 1752 1689 insci-

455 1709 493 1735 te
522 1704 657 1746 probat
676 1704 752 1739 Bel
775 1704 953 1743 ignorans
982 1716 1092 1738 usum
1123 1705 1328 1759 particula*
1351 1701 1396 1738 ὃὶν
1427 1715 1513 1736 cum
1532 1702 1750 1735 Indicativo.

460 1749 518 1784 Cf.
536 1750 665 1806 Somn.
686 1763 716 1783 e.
730 1761 760 1782 2.
784 1747 894 1785 ὁπότε
913 1749 982 1810 ’γάρ
1002 1747 1187 1808 ἀφεθείην
1200 1747 1275 1785 υπὸ
1291 1751 1363 1785 τῶν
1386 1750 1632 1789 διδασκάλων,
1658 1746 1751 1783 oino-

456 1794 496 1838 ξέ
487 1809 550 1829 ων
576 1792 634 1830 ἂν
658 1794 723 1830 τόν
740 1794 879 1841 κηρόν,
904 1795 930 1841 ἢ
952 1796 1042 1842 βόας
1066 1818 1111 1824 --
1135 1797 1359 1833 οἷνέπλαττον
1381 1809 1410 1832 e.
1431 1810 1463 1830 3.
1487 1797 1511 1831 l.

363 1902 432 1926 sos
456 1887 804 1941 deprehenderet.
856 1889 1028 1929 Instant

365 1944 498 1995 igitur
530 1960 682 1998 magna
712 1946 938 1998 Olympia:
983 1954 1025 1984 et

363 2000 633 2050 Herodotus,
680 2018 763 2040 tvm
788 2004 920 2054 ipsam
943 2017 1032 2054 pu-.

361 2066 478 2105 tans,
541 2059 686 2097 venire
730 2059 812 2095 sibi
857 2069 1023 2111 tempus

360 2114 542 2151 maxime
563 2113 854 2162 desideratum,
881 2114 1021 2153 obser-

360 2179 459 2207 vato
480 2173 608 2221 pleno
628 2171 830 2219 concilio,
867 2173 1018 2208 collec-

359 2224 415 2262 tis
441 2225 630 2278 undique
649 2229 731 2279 jam
756 2202 1016 2278 pr6ceribus,

359 2279 572 2334 ingressus
598 2282 642 2319 in
677 2283 889 2334 posticum
916 2294 1019 2321 tem-

353 2336 416 2389 pli
433 2337 542 2376 Iovis
565 2338 754 2393 Olympii,
790 2353 874 2376 non
901 2353 1018 2391 spec-

357 2402 562 2443 tatorem,
596 2394 667 2434 sed
700 2404 948 2434 certatorem
974 2409 1018 2434 se

358 2447 659 2501 Olympiorum
687 2452 901 2503 professus
932 2460 1015 2499 est,

357 2517 510 2543 canens
539 2505 762 2556 historias,
795 2519 837 2546 et
859 2522 908 2546 eo
941 2522 1021 2545 us·-

358 2572 440 2610 que
463 2560 703 2601 demulcens
728 2564 820 2612 hos,
856 2564 929 2616 qui
951 2563 1021 2602 ad-

357 2626 518 2664 essent,
557 2628 600 2655 ut
632 2620 785 2658 Musae
808 2621 940 2672 ipsius
970 2619 1021 2658 li-

357 2669 445 2719 bri,
481 2673 556 2725 qui
584 2684 626 2712 et
654 2674 738 2726 ipsi
770 2690 923 2715 novem
947 2690 1021 2714 es—

358 2736 475 2776 sent,
508 2740 775 2769 vocarentur.
824 2732 914 2772 Jam
939 2731 1020 2786 igi-

1083 1900 1152 1929 tur
1171 1893 1307 1929 multo
1330 1890 1467 1944 ipsum
1490 1888 1622 1942 magis
1650 1902 1748 1926 nos-

1083 1961 1128 1985 se
1171 1961 1340 1995 omnes,
1396 1960 1520 1999 quam
1558 1945 1746 1983 victores

1082 2003 1198 2055 ipsos
1229 2003 1478 2054 Olympiae;
1524 2015 1601 2040 nec
1633 2015 1744 2049 esse,

1083 2059 1152 2097 cui
1198 2058 1411 2098 Herodoti
1462 2071 1614 2097 nomeu
1654 2071 1743 2094 non

1080 2125 1190 2154 esset
1211 2130 1262 2152 au
1250 2113 1416 2163 ditum,
1450 2114 1606 2166 partim
1629 2112 1746 2166 quod

1080 2171 1164 2223 ipsi
1199 2171 1316 2209 illum
1345 2170 1574 2224 Olympiae
1604 2169 1743 2207 audis-

1077 2237 1192 2275 sent,
1235 2228 1386 2280 partim
1419 2226 1533 2281 quod
1564 2225 1614 2264 ab
1645 2219 1785 2274 his,

1077 2283 1151 2338 qui
1191 2298 1242 2322 ex
1288 2283 1476 2321 concilio
1514 2289 1739 2331 venerant

1076 2339 1369 2392 percontando
1422 2337 1736 2392 percep1ssent;

1076 2406 1118 2435 et
1138 2395 1277 2433 sicubi
1305 2396 1622 2448 conspiceretur
1645 2406 1738 2431 mo-

1080 2451 1158 2500 do,
1223 2451 1359 2504 digito
1399 2448 1734 2497 monstrabatur,

1080 2508 1166 2546 Hic
1188 2507 1260 2545 ille
1278 2506 1522 2546 Herodotus
1550 2515 1633 2554 est,
1667 2504 1737 2543 di-

1080 2566 1258 2611 centium,
1277 2562 1349 2615 qui
1364 2562 1522 2614 proelia
1538 2575 1631 2599 cum
1645 2562 1739 2600 Pen

1079 2620 1135 2657 sis
1150 2620 1300 2656 lonico
1320 2631 1510 2656 sermone
1522 2618 1738 2670 conscrip-

1077 2675 1156 2722 sit,
1216 2674 1289 2726 qui
1332 2674 1532 2712 victorias
1576 2683 1740 2712 nostras

1080 2730 1240 2780 hymno
1266 2729 1508 2770 celebravit.
1539 2730 1666 2770 Hunc
1691 2729 1740 2768 il-
