1834 3188
331 225 382 255 1N
420 223 659 262 QUOMODO
698 223 928 255 Hisronm
966 224 1042 256 ενι·
1078 223 1276 256 consen.
1436 209 1536 260 533

303 322 382 364 Και
402 327 525 364 ταῦτα
553 321 622 375 μὲν
644 324 749 392 δρῶν
771 338 901 372 τιμιος
922 327 1038 370 θεοῖς
1058 323 1146 375 ε’σῃ,

296 379 380 448 ΜΊ,
398 382 504 435 ὅρων
525 378 561 421 δ’
582 375 656 421 ὑπ’
690 374 817 420 αυτοῦ
833 396 903 420 του
929 378 1190 421 διδάσκεσθαι
1210 383 1365 432 φιλεῖν,

296 416 573 501 'Amachz‘hffGn
596 452 760 489 χαριτας
787 439 829 476 αἳ
847 438 986 488 τιμῶσί
1007 450 1060 478 σε.

77 493 131 532 In
153 491 290 545 primo
312 507 435 532 versu
457 493 502 531 in
525 491 777 547 quibusdam
795 491 916 531 libris
938 492 1117 546 legitur,
1150 501 1198 532 ut
1216 492 1289 533 hic
1306 491 1419 547 apud
1442 492 1537 533 Lu-

80 552 260 599 cianmn,
293 548 340 591 σὺ
362 546 404 592 δ’
431 547 474 591 ὦ.
498 566 528 590 τ.
553 548 669 603 quod
697 558 738 588 et
763 548 916 588 rectius
946 548 1130 590 videtur.
1189 549 1327 590 Aliter
1347 551 1536 591 citantur

78 605 242 659 primus
268 615 310 645 et
339 606 489 646 tertius
513 619 656 645 versus
688 603 802 658 apud
823 604 1280 657 Stobaeum5v.Gr-01ii
1299 608 1413 647 Flor.
1435 612 1534 652 261.

75 663 128 703 B.
152 677 321 730 nempe,
355 661 403 704 σύ
428 660 466 704 δ’
493 663 522 704 ὦ
554 659 717 704 κάκιστε
744 667 821 702 παῖ
840 667 948 703 θεῶν
977 679 1017 704 τε
1036 664 1104 704 καὶ
1131 666 1304 715 βροτῶν,
1337 673 1378 703 et
1403 662 1433 718 η“
1452 670 1535 714 τοῖς

73 720 247 791 ἔρωσιν
244 715 290 761 εἰ
294 718 391 773 μενή
397 737 417 767 ς
435 722 664 773 παρίστασο.
724 718 888 757 Primus
911 727 1007 758 ante
1023 718 1199 760 Θνοιίιιηι
1219 720 1280 758 sic
1299 720 1531 774 legebatur,

73 774 128 817 σὺ
150 773 189 817 δ’
214 777 244 817 ὠ
263 776 422 818 κάκίστε
441 774 601 817 πάντων
619 778 728 817 θεῶν
743 792 784 817 τε
804 772 845 816 κ’
867 772 1115 828 ανθρώπων.
1167 775 1247 817 Sed
1267 778 1326 816 ita
1350 791 1372 815 a
1392 776 1534 817 Scali—

71 849 167 886 gero
187 831 450 873 emendatum
473 832 608 872 edidit
628 833 695 872 vir
714 831 786 871 ille
807 846 1004 870 summus.
1035 833 1202 871 SOLAN.
1246 833 1423 874 Luciam·
1443 848 1534 874 ver-

73 890 130 927 ba
154 900 308 929 temere
336 889 592 943 transposita
613 903 634 927 a
655 887 840 927 librariis
862 897 975 926 ratus
1003 905 1081 928 υαη
1102 889 1296 929 Heusde
1285 904 1329 928 m
1352 890 1532 942 Specim.

70 946 184 984 Crit.
205 945 249 983 in
278 944 384 986 Plar.
413 960 452 998 p.
476 948 517 990 5.
543 945 602 984 ita
634 945 787 1001 refingi
817 947 934 985 vult.
963 967 1021 975 ·——
1049 950 1288 1015 τραγωδων,
1319 948 1385 989 καὶ
1411 944 1535 989 τᾶλλα

69 1000 226 1059 μεγάλῃ
247 1007 295 1058 τῇ
317 1020 435 1057 φωνη
466 1000 753 1072 ἀναβοώντων,
783 1003 852 1044 καὶ
871 1005 988 1044 τοῦτο
1009 1001 1200 1053 ἐπιπολῦ,

296 1057 358 1100 zv
382 1059 421 1101 δ’
425 1093 436 1111 ,
470 1077 500 1101 ω
527 1064 638 1101 θεῶν
658 1058 824 1110 τύραννε
842 1054 1125 1124 κςῖνθρηώπων,
1146 1059 1304 1113 ’'E9cog,

72 1112 180 1180 “IZQL
189 1113 238 1168 δὴ
258 1114 403 1170 χειμών
422 1126 501 1157 etc,
525 1116 570 1154 in
594 1115 748 1171 quibus
776 1116 983 1169 quidem
971 1116 1135 1170 lngenii
1159 1116 1355 1158 solertiae
1374 1125 1416 1156 et
1436 1131 1534 1156 acu·

72 1172 182 1211 mini
216 1173 316 1211 satis
348 1172 557 1212 succurrit
582 1173 780 1211 fortunae
809 1173 943 1214 favor.
1002 1173 1104 1211 Non
1137 1183 1273 1213 tamen
1298 1172 1396 1212 ideo
1424 1172 1532 1212 mihi

72 1227 179 1267 Ordo
205 1228 439 1268 verborum
460 1227 686 1267 mutandus
719 1243 808 1268 esse
837 1228 1085 1279 videbatur,
1123 1243 1251 1283 quum
1281 1244 1334 1268 ne
1356 1230 1530 1267 minima

70 1284 241 1339 quidem
275 1286 464 1338 corrupti
501 1284 665 1325 ordinis
699 1285 880 1341 vestigia
912 1295 1162 1340 appareant,
1206 1289 1402 1341 vulgatus
1429 1300 1530 1325 vero

70 1355 158 1379 non
193 1351 312 1380 tanto
339 1342 506 1381 laboret
539 1341 674 1390 vitio,
708 1353 756 1379 ut
787 1343 1026 1381 mutatione
1058 1357 1164 1394 opus
1200 1357 1289 1382 esse
1323 1341 1530 1384 videatur.

68 1398 163 1437 Imo
186 1398 223 1435 si
249 1397 352 1452 quid
374 1408 437 1438 est
466 1398 510 1435 in
533 1397 672 1437 verbis
702 1398 763 1436 sic
794 1398 1002 1437 ordinatis
1031 1398 1221 1448 insoliti,
1255 1398 1369 1451 quod
1390 1398 1533 1438 offen-

71 1453 169 1493 dere
193 1454 350 1505 possit,
383 1456 582 1493 consulto
610 1454 817 1494 Lucianus
845 1456 1131 1503 narrationem
1156 1469 1272 1493 suam
1295 1454 1356 1494 rei
1384 1469 1531 1493 narra-

67 1519 136 1550 tae
156 1511 482 1551 convenientem
507 1510 746 1550 instituisse
767 1511 985 1564 putandus
1008 1520 1082 1552 est.
1147 1512 1242 1553 Καὶ
1271 1516 1422 1553 τοῦτο
1453 1525 1532 1550 au·-

69 1576 152 1607 tem
176 1576 263 1606 est:
295 1566 413 1622 idque
440 1566 619 1622 quidem,
652 1581 791 1620 neque
823 1581 923 1607 vero
955 1567 1008 1607 ad
1039 1581 1205 1606 versum
1234 1569 1444 1619 prolatum
1469 1577 1532 1608 est

69 1623 353 1663 referendum.
419 1624 640 1663 Praeterea
681 1622 899 1665 ἐπιπολὺ
929 1623 1162 1663 secundum
1194 1623 1367 1666 Heusdii
1391 1623 1531 1663 ratio·-

69 1695 164 1719 nem
186 1681 297 1720 foret
317 1682 514 1729 maxime,
546 1682 813 1733 potissimum.
848 1680 962 1736 quod
984 1695 1107 1721 nemo
1128 1681 1254 1722 facile
1272 1680 1530 1735 probaverit.

69 1737 221 1791 Itaque
242 1736 428 1790 vulgatis
446 1736 589 1791 potius
610 1736 838 1776 immanere
859 1736 1068 1789 placebat.
1099 1739 1256 1777 Lnum.

182 1792 290 1832 Ibid.
328 1794 386 1833 Σύ
401 1793 441 1834 δὲ
462 1792 492 1833 ὦ
512 1796 622 1834 θεων
635 1790 827 1847 τυραννε)
855 1792 993 1848 Eur-ip.
1008 1792 1214 1833 Androm.
1229 1796 1344 1836 v.16.
1366 1793 1532 1832 SOLAN.

183 1848 429 1893 Ead.1.10.
467 1846 703 1903 Ἀρχέλαος)
741 1848 910 1904 Quaere
940 1848 1054 1902 apud
1088 1848 1248 1890 Aeliam.
1284 1849 1382 1888 Var.
1418 1848 1532 1890 Hist

72 1915 274 1946 monente
302 1906 390 1946 Jac.
427 1905 486 1960 Up
492 1917 593 1947 tono.
626 1906 794 1945 SOLAN.
856 1906 910 1944 Iu
940 1905 1116 1946 Aeliano
1145 1904 1312 1959 saepius
1347 1903 1536 1944 Occurrit

70 1962 302 2002 Archelaus
329 1976 426 2016 rex3
457 1962 705 2016 tragoedum
731 1961 882 2002 haud'
871 1962 1032 2003 inveni.
1063 1963 1182 2001 Run

185 2018 426 2064 Ead.1.13.
461 2021 831 2073 Παρολισθαίνειν)
863 2018 932 2058 Sic
951 2018 1065 2058 infra
1090 2017 1242 2059 Abdio.
1265 2031 1298 2059 c.
1319 2021 1387 2061 28.
1410 2017 1444 2056 f.
1467 2015 1535 2071 95oe-

77 2077 213 2124 ὁίως’
197 2093 236 2123 ες
255 2074 298 2117 τὸ
315 2074 454 2123 πάθος
474 2081 592 2118 τοῦτο
616 2078 1024 2118 καθολισθαίνουσιν.
1057 2074 1230 2116 somn.

191 2133 292 2186 Pag·
318 2135 459 2176 167.1.
483 2137 522 2175 2
564 2132 1021 2198 Περιπετομένου]
1054 2131 1321 2186 Quamquam
1351 2129 1435 2168 hoc
1458 2127 1535 2167 im-

76 2188 249 2243 proprie
272 2197 415 2252 potest
438 2187 650 2244 intelligi.
683 2188 762 2230 de
750 2189 937 2245 lmagine
959 2188 1103 2228 Persei
1127 2198 1169 2228 et
1188 2186 1418 2235 Medusae,
1450 2184 1534 2222 Ab·

76 2245 303 2283 deritarum
326 2245 467 2283 animo
488 2244 762 2287 obversante:
793 2260 932 2286 tamen
955 2244 1110 2298 respici
1133 2242 1368 2297 putaverim
1393 2240 1443 2280 ad
1460 2255 1535 2280 no

76 2311 166 2339 tum
183 2301 326 2341 Persei
347 2301 430 2340 iter
457 2315 532 2354 per
556 2306 706 2342 ae'rem.
766 2302 820 2342 In
843 2303 928 2343 isto
952 2311 1065 2342 certe
1084 2302 1338 2357 Fragmento
1359 2299 1535 2339 Perseus

74 2357 155 2398 ita:

297 2435 354 2444 -·
381 2436 438 2445 --
467 2412 533 2456 διὰ
552 2432 597 2467 με
582 2415 674 2456 ’σου
697 2413 772 2470 γάρ
794 2416 960 2468 αἰθέρος

304 2471 463 2523 Τὲμνων
493 2489 532 2513 r.
522 2473 709 2522 ἔλευθον,
737 2469 843 2513 πόδα
865 2469 1006 2524 τίθημ’
1035 2468 1264 2524 duom-8901}

302 2528 481 2580 Περσεὺς
501 2527 603 2579 πρὸς
614 2505 714 2581 Ἀρῖν
694 2545 761 2582 ,νος
783 2532 1034 2577 ναυστολῶν,
1066 2526 1110 2570 τὸ
1134 2525 1338 2583 Γοργόνος

301 2582 421 2633 Rapa
449 2587 635 2636 κομίζων.
700 2609 745 2613 -
926 2608 973 2613 -

84 2640 203 2677 Run.
263 2639 332 2679 Cf.
357 2640 471 2680 Ouid.
495 2641 670 2679 Metam.
693 2641 769 2688 IV,
794 2645 889 2684 711.
913 2654 974 2694 sq.
1017 2641 1176 2680 Lzmvx.

198 2693 298 2733 Εαᾶ.
321 2699 349 2734 l.
369 2704 407 2741 3.
430 2697 674 2747 ‘'Evoectoiv.
707 2698 767 2737 ἔνι
795 2714 886 2749 παρ.
901 2697 915 2749 )
946 2698 1063 2737 Solet
1083 2697 1284 2736 Lucienus
1298 2728 1306 2745 ‚
1339 2712 1431 2735 cum
1454 2705 1535 2734 tra-

84 2750 234 2792 latitiis
258 2751 392 2792 utitur
412 2753 590 2794 vocibus
613 2768 688 2807 pro
696 2753 921 2804 verbiisve,
946 2753 1051 2794 illud
1077 2755 1201 2808 φασὶν
1225 2753 1436 2795 adhibere.
1469 2754 1536 2791 An
