1834 3188
358 206 416 235 m
455 203 824 236 uenenorum
860 203 992 237 srvn
1029 204 1265 237 An'rrou.
1437 197 1534 244 481

91 303 245 354 dotus)
264 302 466 342 historiam
486 318 568 341 eam
589 300 763 343 condidit
785 304 826 343 in
845 303 1001 343 Thuriis
1020 305 1059 343 in
1079 302 1215 343 Italia.
1273 303 1377 344 Non
1402 306 1538 362 igitur

91 375 113 401 e
136 359 259 398 Caria
281 362 448 398 solvens
469 359 577 397 adiit
598 360 779 398 Graecos
798 368 840 399 et
859 370 1113 399 conventum
1135 360 1435 414 olympiacum
1449 393 1462 411 ,
1489 373 1539 403 ut

89 415 313 455 historiam
333 429 449 453 suam
469 415 514 452 in
536 428 582 453 ea
605 414 847 453 celebritate
865 417 1086 468 recitaret,
1121 421 1197 468 (ut
1215 416 1299 456 hoc
1317 420 1413 458 loco
1435 420 1539 459 scri·

89 473 154 511 bit
174 471 404 519 Lucienus)
427 472 463 510 si
484 485 570 509 eam
592 480 679 508 tum
702 469 864 510 demum
890 472 1082 525 scripsit,
1115 488 1207 512 cum
1229 475 1366 526 patria
1390 475 1538 516 relicta

89 530 227 567 factus
249 537 312 566 est
332 527 520 565 Thurius
544 527 662 568 civis.
723 527 779 565 At
814 527 959 567 Suidas
992 543 1084 567 cum
1114 529 1249 570 Plinio
1285 539 1327 569 et
1354 531 1538 571 Luciano

88 592 265 638 pugnat.
326 583 395 622 Sic
414 583 526 622 enim
547 582 694 622 scribit
711 583 756 620 in
774 581 1127 639 voce‘Hqicozog·
1157 586 1318 639 μετέστη
1335 586 1377 629 δὲ
1397 588 1439 630 ἕν
1456 587 1540 630 Σά-

87 659 148 698 μῳ
171 637 236 681 διὰ
256 638 467 696 Λύγδτξμιν
497 636 568 680 τὸν
589 635 668 680 οἷπὸ
699 635 936 692 Ἀρτεμισίας
963 643 1095 696 τρίτον
1121 641 1325 694 τύραννον
1352 639 1540 699 Ἀλικαρ-

87 698 256 740 νάσσου.
290 697 331 737 ἐν
352 697 424 738 οὐν
447 699 495 752 τῇ
515 693 641 750 Σάμῳ
674 697 740 736 καὶ
770 694 844 748 τήν
871 694 990 738 Ἰάδα
1016 693 1182 751 ἠσκήθη
1215 698 1443 752 διάλεκτον,
1472 702 1542 743 καὶ

89 756 266 810 ἔγραψεν
297 755 475 805 ἴστορίαν
504 753 545 793 ἐν
574 753 740 805 βιβλίοις
765 750 830 801 θ’,
872 752 916 790 id
953 762 1040 801 est,
1078 756 1229 794 secessit
1254 771 1342 794 vero
1379 757 1542 797 Samum

86 821 245 864 propter
266 808 489 863 Lygdamin
523 809 673 846 tertium
703 807 752 846 ab
781 809 999 848 Artemisia
1024 821 1231 865 tyrannum
1260 811 1545 853 Halicarnassi

77 867 257 924 factum.
317 866 431 902 Sami
446 865 565 915 igilur
581 874 616 902 et
637 862 844 903 dialectum
863 863 1041 905 Ionicum
1059 869 1252 917 exercuit,
1286 879 1321 906 et
1339 869 1543 908 historiam

89 924 245 975 scr-ipsit
263 922 302 958 in
323 919 434 958 libris
450 935 595 960 novem.
658 919 764 973 Quis
785 935 874 959 eam
893 921 1011 960 litem
1030 921 1230 962 dirimet?
1260 923 1413 963 Plinius
1432 925 1543 964 anti·

90 979 228 1032 quior,
260 976 466 1015 Lucianus
484 975 620 1014 omnis
640 976 921 1016 Graecanicae
939 978 1220 1033 antiquitatis,
1244 979 1280 1017 si
1299 981 1393 1033 quis
1413 981 1541 1030 alius,

90 1036 260 1073 callens.
320 1031 464 1070 Suiclas
485 1046 556 1071 sua
583 1033 723 1071 omnia
746 1047 798 1072 ex
829 1033 1017 1087 antiquis
1048 1035 1312 1086 auctoribus,
1356 1037 1430 1090 qui
1462 1051 1542 1076 suo

89 1100 277 1143 tempore
298 1087 543 1139 exstabant,
574 1087 713 1128 habet.
774 1089 1055 1141 Coniecturae
1078 1091 1202 1130 etiam
1236 1092 1440 1146 utrinque
1461 1093 1544 1131 mi·-

87 1147 230 1186 litant.
291 1144 360 1182 Ex
381 1143 578 1182 laudibus
593 1173 603 1189 ,
637 1143 790 1198 quibus
817 1144 984 1184 abunde
1004 1146 1227 1198 perfundit
1249 1147 1540 1198 Artemisiam,

88 1202 260 1242 videtur
290 1215 338 1240 ea
366 1199 608 1252 scripsisse,
652 1199 750 1239 dum
779 1200 853 1239 sub
885 1202 1112 1253 tyrannide
1139 1202 1423 1257 Lygdamidis
1451 1209 1541 1259 ejus

89 1257 302 1297 foeminae
324 1255 495 1309 nepotis
519 1256 704 1297 vivebat.
764 1257 822 1294 At
847 1266 991 1296 contra
1023 1257 1226 1297 dialectus
1250 1260 1425 1310 Ionica,
1458 1275 1542 1314 qua

89 1323 238 1354 exacte
256 1312 411 1363 utitur,
443 1311 610 1363 suadet,
650 1327 743 1350 eum
767 1326 853 1352 non
884 1314 1062 1366 amplius
1091 1314 1436 1354 Halicarnassum
1463 1316 1545 1355 ha·-

88 1370 266 1418 bitasse,
300 1366 469 1422 quando
491 1367 711 1407 historiam
732 1369 921 1421 scripsit:
954 1384 1048 1408 nam
1074 1371 1229 1409 Dorica
1250 1371 1456 1411 dialectos
1478 1370 1542 1411 ibi

88 1426 244 1466 eratin
266 1438 356 1465 usu.
416 1424 567 1477 Itaque
599 1423 767 1479 quando
797 1422 946 1478 ἀπορία
974 1441 1038 1465 me
1067 1435 1264 1480 torquet,
1295 1426 1373 1482 (ut
1402 1428 1542 1468 verbis

90 1482 287 1522 Ciceronis
309 1482 431 1532 utar)
458 1483 579 1519 nullo
608 1480 873 1534 praejudicio
903 1491 944 1521 te
977 1482 1186 1531 onerabo,
1214 1486 1371 1534 lector,
1405 1493 1446 1524 et
1477 1485 1543 1522 in-

88 1548 252 1594 tegrum
296 1535 379 1575 hoc
414 1537 564 1588 σκέμμα
599 1536 679 1575 tibi
722 1538 956 1589 relinquam
1002 1537 1340 1580 examinandum.
1391 1541 1540 1581 Pam.

89 1593 326 1634 Confirmat
349 1591 421 1631 hic
439 1595 581 1641 locus,
613 1592 726 1646 quod
750 1593 928 1647 Scaliger
956 1590 977 1636 ὁ
1002 1592 1111 1635 πάνυ
1144 1595 1189 1632 in
1221 1595 1336 1633 notis
1366 1595 1417 1634 ad
1446 1597 1541 1637 Eas.

91 1650 252 1690 Chron.
286 1663 326 1702 p.
350 1653 442 1691 104.
471 1649 673 1699 asseruit,
715 1649 878 1689 scilicet
905 1660 1001 1689 ante
1029 1650 1226 1703 scriptam
1262 1651 1310 1689 ab
1337 1651 1544 1690 Herodoto

90 1706 336 1754 historiam,
389 1718 514 1758 quam
549 1704 735 1743 Thurios
777 1706 999 1758 trajiceret.
1060 1706 1160 1745 vid.
1203 1707 1327 1745 etiam
1372 1708 1548 1747 Fabricii

90 1760 300 1804 Biblioth.
329 1760 398 1802 Gr.
419 1765 513 1804 661.
571 1760 699 1800 Nihil
721 1771 858 1800 tamen
882 1772 1111 1815 repugnat,
1149 1764 1251 1815 quin
1271 1763 1395 1801 novis
1417 1765 1543 1813 curis,

92 1819 188 1857 dum
206 1816 381 1855 Thuriis
402 1815 601 1871 degebat,
634 1817 809 1868 primam
829 1817 941 1854 illam
963 1818 1194 1856 editionem
1210 1849 1221 1866 ,
1254 1828 1303 1856 ut
1323 1821 1379 1857 ita
1399 1819 1547 1868 dicam,

91 1874 312 1914 Historiae
332 1887 455 1919 suae,
486 1872 761 1923 locupletarit
779 1882 819 1910 et
839 1873 1023 1911 ornarit:
1059 1888 1164 1926 quae
1185 1874 1308 1912 etiam
1331 1875 1549 1913 nobilissi-

90 1930 150 1970 mi
170 1929 390 1982 scriptoris
410 1929 561 1981 nuperi
583 1927 830 1981 Humphrecli
850 1928 1057 1968 Pridcaux
1076 1930 1282 1968 sententia
1306 1940 1389 1980 est3
1422 1945 1548 1983 quem

90 1985 190 2027 vide
212 1985 257 2027 P.
283 1986 316 2026 I.
335 1985 389 2026 L,
415 1985 490 2025 VI.
515 1985 703 2023 Gallicae
724 1994 860 2024 autem
893 1999 913 2022 a
935 1999 1000 2023 me
1022 1985 1158 2024 factae
1185 1986 1391 2024 versionis
1414 1988 1462 2024 Τ.
1487 1988 1547 2028 ΙΙ.

91 2057 135 2094 p.
160 2046 254 2085 206.
289 2041 457 2080 Sonam.
517 2040 658 2078 Etiam
685 2040 928 2094 TVessdingii
948 2040 1050 2079 haec
1069 2051 1131 2080 est
1150 2041 1357 2081 sententia
1383 2042 1426 2080 in
1447 2042 1547 2081 Vita

92 2097 328 2148 Herod0t13
359 2111 436 2136 nec
456 2111 541 2136 non
566 2097 788 2137 Larclzerus
810 2097 853 2134 in
893 2098 968 2136 Vie
996 2096 1034 2134 d‘
1067 2097 1284 2137 Herodote
1316 2098 1446 2136 simili
1479 2113 1549 2137 ra-

93 2153 214 2193 tione
238 2152 421 2192 diversas
443 2152 542 2191 istas
565 2152 828 2192 narrationes
850 2152 962 2192 inter
983 2167 1024 2191 se
1047 2154 1309 2194 conciliavit.
1341 2155 1498 2193 Lmrm.

207 2208 309 2248 Eud.
331 2211 360 2247 l.
381 2213 420 2251 7.
452 2206 790 2263 Συγγραμμάτια)
829 2209 1151 2249 Diminutivum
1184 2209 1296 2248 istud
1325 2211 1418 2265 quis
1441 2211 1552 2249 ferat:

95 2265 147 2306 de
177 2263 391 2304 Herodoti
423 2263 601 2303 historia
628 2265 909 2315 usurpatum?
941 2266 1045 2303 Eam
1073 2276 1233 2313 autem,
1267 2279 1387 2318 quam
1412 2264 1550 2305 habe—-

94 2337 212 2372 mus,
259 2335 346 2359 non
377 2320 459 2358 alia
495 2321 675 2372 scripta,
726 2319 940 2373 intelligi,
991 2322 1211 2374 sequentia
1242 2320 1545 2361 demonstrant.

94 2379 214 2433 Lege
239 2391 360 2431 ergo,
394 2390 485 2415 meo
517 2377 730 2429 periculo,
772 2375 924 2414 invitis
952 2376 1070 2415 libris
1101 2376 1317 2427 omnibus,
1351 2375 1549 2431 συγγράμ-

95 2452 210 2488 ματα.
252 2434 420 2472 SOLAN.
479 2433 594 2471 Ferri
624 2445 745 2484 posse
778 2431 1108 2470 Deminutivum
1144 2432 1292 2481 credo,
1335 2433 1458 2472 modo
1494 2449 1547 2473 ex

97 2490 232 2543 ipsius
251 2488 466 2528 Herodoti
488 2498 625 2526 mente
652 2487 809 2525 dictum
842 2487 1038 2539 accipias.
1102 2487 1237 2539 Quam
1263 2489 1468 2528 rationem
1487 2500 1548 2529 et-

96 2546 178 2584 iam
207 2545 392 2586 Gesnerus
423 2542 732 2597 quodammodo
764 2544 997 2594 expressit,
1040 2553 1230 2582 vertens:
1275 2554 1355 2582 tum
1387 2547 1421 2584 si
1452 2542 1548 2599 quial

97 2605 324 2655 scripsisset.
355 2602 513 2640 LEHM.

210 2657 311 2696 Εαιῑ.
333 2659 359 2697 1.
382 2661 448 2700 12.
482 2655 583 2698 Κατ’
604 2654 740 2710 ὀλίγον
762 2651 958 2709 ἀγείρων)
1003 2653 1055 2694 V.
1085 2668 1198 2710 supr.
1228 2655 1388 2710 Catapl.
1422 2672 1454 2700 c.
1482 2662 1545 2701 17,

98 2713 262 2752 Rzrrz,

144 2781 292 2814 Lucian.
320 2780 398 2816 Vol.
427 2783 492 2816 IV.
1186 2769 1228 2807 ῙῙ
1246 2766 1273 2806 h
