1834 3188
281 176 384 222 442
641 187 1396 218 ADNOTATIONssas

282 285 398 341 quo'd
418 299 494 351 per
511 298 705 325 nummos
726 285 795 336 fit,
829 284 1151 338 opponiturque
1169 285 1334 339 priscae
1357 287 1555 326 mercium
1576 301 1742 339 permu-

279 344 462 382 tationi.
495 356 622 396 quare
642 340 843 395 καπηλική
859 344 971 395 τέχνη
992 351 1034 382 et
1053 343 1278 394 καπηλικόν
1298 354 1410 384 recte
1431 344 1611 383 vertitm
1631 362 1741 383 num-

279 400 450 439 mularia
473 413 538 452 ap.
561 399 730 438 Aristot.
749 399 784 437 I.
808 399 938 438 Polit.
966 412 1055 451 cap.
1080 403 1120 441 9.
1142 399 1217 437 ubi
1240 400 1304 438 bis
1329 409 1392 438 ter
1414 415 1636 440 occurrens
1658 401 1742 440 hoc

282 456 476 504 verbum,
509 469 587 494 nec
606 469 694 494 non
719 455 865 508 capitt.
888 468 980 508 sqq.
1006 454 1145 494 videri
1164 465 1317 508 potest.
1349 457 1511 496 Rmauz.

394 511 498 550 Ibicl.
552 509 829 565 Κερασᾶμενοί
860 514 929 566 γε)
975 512 1137 566 Aquam
1162 514 1430 553 immiscentes.
1469 515 1615 553 Bnon.
1686 514 1741 553 In

281 567 534 607 venditione
555 568 651 612 vini
671 569 883 620 triplicem
905 569 993 608 fere
1015 569 1205 608 fraudem
1225 583 1463 622 cauponum
1484 579 1638 609 notant
1667 585 1743 610 ve-

279 635 413 663 teres:
456 624 571 679 quod
601 623 708 663 illud
738 623 930 671 diluant,
970 625 1299 678 mangonizent,
1343 634 1384 665 et
1411 627 1517 665 falsa
1549 641 1743 667 mensura

278 679 479 720 vendant.
546 679 712 720 Casaub.
739 680 790 719 ad
815 681 1007 734 Theopkr.
1027 681 1151 723 Char
1173 697 1214 735 P·
1237 686 1333 725 244.
1375 683 1540 722 SOLAN.

392 736 491 790 Pag.
512 742 579 781 83.
601 739 628 776 l.
650 744 691 782 3.
728 740 823 789 Ἀρα
855 736 1005 789 ταύτὰ)
1044 738 1139 792 ’Λρα
1164 743 1287 779 ταῦτα
1308 737 1427 807 ‘Edd.
1455 739 1575 793 Lege
1603 735 1741 782 ταύτά.

279 794 458 833 GUYET.
516 795 662 862 Rogat
681 795 992 833 Hermotimum
1014 795 1257 847 Luci-anus,
1299 792 1320 837 ἆ
1340 791 1625 844 διδάσκαλος
1603 813 1624 837 ο
1648 795 1740 847 σὸς,

278 851 357 903 ἀρα
378 855 500 890 ταῦτα
517 851 620 904 πρὸς
637 847 743 902 ὗμᾶς
761 851 860 906 λέγει
876 848 1090 905 ὁσημέραι,
1122 852 1188 892 καὶ
1206 852 1297 905 περὶ
1314 857 1392 893 τῶν
1412 848 1567 901 αὐτῶν,
1598 849 1626 905 ἦ
1643 850 1742 893 α’λλα

277 904 439 957 αλλοτες
467 905 594 948 πολλὰ
617 905 694 975 γάρ
725 909 817 949 ἐστι.
875 906 1105 976 πρόδηλον,
1147 908 1177 949 ὠ
1207 905 1414 961 {vaips-‘1³2¹
1447 906 1519 950 οὐκ
1553 906 1604 950 αἰ)
1634 908 1741 957 εἰκός

277 964 332 1004 ε’τι
351 963 567 1016 παρέμενες
588 959 698 1013 αὐτῷ
717 961 817 1004 κατὰ
841 961 909 1005 τὸν
924 960 1128 1005 Ὀδυσσέα
1152 968 1396 1018 περινοστῶν
1405 995 1417 1014 ,
1457 966 1524 1006 καὶ
1553 970 1741 1034 περιπλα-

275 1017 478 1072 νώμενος,
512 1022 548 1061 εἰ
564 1017 611 1061 τὰ
635 1017 735 1061 αὐτὰ
759 1021 904 1074 ἔλεγεν,
945 1016 1037 1061 ἄλλ’
1055 1016 1242 1074 ἄπέχρη’
1226 1021 1276 1063 οἷν
1303 1036 1366 1063 σοι
1386 1022 1453 1062 καὶ
1480 1019 1586 1071 ἅπαξ
1617 1019 1740 1063 οἰκού-

278 1092 410 1126 σαντι,·
442 1076 660 1124 Vertitur,
691 1076 923 1130 Praecepto)
939 1087 1027 1114 inus
1048 1094 1138 1115 num
1160 1078 1256 1116 haec
1275 1077 1448 1132 quotidie
1476 1077 1572 1116 dicii
1602 1077 1736 1126 υοόἰς,

277 1144 311 1170 ct
334 1133 380 1170 sle
396 1132 533 1171 iisdem
551 1132 809 1188 verbasacit,
843 1149 894 1171 an
912 1148 1001 1172 vero
1022 1132 1125 1171 alias
1140 1132 1224 1171 alia
1240 1133 1457 1187 proponit?
1491 1133 1617 1171 mulia
1638 1136 1739 1172 enim

274 1200 384 1237 sunt,
417 1200 459 1226 ut
476 1199 605 1241 patei,
638 1192 773 1228 amice.
836 1190 907 1228 An
926 1204 1004 1227 non
1019 1205 1105 1228 vero
1125 1192 1349 1239 etiamnum,
1382 1200 1424 1228 ut
1440 1206 1515 1243 par
1529 1199 1603 1238 est,
1633 1190 1741 1242 apud

273 1247 400 1297 ipsum
421 1247 547 1283 instar
574 1245 720 1294 Ulyssis
743 1245 1029 1293 circumeundo,
1046 1257 1080 1284 et
1100 1245 1314 1285 oberrando
1330 1246 1533 1299 perduras,
1553 1247 1589 1284 si
1606 1245 1740 1285 eadem

274 1301 472 1366 loquitur-3
505 1300 567 1340 vel
587 1294 660 1340 ti'bi
681 1304 778 1341 satis
799 1313 854 1341 est
878 1301 1034 1356 aliquid
1064 1301 1181 1340 semel
1204 1301 1474 1342 inaudivisse?
1512 1301 1594 1341 Sed
1627 1302 1740 1340 nihil

276 1358 432 1395 certius
455 1360 575 1410 juxta
607 1369 648 1397 et
678 1358 971 1408 manifestius,
1017 1371 1140 1410 quam
1171 1373 1249 1425 pro
1283 1361 1457 1427 vulgato
1487 1363 1610 1400 ταῦτα
1637 1358 1742 1411 πρὸς

273 1431 343 1465 υμ
332 1418 378 1461 εἷς
397 1415 499 1467 λέγει
520 1411 732 1467 ὁσημέραι,
765 1414 992 1468 legendum
1010 1412 1135 1455 ταύτά
1152 1432 1191 1455 π
1211 1433 1247 1456 v.
1270 1419 1303 1455 λ.
1325 1412 1360 1457 ὅ.
1392 1416 1514 1454 Patet
1535 1429 1587 1454 ex
1607 1428 1652 1453 re
1674 1416 1739 1469 ip-

275 1484 342 1518 sa,
375 1479 416 1507 et
436 1471 728 1522 sequentibus.
790 1472 894 1509 Duo
914 1481 1056 1524 rogat,
1091 1481 1230 1509 utrum
1251 1473 1451 1525 magister
1470 1471 1613 1510 eadem
1633 1485 1739 1511 sem-

275 1540 375 1578 per,
410 1541 461 1564 an
486 1525 718 1565 identidem
747 1527 828 1564 alia
850 1537 1079 1579 proponat.
1141 1527 1486 1578 Respondebat
1475 1542 1589 1579 ipse,
1629 1527 1739 1565 illud

276 1596 365 1620 esse
387 1581 615 1636 πρόδηλον·
655 1582 823 1621 scilicet
851 1583 933 1620 alia
966 1582 1198 1622 identidem
1229 1583 1439 1636 proponi,
1483 1598 1576 1622 cum
1605 1587 1738 1622 multa

275 1637 364 1675 sint
386 1638 666 1688 excutienda,
699 1648 740 1676 et
772 1638 975 1691 discipuli
1006 1649 1229 1692 propterea
1261 1641 1436 1692 longum
1463 1649 1626 1691 tempus
1660 1639 1738 1679 de-

275 1693 403 1731 beant
425 1693 650 1733 adhaerere
675 1694 966 1747 praeceptori:
999 1710 1092 1733 nam
1118 1696 1152 1732 si
1177 1694 1319 1733 eadem
1339 1710 1500 1747 semper
1519 1709 1739 1747 propone-

273 1760 439 1798 rentur,
474 1749 686 1790 sufficeret
708 1753 774 1789 vel
796 1754 925 1790 semel
949 1750 1174 1789 audivisse.
1233 1751 1317 1789 Res
1341 1766 1415 1802 per
1443 1765 1486 1789 se
1509 1754 1635 1803 plana
1660 1762 1737 1793 est.

272 1806 408 1845 Immo
445 1810 526 1859 jam
557 1806 686 1846 video
717 1821 804 1846 non
838 1808 961 1846 aliter
986 1806 1132 1847 haberi
1168 1808 1211 1844 in
1245 1806 1436 1846 editione
1463 1809 1577 1848 Flor.
1608 1809 1734 1849 JENS.

275 1862 419 1900 Secuti
443 1877 585 1901 sumus
608 1864 661 1903 L.
687 1872 729 1903 et
750 1862 859 1903 Cod.
883 1865 947 1903 Fl.
979 1878 1101 1916 quem
1135 1863 1286 1902 Jensins
1317 1863 1525 1915 inapexit‚
1560 1864 1656 1916 qui,
1687 1873 1738 1903 ut

275 1917 320 1955 id
342 1918 480 1958 obiter
499 1933 688 1959 moneam
704 1951 715 1969 ‚
749 1919 894 1958 differt
911 1920 981 1958 hic
1003 1934 1024 1958 a
1044 1921 1105 1961 Fl.
1126 1919 1198 1972 qui
1220 1919 1415 1959 Oxoniae
1436 1920 1479 1957 in
1496 1919 1736 1959 Bibliothe-

273 1988 318 2012 ca
341 1975 567 2028 Bocllejana
592 1985 840 2015 asservatur.
900 1977 951 2015 In
990 1975 1232 2015 Oxoniensi
1265 1976 1378 2014 enim
1406 1975 1483 2014 illo
1512 1976 1736 2016 manifeste

270 2035 412 2080 ταῦτα,
442 2041 491 2069 ut
510 2042 552 2070 et
569 2032 613 2069 in
633 2033 785 2084 reliqq.
804 2031 899 2072 edd.
919 2033 1089 2085 legitur.
1123 2032 1290 2070 SOLAN.

385 2087 486 2126 ΕαιΖ.
510 2090 538 2125 1.
560 2092 598 2131 4
634 2086 804 2128 Πολλοὶ
834 2086 927 2143 γάρ
960 2090 1066 2130 ἐστι
1095 2088 1203 2139 etc.]
1246 2088 1364 2126 Haec
1393 2087 1519 2127 verba
1548 2087 1610 2126 sic
1638 2103 1734 2126 mu-

271 2143 400 2182 tanda
421 2144 587 2182 censuit
608 2144 833 2183 Schmzeclei
827 2160 901 2183 us
931 2168 987 2174 —
1015 2168 1072 2174 —-
1100 2142 1227 2186 πολλα
1243 2141 1318 2198 γάρ
1337 2144 1428 2185 ἔστι.
1460 2148 1598 2186 EPM.
1623 2142 1732 2199 Πρό-

271 2204 418 2253 δηλον,
452 2194 484 2240 ὦ
505 2202 646 2264 enuclea.
702 2206 836 2241 ΛΥΚ
855 2196 1007 2242 Ἠουκ
1029 2198 1079 2241 ἂν
1100 2212 1179 2239 etc.
1240 2201 1318 2250 At,
1352 2200 1387 2238 si
1405 2199 1605 2239 mutanda
1628 2200 1733 2240 haec

269 2271 366 2297 vere
389 2256 502 2302 sint,
533 2257 704 2302 nescio,
741 2256 894 2310 quidni
918 2257 1063 2313 potius
1086 2257 1147 2295 sic
1173 2257 1423 2297 videantur:
1475 2262 1612 2298 EPM.
1639 2262 1732 2298 πολ-

270 2311 319 2352 λὰ
340 2311 415 2367 γάρ
437 2313 528 2354 ἐστι.
587 2317 720 2355 ΛΤΚ.
743 2311 983 2367 Πρόδηλον,
1018 2315 1210 2366 ώὲταῖρε·
1241 2311 1269 2365 ἢ
1291 2330 1365 2354 ουκ
1392 2310 1442 2354 ἂν
1465 2323 1544 2353 etc.
1602 2313 1727 2362 Nam,

271 2369 306 2406 si
332 2369 436 2421 quid
469 2369 647 2409 omnino
679 2379 791 2409 recte
815 2370 976 2420 sentio,
1020 2370 1318 2423 compellatio,
1363 2372 1392 2411 ὥ
1425 2372 1548 2423 ἑταῖρε
1560 2402 1570 2418 ,
1613 2383 1730 2407 nunc

272 2425 460 2463 omnium
484 2426 661 2465 minime
684 2426 727 2464 in
751 2427 1086 2472 Hermotimum,
1129 2425 1268 2466 valide
1289 2426 1339 2464 ab
1371 2426 1504 2465 amico
1537 2424 1730 2463 adversa-

271 2481 333 2517 rio
356 2480 406 2518 ad
431 2482 585 2520 incitas
607 2482 846 2532 redactum,
888 2481 1035 2520 cadere
1060 2491 1238 2535 poterat
1299 2483 1479 2530 Verum,
1515 2491 1560 2518 ut
1581 2483 1726 2519 statim

270 2550 352 2572 xem
378 2537 511 2588 ipsam
530 2548 722 2593 tangam,
755 2538 867 2577 nihil
889 2553 1059 2591 prorsus
1079 2539 1122 2576 in
1147 2538 1225 2577 hac
1247 2537 1451 2577 sermonis
1473 2537 1607 2575 forma
1626 2553 1726 2575 mu-

270 2600 300 2627 t
303 2590 443 2629 undum
464 2604 539 2634 est.
599 2596 697 2647 Ipse
724 2595 922 2647 Lycinus
943 2594 1138 2633 sibil1.l.
1171 2594 1343 2633 nomine
1371 2594 1624 2632 Hermotimi
1655 2609 1726 2633 re·-

272 2647 475 2696 spoudet,
509 2664 629 2701 persu
637 2651 869 2689 1sissimum
891 2650 1075 2700 habens,
1108 2665 1244 2703 neque
1269 2650 1387 2688 illum
1409 2650 1532 2687 aliter
1555 2665 1725 2702 lespon-

273 2701 368 2741 dere
392 2717 527 2755 posse.
590 2708 881 2747 Hermotimus
915 2717 1078 2756 autem,
1123 2721 1251 2760 quum
1284 2704 1439 2745 deinde
1468 2705 1519 2744 ad
1549 2706 1722 2746 eandem
