1834 3188
340 229 660 260 HERMOTIMUS
697 227 805 259 SIVE
841 227 907 258 DE
943 226 1117 260 SECTIS.
1360 221 1421 265 81

142 335 281 373 EPM.
314 322 404 383 Ἆρ’
438 321 513 370 οὖν
542 326 724 386 περιῄεις
744 330 788 378 ⁸)
819 322 998 376 ἅπαντας
1030 326 1074 368 ἕν
1097 323 1232 382 κύκλῳ
1260 327 1354 379 τούς
1377 332 1419 374 ἔν
1431 341 1561 383 P·?98·

29 403 79 456 τῇ
96 397 212 441 πόλει
236 396 467 451 καπήλους,
499 391 811 452 ἀπογευόμενος,
840 396 907 438 καὶ
931 394 1210 450 παραβάλλων,
1242 399 1311 440 καὶ
1330 396 1420 443 οἶντ-

0 484 3 485 ’
30 465 221 517 εξετάζων
250 465 345 515 τούς
376 468 535 516 οἷ’νουςς

139 538 274 576 ΛΤΚ.
312 531 520 587 Οὐδαμῶς.

139 607 278 644 ΕΡΜ.
313 601 403 654 Χρὴ
425 599 520 657 γὰρ,
553 598 688 652 οἶμαί,
723 611 787 640 σοι
805 603 863 655 τῷ
888 598 1034 659 πρώτῳ
1054 607 1215 660 χρηστῷ
1231 606 1299 648 καὶ
1316 604 1413 665 οῗξίῳ

27 668 231 726 ἐντυχόντι
252 668 548 723 ἀποφέρεσθαι.

142 745 279 782 AYK.
314 736 383 790 Νὴ
406 741 496 779 Δία.

140 812 278 849 ΕΡΜ.
312 808 391 847 Καὶ
410 803 493 847 α’πό
513 822 556 860 γε
573 809 644 846 τοῦ
662 802 799 859 ὀλίγου
819 805 975 848 ἐκείνου
995 804 1214 862 γεύματος,
1244 808 1342 866 εἶχες
1361 811 1414 857 ἄν

27 877 151 919 εἰπεῖν
174 873 314 923 ὁποῖος
339 872 444 922 ἅπας
467 871 489 915 ὅ
510 871 624 922 οἶνός
642 874 771 925 ἐστινς

138 948 272 985 ΛΤΚ.
306 941 433 996 Εἶχον
458 940 549 997 γάρ.

139 1017 276 1054 EPM.
310 1014 364 1052 Εἰ
383 1011 424 1052 δὲ
446 1012 495 1063 δὴ
518 1013 645 1066 ἔλεγες
670 1007 906 1065 προςελθών
924 1016 1009 1060 τοῖς
1028 1010 1246 1065 καπήλοις,
1279 1016 1414 1072 ἐπειδὴ

23 1078 199 1134 κοτύλην
217 1083 415 1134 πρίασθαι
437 1078 660 1134 βούλομαι,
693 1078 783 1121 δότε
805 1096 896 1133 μοι,
931 1074 963 1120 ὦ
983 1074 1116 1131 οὗτοι,
1147 1083 1296 1126 ἐκπιεῖν
1320 1083 1416 1128 ὅλον

23 1148 188 1196 ἕκαστος
205 1144 318 1200 ’ὑμῶν
349 1146 419 1190 τὸν
441 1151 592 1197 πίθον,
626 1144 679 1196 (ὃς
699 1146 764 1188 διὰ
792 1145 945 1196 παντὸς
962 1147 1207 1198 ἐπεξελθών,
1237 1151 1416 1208 μα’θοιμι

26 1213 131 1265 ὅςτις
155 1213 304 1270 α’μείνω
332 1214 403 1258 τὸν
427 1215 541 1259 οἶνον
559 1218 656 1270 ἔχει,
688 1217 756 1257 καὶ
785 1213 884 1257 ὅθεν
909 1234 978 1269 μοι
1009 1213 1208 1270 ω’νητέον·
1240 1224 1277 1262 εἰ
1300 1223 1414 1264 ταῦτ’

23 1284 172 1338 ἔλεγες,
204 1281 278 1325 οὐκ
310 1281 360 1325 ἂν
393 1286 467 1326 οἴει
498 1280 758 1339 καταγελάσαι
790 1298 864 1325 σου
892 1280 1066 1332 αὐτούς·
1099 1288 1134 1327 εἰ
1162 1287 1204 1328 δὲ
1229 1289 1295 1329 καὶ
1323 1290 1416 1332 ἔπι-

24 1352 146 1393 πλέον
162 1353 387 1404 ἐνοχλοίης,
419 1348 510 1405 τάχ’
533 1351 583 1393 ἂν
603 1354 668 1394 καὶ
687 1352 875 1404 προςχέαι
892 1356 965 1394 τοῦ
983 1351 1152 1405 ὕδατοςς

136 1423 274 1461 ΛΥΚ.
313 1419 433 1472 Οἶμαι
454 1422 594 1475 ἔγωγε,
626 1421 694 1461 καὶ
724 1417 858 1460 δίκαιά
881 1417 922 1475 γ’
946 1418 995 1462 ἂν
1016 1419 1208 1475 πάθοιμι.
1425 1451 1555 1487 Ρ,799,

137 1491 279 1528 ΕΡΜ.
314 1486 429 1529 Κατα
458 1485 582 1528 ταῦτα
608 1485 655 1540 δη
684 1505 750 1528 και
779 1488 820 1528 ἐν
843 1491 1088 1542 φιλοσοφίᾳ·
1118 1492 1155 1530 τί
1176 1493 1238 1532 δεῖ
1263 1492 1414 1535 ἐκπιεῖν

723 1551 732 1566 2
783 1551 792 1566 7

22 1551 152 1609 τόνῒ)
183 1557 330 1604 πίθον,
374 1558 624 1609 δυναμένους
657 1551 713 1597 α’π
769 1558 906 1610 ολίγου
934 1560 1010 1598 τοῦ
1038 1555 1236 1611 γεύματος
1268 1561 1413 1604 εἰδέναι

25 1618 172 1664 ὁποῖον
194 1622 237 1665 τό
265 1628 347 1665 πᾶν
369 1625 496 1676 {oum

69 1725 108 1767 s)
135 1722 374 1772 περιῄεις]
404 1727 460 1760 Ita
489 1727 585 1771 Seyb.
605 1726 838 1770 accuratius,
867 1738 981 1773 quam
1007 1726 1173 1774 reliquae
1203 1739 1331 1763 omnes
1353 1741 1414 1765 πε-

119 1768 245 1815 ριῄεις.
299 1778 339 1815 t)
365 1770 472 1814 τόν]
500 1773 604 1806 abest
624 1786 644 1806 a
665 1784 765 1817 2954,

85 1863 222 1906 Herm.
254 1867 361 1903 Tum
385 1880 484 1920 ergo
511 1865 690 1904 circum-

29 1920 120 1959 ibas
154 1922 313 1960 circulo
347 1936 490 1961 omnes
520 1923 563 1959 in
588 1923 692 1962 urbe

31 1991 257 2029 caupones,
272 1977 499 2031 degustans
519 1989 560 2018 et
580 1993 693 2017 com-

31 2047 206 2085 parans,
250 2044 292 2073 et
322 2036 432 2074 inter
460 2049 504 2074 se
538 2037 692 2075 confe-

30 2103 125 2128 rens
149 2091 245 2128 vina
261 2090 281 2128 ἱ)

87 2146 188 2199 Lyc.
222 2146 406 2186 RTinime
428 2162 541 2189 vero.

90 2202 227 2243 fler-m,
259 2201 424 2241 Sufficit
451 2205 563 2243 enim
588 2203 693 2254 tibi,

34 2268 140 2311 puto
157 2288 166 2305 ,
202 2259 245 2295 in
270 2258 382 2311 quod
412 2260 590 2310 primum
613 2257 696 2300 be-

34 2329 134 2352 num
157 2324 198 2353 et
222 2313 396 2368 dignum
422 2316 560 2367 pretio
582 2317 697 2354 inci-

36 2370 169 2419 deris,
204 2369 254 2410 de
282 2385 332 2410 eo
361 2371 583 2409 ferendum
615 2372 696 2410 tibi

37 2441 195 2469 curare.

92 2484 195 2538 Lyc.
226 2484 307 2522 Per
336 2484 500 2524 Jovem.

95 2541 233 2581 Plerm.
282 2541 339 2577 Et
375 2539 424 2578 de
459 2554 591 2592 parvo
624 2541 700 2579 ilio

44 2606 169 2648 gustu
201 2596 340 2635 dicere
374 2606 565 2648 poteras,
600 2597 702 2635 uni-

42 2663 207 2690 versum
231 2653 375 2691 vinum
398 2655 522 2705 quale
543 2653 614 2692 sit.

101 2708 199 2761 ch.
232 2710 427 2747 Poteram
449 2710 574 2747 enim.

103 2764 239 2806 Herm
284 2764 329 2802 Si
360 2778 460 2803 vero
498 2764 701 2805 accedens

89 2832 237 2864 Lucum.
266 2831 346 2864 V.0l
373 2833 441 2864 IV.

752 1864 803 1904 ad
830 1880 1044 1919 caupones
1068 1865 1244 1917 diceres,
1281 1882 1414 1921 quan·

752 1922 982 1975 doquidem
1009 1937 1143 1962 emere
1167 1925 1260 1962 vini
1280 1924 1415 1964 hemi·-

752 1993 846 2018 nam
872 1982 986 2029 volo,
1013 1979 1108 2017 date
1129 1980 1247 2029 mihi,
1274 1996 1297 2020 o
1324 1981 1412 2027 isti,

752 2035 920 2074 ebibere
954 2045 1090 2074 totum
1125 2037 1305 2092 quisque
1332 2037 1416 2076 do-

752 2092 879 2142 lium,
934 2102 1002 2141 ut,
1054 2092 1128 2129 ubi
1157 2107 1230 2145 per
1270 2107 1414 2132 ornnes

754 2149 864 2199 iero,
909 2148 1167 2201 intelligam,
1201 2150 1295 2204 quis
1323 2164 1419 2188 me·-

751 2205 836 2243 lius
862 2205 1006 2243 vinum
1033 2204 1206 2253 habeat,
1239 2216 1280 2245 et
1303 2205 1417 2245 unde

752 2261 860 2298 mihi
893 2260 1114 2300 emendum
1146 2262 1216 2302 sit.
1297 2263 1417 2300 Haec

755 2317 791 2354 si
819 2316 958 2364 dicas,
1001 2332 1087 2355 non
1122 2327 1269 2370 putas,
1303 2328 1344 2357 te
1365 2316 1416 2355 ab

756 2372 840 2410 illis
884 2373 1067 2411 derisum
1115 2374 1192 2411 iri:
1242 2374 1276 2411 si
1317 2387 1416 2412 vero

757 2431 961 2467 molestus
995 2442 1082 2466 esse
1099 2443 1271 2481 pergas,
1306 2430 1419 2468 forte

759 2483 883 2522 etiam
904 2498 1012 2536 aqua
1048 2484 1099 2520 iri
1121 2484 1374 2536 perfusum?

816 2540 914 2590 Ιμ·
962 2539 1175 2590 Equidem
1215 2541 1418 2581 arbitror:

761 2609 837 2633 nec
861 2594 934 2632 fiat
954 2595 1060 2632 mihi
1079 2596 1247 2648 injuria.

818 2651 956 2689 Herm.
991 2651 1148 2690 Eadem
1173 2653 1305 2704 igitur
1324 2652 1421 2705 phi-

760 2706 982 2758 Iosophiae
1009 2708 1132 2748 ratio.
1195 2708 1309 2762 Quid
1334 2709 1422 2748 ebi-

761 2763 858 2801 bere
886 2761 1045 2801 dolium
1076 2778 1183 2816 opus
1207 2775 1293 2812 est,
1326 2779 1421 2804 cum

1113 2821 1145 2857 F
