1834 3188
1360 193 1424 239 85

352 204 672 236 ΗΕΒΜΟΤΙΜῊὸ
707 203 816 235 SIVE
851 203 917 232 DE
952 203 1122 233 sEc'ms.

35 310 160 361 χεῖρα,
194 300 248 354 ὥς
265 305 379 354 ἴδοις,
411 297 489 359 ἆρα
509 298 584 345 οὖν
601 305 706 357 ἔχοις
725 299 776 344 ἂν
798 304 920 344 εἰπεῖν
939 303 994 350 εἷς
1015 302 1144 344 ἐκεῖνο
1164 296 1417 358 ἀποβλέπων,
1432 323 1469 357 p.
1482 317 1561 352 802.

36 376 72 417 εἰ
97 375 166 415 καὶ
194 375 235 415 οἵ
263 374 466 427 ἐρέβινθοι
494 372 691 428 καθαροὶ,
734 371 801 413 καὶ
828 373 869 413 οἱ
893 371 1020 424 φακοὶ
1048 367 1247 422 εὐτακεῖς,
1280 372 1348 414 καὶ
1380 374 1423 415 οἵ

30 441 180 496 κύαμοι
207 438 255 483 οὗ
285 440 487 493 διιέκενοις

145 514 284 552 ΕΡΜ.
322 506 534 562 Ου’δαμῶς.

141 583 276 620 AYK.
315 574 378 619 Ου’
398 580 537 620 τοίνυν
559 573 654 619 ου’δὲ
679 578 928 629 φιλοσοφίαν
954 572 1037 630 (ἔφ’
1064 575 1167 630 ἓνὸς,
1190 570 1247 620 ὧν
1266 579 1308 629 ι’)
1339 575 1420 632 φή-

30 658 90 689 σει
109 663 168 694 τις
187 651 262 687 τοῦ
279 645 464 701 πρώτου,
497 643 648 700 μάθοις
665 650 708 696 ⁵)
740 644 791 687 ἂν
815 643 973 687 ἅπασαν
993 643 1114 688 ὁποία
1134 644 1174 701 t)
1207 648 1333 688 ἐστίν·
1367 662 1417 688 ου

26 714 101 770 γὰρ
124 716 167 756 ἕν
188 733 224 756 τι
240 709 313 768 ἦν,
347 713 474 765 ὥςπερ
504 710 677 765 ὁοῖνος,
712 710 821 772 ᾧπερ
845 712 892 756 σύ
922 710 1048 766 αὐτὴν
1073 711 1322 765 ἀπεικάζεις,
1356 710 1407 754 ἆ-

29 786 124 834 ξιῶν
144 782 287 836 ὁμοίαν
309 783 356 836 ¹²)
392 782 492 825 εἶναι
513 787 569 840 τῷ
587 781 762 837 γεύματι.
801 781 844 824 τὸ
865 783 906 824 δὲ
925 779 1102 837 ἑτεροῖόν
1122 800 1160 824 τι
1181 781 1329 836 ὤφθη,
1363 775 1414 824 οὗ
1427 789 1558 834 p·805·

29 853 232 906 παρέργου
250 855 321 904 τῆς
338 851 549 901 ἐξετάσεως
568 849 775 905 δεόμενον.
808 850 919 894 οἶνον
938 853 1008 906 μὲν
1026 850 1101 908 γὰρ
1123 857 1279 905 φαῦλον
1297 853 1415 905 πρία-

33 927 152 970 σθαι,
185 921 226 961 ἐν
249 923 365 961 δυοῖν
393 918 555 973 ὀβολοῖν
576 917 596 961 ὃ
620 923 831 970 κίνδυνος,
864 917 987 962 αὐτὸν
1011 922 1053 962 δέ
1075 938 1163 962 τινα
1182 922 1222 962 ἐν
1243 924 1300 976 τῷ
1319 933 1414 974 συρ-

29 992 140 1042 φετῷ
166 994 508 1041 παραπολεῖσθαι,
549 990 615 1030 καὶ
646 986 764 1038 αὐτὸς
782 991 829 1041 x)
862 990 904 1031 ἐν
934 987 1035 1046 ἆρχῇ
1055 988 1101 1043 y)
1134 991 1318 1041 ἔφησθα,
1365 981 1414 1029 οὗ

27 1055 170 1111 μικρὸν
193 1055 293 1098 εἶναι
313 1059 353 1106 z)
382 1055 527 1098 κακόν’
560 1055 686 1107 ἄλλως
703 1075 754 1108 τε,
790 1054 810 1099 ὁ
831 1057 900 1112 μὲν
921 1056 1013 1100 ὅλον
1033 1055 1153 1108 ἀξιῶν
1173 1059 1322 1099 ἐκπιεῖν
1343 1053 1415 1098 τόν

26 1128 179 1175 πίθον,
223 1121 276 1173 ὥς
304 1123 476 1178 κοτύλην
508 1128 689 1179 πρίαιτο,
731 1125 927 1180 ζημιώσαι
948 1129 995 1177 a)
1027 1123 1078 1168 ἂν
1110 1124 1181 1168 τὸν
1212 1122 1411 1178 κάπηλον,

117 1239 190 1260 nec
206 1228 260 1260 M
282 1233 389 1260 notat
407 1227 566 1262 S‘olanue.
573 1228 597 1246 “
648 1230 688 1261 V
685 1242 721 1260 οι
723 1237 765 1262 ει
787 1228 949 1271 conjecit
966 1247 1009 1254 —
1032 1228 1196 1263 ποικίλα.
1220 1224 1348 1280 πρόςει
1365 1223 1413 1270 δη

121 1285 165 1308 συ
187 1280 257 1306 etc.
281 1280 315 1306 et
335 1274 388 1306 sic
405 1275 451 1304 B
452 1274 549 1305 ·-lt'nus
569 1274 710 1307 tradit
700 1286 739 1306 111
761 1275 851 1309 Cod.
857 1287 973 1330 2954.
993 1275 1087 1319 legi
1115 1274 1337 1317 scripsitque
1357 1273 1410 1304 sic

118 1321 233 1352 Sc.l1m
285 1321 330 1352 At
353 1319 423 1351 vid.
445 1319 581 1353 Adnot.
631 1323 672 1361 r)
701 1315 788 1363 ων]
814 1318 886 1363 ,,ὂν
912 1323 1029 1353 Vorsl.
1055 1321 1127 1353 Sed
1148 1320 1243 1352 nihil
1261 1324 1412 1352 mutant

117 1366 218 1399 J.F1.
242 1367 287 1399 H.
310 1366 422 1398 Par.“
471 1367 548 1398 Nec
571 1366 683 1409 digna
706 1368 840 1399 Porsm
864 1368 1101 1408 conjectura,
1129 1377 1221 1412 quae
1241 1365 1335 1398 serio
1353 1375 1411 1396 re-

118 1411 275 1446 futetur.
327 1414 365 1451 s)
392 1410 596 1455 μα’θοις]
626 1414 729 1445 Hanc
743 1414 994 1453 conjecturam
1011 1415 1154 1445 &sueri
1172 1411 1314 1454 reperio
1335 1413 1410 1464 jam

118 1458 159 1491 in
180 1459 219 1492 B.
242 1470 273 1501 3.
293 1457 452 1511 editam,
480 1469 547 1490 nec
567 1470 642 1490 non
676 1458 765 1491 hinc
788 1459 826 1491 in
848 1460 944 1503 Seyb.
994 1459 1100 1502 Vulg.
1118 1455 1250 1501 μάθοι.
1300 1457 1337 1498 t)
1366 1452 1412 1490 ὁ-

115 1504 252 1549 ποία]
283 1504 392 1547 vulg.
419 1483 544 1539 ὁποῖα.
596 1505 834 1538 Correximus
858 1506 1012 1540 vitium
1048 1505 1148 1546 quod
1176 1504 1275 1537 idem
1308 1509 1342 1535 et
1367 1502 1408 1535 111

114 1551 223 1583 Halo.
247 1562 278 1583 c.
305 1562 332 1584 1.
357 1556 446 1583 extr.
468 1562 488 1583 a
508 1551 613 1584 nobis
638 1557 846 1584 correctum
868 1551 907 1583 in
923 1542 1014 1583 voce
1037 1550 1096 1586 οἷα
1120 1551 1282 1610 vulgafa.
1354 1550 1408 1591 u)

119 1592 319 1640 ὁμοίαν]
347 1593 458 1639 ὁμοία
479 1606 584 1650 29543
626 1599 670 1635 x)
697 1610 780 1632 και
805 1593 978 1640 αὐτὸς]
1005 1610 1083 1639 ,,ως
1103 1597 1165 1631 καὶ
1186 1592 1322 1638 αὐτὸς]
1349 1596 1408 1628 Ita

116 1644 209 1677 Edd.
258 1642 328 1676 Sed
360 1643 464 1675 abest
496 1640 545 1682 ὤς
573 1643 612 1676 in
638 1644 678 1678 P.
685 1645 707 1662 “
765 1644 969 1677 Omisimus
997 1644 1121 1686 itaque
1151 1655 1234 1676 cum
1270 1642 1405 1683 δι’,Ιιηι-

113 1690 296 1735 probante
330 1690 477 1722 Gesnero
504 1697 542 1723 et
568 1689 648 1732 ipso
677 1692 781 1722 Reiz!
788 1692 835 1727 io
904 1693 952 1734 y)
979 1688 1026 1723 ἐν
1053 1688 1194 1735 αρχῇ]
1220 1689 1406 1741 glossema

111 1736 333 1769 videbantur
351 1735 439 1767 haec
451 1736 688 1775 Schmitdmm
715 1736 777 1768 sed
797 1747 883 1768 mox
903 1749 934 1769 c.
957 1736 1010 1780 63.
1029 1736 1079 1770 in.
1103 1737 1210 1769 verba
1232 1736 1299 1778 εἴγε
1319 1730 1406 1777 οἷλη-

113 1784 168 1826 θῆ
187 1780 295 1826 ἔλεγες
312 1779 348 1814 ἐν
371 1777 464 1826 ἀρχῇ
487 1781 624 1814 intacta
644 1782 796 1826 reliquit
815 1781 912 1814 idem
933 1783 997 1814 Vir
1019 1783 1162 1816 doctus.
1192 1784 1405 1833 Quamnam

115 1840 203 1873 ergo
221 1836 386 1860 secutum
409 1828 536 1860 credas
555 1828 746 1869 judicandi
765 1829 962 1861 normam?
1024 1834 1063 1871 z)
1091 1827 1243 1870 εἶναι]
1271 1826 1325 1870 εἰη
1355 1838 1403 1859 αν

113 1876 369 1918 conj.5e‹1ger.
421 1874 500 1906 Vid.
526 1875 659 1909 Adnot.
729 1877 771 1918 a)
800 1874 1061 1919 ζημιώσαι]
1091 1876 1151 1908 Sic
1173 1874 1402 1906 correximus

111 1921 307 1965 vulgatum
326 1920 458 1953 vitium
477 1921 670 1964 ζημιωσαι.
709 1922 926 1954 Sc'lzmiederz
943 1921 1042 1954 enim
1061 1923 1159 1963 conj.
1179 1918 1401 1964 ζημιώσαιτο

22 2013 157 2054 cimen
180 2013 293 2052 tibi'
282 2029 325 2052 111
349 2029 516 2052 manum
541 2013 677 2066 daret,

20 2081 69 2109 ut
100 2070 268 2122 videas3
310 2070 514 2125 numquid
546 2071 678 2119 igitur

20 2141 165 2180 posses
185 2129 257 2164 illo
287 2127 478 2180 inspecto
504 2127 674 2177 videre,

20 2197 72 2222 an
97 2184 219 2221 etiam
243 2197 392 2234 purum
419 2184 541 2233 cicer,
564 2187 677 2222 mol-

17 2240 70 2278 lis
101 2238 152 2277 ad
189 2238 453 2293 coquendum
484 2243 595 2286 lens,
634 2244 676 2280 et

17 2296 142 2335 fabae
166 2310 252 2334 non
279 2309 417 2333 cassae
434 2295 455 2333 ἶ)

73 2353 209 2392 Herm.
245 2352 534 2405 Nequaquam.

72 2409 173 2463 Lyc.
207 2409 322 2461 Ergo
359 2421 495 2459 neque
527 2406 676 2457 philo—

18 2465 212 2518 sophiam
267 2464 315 2502 ab
366 2478 451 2502 uno
503 2464 672 2515 aliquo,

20 2521 130 2577 quod
155 2522 334 2573 primum
365 2521 459 2573 quis
495 2519 675 2568 dixerit,

21 2578 254 2617 universam
278 2576 504 2624 didiceris,
540 2577 676 2628 qualis

22 2634 93 2673 sit.
158 2634 308 2687 Neque
341 2648 469 2671 unum
514 2632 677 2686 aliquid

23 2698 132 2739 erat,
170 2700 218 2728 ut
252 2691 420 2739 vinum,
463 2690 531 2729 cui
554 2699 599 2726 tu
621 2689 678 2727 il-

22 2749 106 2788 lam
143 2746 369 2797 assimilas,
419 2756 460 2787 et
498 2745 676 2785 similem

798 1995 822 2009 d

739 2029 827 2055 esse
852 2014 997 2069 gustui
1023 2017 1239 2068 postulas:
1283 2022 1325 2051 at
1347 2012 1401 2050 il-

736 2074 818 2110 lam
837 2076 962 2124 plane
985 2070 1194 2110 diversum
1215 2068 1318 2123 quid
1339 2083 1402 2107 es·

736 2143 778 2167 se
804 2128 1003 2180 apparuit
1022 2159 1032 2177 ‚
1069 2127 1184 2178 quod
1208 2128 1401 2178 explora-

735 2185 856 2223 tione
891 2198 976 2222 non
1008 2183 1300 2236 perfunctoria
1325 2182 1400 2219 in—

735 2240 891 2293 digeat.
925 2241 1084 2278 Vinum
1107 2241 1217 2278 enim
1243 2241 1398 2276 malum

734 2311 869 2335 emere
901 2296 1092 2349 periculo
1133 2295 1314 2334 duorum
1345 2307 1398 2332 o-

733 2352 927 2391 bolorum
948 2361 1138 2390 constat:
1171 2351 1310 2402 ipsum
1327 2364 1398 2389 ve-

733 2423 780 2446 ro
796 2408 1033 2462 aliquemin
1049 2408 1293 2445 colluvione
1306 2421 1395 2459 per-

734 2464 795 2502 ire
831 2479 924 2501 cum
964 2465 1136 2512 ceteris,
1189 2463 1280 2514 ipse
1313 2463 1396 2500 ini-

738 2521 799 2557 tio
818 2519 985 2557 dicebas
1007 2533 1092 2557 non
1115 2533 1287 2570 parvum
1306 2533 1395 2558 esse

737 2579 902 2613 malum.
949 2575 1168 2613 Caeterum
1192 2575 1283 2626 ille,
1318 2575 1394 2629 qui

736 2641 871 2670 tOtuln
891 2631 1058 2670 ebibere
1070 2631 1229 2670 dolium
1250 2641 1395 2683 postu-

735 2691 816 2735 let,
849 2698 896 2727 ut
926 2687 1080 2727 deinde
1110 2698 1220 2728 emat
1251 2688 1395 2726 hemi-

735 2758 829 2784 nam
846 2777 856 2794 ‚
889 2758 1122 2799 cauponem
1146 2744 1300 2785 damno
1322 2744 1395 2784 illa
