1834 3188
233 619 288 662 25

172 703 210 737 p.
224 690 304 737 764..
317 686 427 739 κριόν
445 679 582 733 κάμνω
596 714 607 732 ,
638 682 803 733 πολίτης
824 681 1033 732 ἐπιθυμῶν
1055 678 1242 731 γενέσθαι
1261 679 1328 720 καὶ
1349 673 1472 724 αὐτὸς
1494 673 1599 717 οὕτω
1618 693 1699 716 κα-

309 232 376 279 36

656 473 717 489 ‘ss'

787 237 1199 270 LUCIANI

163 362 203 396 p.
215 347 296 396 765
311 340 401 397 ἄχρι
422 338 525 422 πρὸς
553 339 627 393 τὴν
658 336 798 388 πόλιν,
831 332 972 378 αυτίκα
1001 334 1108 389 μάλα
1139 336 1308 388 πολίτην
1329 334 1432 380 εἶναι
1453 338 1500 386 ¹)
1529 338 1688 384 τοῦτον,

311 410 416 460 όςι-ις
445 427 495 451 αν
512 412 561 464 ἡ,
593 409 660 449 καὶ
688 403 870 460 ἰσότιμον
899 403 1036 447 α’πασι.

1087 403 1130 445 τὸ
1150 403 1213 453 δὲ,
1244 407 1409 458 χείρων,
1438 402 1467 457 ἢ
1487 406 1691 458 κρείττων,

309 477 338 533 ’ἢ
359 476 617 557 εὐπατρίδης,
648 493 672 528 η
695 491 887 531 αγενυης,
917 470 946 526 ἢ
966 476 1130 523 δοῦλος,
1162 469 1190 525 ἢ
1211 469 1444 527 ἐλεύθερος,
1479 470 1573 514 οὕὸὲ
1591 471 1695 520 όλως

316 546 439 597 εἶναι,
468 544 496 598 ἢ
518 547 702 600 λέγεσθαι
728 545 770 585 ἐν
791 548 843 598 τῇ
863 541 988 584 πόλει.

435 618 572 655 ΕΡΜ.
600 609 750 668 ΓΟρᾷς·,
785 606 815 652 ὦ
835 616 1013 660 Λυκῖνε,
1047 606 1101 657 ὦς
1129 603 1177 650 οὗ
1199 607 1349 663 μάτην,
1384 604 1478 649 οὐδὲ
1504 609 1594 662 περὶ
1624 625 1697 661 μι-

317 756 388 805 λῆς
407 751 472 792 καὶ
493 744 727 802 εὐδαίμονος
747 745 929 799 πόλεως,·

431 821 570 860 ΛΥΚ.
614 817 694 856 Καὶ
725 813 800 870 γὰρ
833 813 974 865 αὐτὸς,
1025 809 1057 856 ὦ
1084 812 1318 870 Ἑρμότιμε,
1359 817 1440 854 ταῖν
1474 808 1606 853 αὐτῶν
1637 825 1703 853 σοι

320 889 414 942 ἐρῶ,
445 887 513 927 καὶ
529 880 604 926 οὐκ
628 884 729 924 ἔστιν
752 881 793 933 ὅ,
809 901 845 924 τι
864 882 914 924 ἄν
929 900 997 935 μοι
1017 882 1093 935 πρὸ
1112 882 1263 924 τούτων
1289 879 1479 934 εὐξαίμην
1497 881 1702 935 γενέσθαι.

321 956 444 1008 εἰμὲν
467 948 540 995 οὖν
562 955 732 1005 πλησίον
751 946 804 1005 ἦν
826 948 852 1005 ἦ
874 950 1010 1001 πόλις,
1041 953 1107 993 καὶ
1129 949 1284 1004 φανερὰ
1310 953 1408 991 ἰδεῖν
1439 946 1584 998 ἅπασι,
1618 945 1705 988 πά-

321 1029 384 1066 λαι
405 1020 478 1072 ἂν,
511 1015 557 1063 εὖ
574 1023 683 1072 ἰ’σθι,
717 1020 837 1074 μηδὲν
871 1018 1106 1068 ἐνδοιάσας,
1139 1017 1259 1068 αὐτὸς
1286 1017 1371 1075 ᾔειν
1397 1019 1436 1066 εἷς
1458 1013 1608 1069 αὐτὴν,
1641 1016 1706 1056 καὶ

324 1089 609 1143 ἐπολιτευόμην
639 1086 690 1130 ἂν
719 1091 762 1131 ἐκ
788 1093 947 1130 πολλοῦ.
980 1089 1063 1130 ἐπεὶ
1097 1088 1159 1138 δὲ,
1195 1084 1247 1135 ὥς
1275 1083 1387 1139 ὑμεῖς
1415 1102 1534 1137 φατε,
1566 1081 1642 1136 (σῦ
1664 1100 1707 1126 τε

325 1161 393 1203 καὶ
427 1155 618 1206 ‘Hsiooog
644 1155 665 1198 ὁ
693 1155 916 1213 ῥαψῳδὸς)
956 1155 1064 1197 πάνυ
1101 1154 1241 1210 πόῤῥω
1271 1153 1514 1211 ἀπῴκισται,
1552 1150 1709 1206 ἀνάγκη

328 1231 455 1280 ζητεῖν
485 1223 582 1267 ὁδόν
603 1242 643 1266 τε
672 1223 747 1278 τὴν
767 1223 944 1280 ἄγουσαν
978 1223 1042 1266 ἐπ’
1063 1222 1213 1276 αὐτὴν,
1246 1224 1313 1264 καὶ
1329 1219 1505 1277 ἡγεμόνα
1524 1218 1593 1263 τὸν
1610 1219 1710 1276 ἄρι-

329 1310 437 1338 στον.
469 1292 497 1344 ἢ
519 1290 592 1335 οὔκ
616 1294 690 1334 οἷέι
711 1292 758 1334 σύ
784 1291 887 1334 οὕτω
909 1297 1051 1346 χρῆναι
1070 1293 1112 1345 Ὺ)
1142 1296 1294 1342 ποιεῖνς

443 1366 586 1403 ΕΡΜ.
621 1362 701 1402 Καὶ
718 1364 803 1409 πῶς
829 1357 879 1402 ὃὲν
905 1361 1030 1409 ἄλλως
1051 1363 1162 1403 ἔλθοι
1184 1377 1267 1410 τις,·

444 1433 582 1471 ΛΥΚ.
620 1426 785 1470 Οὐκοῦν
808 1430 871 1471 σοὶ
890 1429 960 1482 μὲν
980 1430 1044 1470 ἐπὶ
1061 1428 1105 1483 z)
1136 1425 1180 1470 τὸ
1200 1424 1502 1480 ὑπισχνεῖσθαι,
1536 1425 1603 1467 καὶ
1625 1423 1715 1478 φά-

378 1531 422 1577 x)
449 1528 609 1574 εἶναι]
639 1529 778 1572 ,,ὄντα]
809 1529 903 1567 εἶναι
934 1531 1155 1576 Ang1.etP.
1189 1527 1280 1565 ὄντα
1302 1528 1397 1564 Edd.
1420 1539 1548 1561 omnes
1577 1534 1612 1561 et
1631 1528 1716 1561 Ms‘

421 1579 603 1610 Reitzzum
626 1578 740 1610 secuti
764 1585 850 1611 sunt
870 1585 1023 1614 reeent‘c.

421 1635 524 1656 mam
553 1622 712 1656 duorum
736 1625 854 1659 Codd.
879 1625 1078 1658 lectionem
1111 1623 1308 1667 prae-ferme

421 1670 527 1714 ναι]
556 1670 688 1714 χρῆναι
707 1666 804 1704 ου’τω
821 1682 924 1714 30¹¹·
944 1671 1022 1710 Bel,
1042 1671 1157 1704 Schm

331 1761 487 1812 fuerit,
518 1777 612 1801 eum
636 1763 768 1803 civem
789 1778 877 1803 esse
899 1777 997 1802 con-

332 1819 482 1868 tinuo,
514 1829 554 1858 et
576 1834 710 1872 aequo
731 1823 846 1872 jure,
882 1820 997 1873 quis-

336 1875 431 1929 quis
454 1875 615 1929 alioqui
638 1876 791 1915 fuerit:
825 1878 903 1916 ista
925 1891 996 1915 au-

335 1941 420 1970 tern
451 1934 629 1982 nomina,
670 1932 874 1982 deterior,
908 1947 999 1971 me·-

334 1988 434 2037 ]ior‚
467 1989 641 2038 nobilis,
676 1989 893 2042 ignobilis,
916 2003 998 2028 ser-

336 2057 441 2093 vus,
474 2044 603 2094 liber,
638 2060 772 2099 neque
797 2060 882 2084 esse
913 2060 999 2084 om-

337 2099 469 2149 nino,
526 2114 666 2153 neque
708 2102 920 2140 nominari
954 2102 1000 2139 in

337 2169 385 2194 ea
407 2165 596 2196 civitate.

394 2211 532 2250 Herm.
564 2212 775 2261 Videsne,
806 2214 1000 2265 Lycine,

339 2282 459 2321 quam
501 2282 587 2306 non
629 2270 810 2318 frustra,
862 2285 998 2322 neque

340 2325 482 2376 parvis
503 2323 552 2363 de
572 2324 692 2362 rebus
714 2325 896 2364 laborem
902 2327 999 2379 ,qui

343 2380 450 2417 civis
494 2381 662 2433 cupiam
704 2381 794 2420 fieri
832 2392 872 2420 et
908 2383 1000 2446 ipse

342 2435 543 2487 pulchrae
573 2437 678 2477 adeo
702 2447 744 2477 et
772 2437 919 2476 beatae
943 2439 998 2476 ci·

339 2491 522 2530 vitatis?

397 2547 495 2601 Lyc.
525 2548 633 2586 Nam
662 2560 825 2604 egomet
848 2566 1000 2590 eorun-

342 2602 459 2653 dem,
515 2618 692 2656 quoru-n
735 2618 1001 2657 tu,amo1e

342 2657 499 2712 flagro:
533 2674 669 2712 neque
688 2672 763 2712 est,
786 2664 901 2715 quod
926 2665 1000 2702 mi-

341 2714 388 2752 hi
413 2727 509 2754 ante
536 2716 616 2754 ista
649 2719 768 2769 (prae
788 2722 901 2769 istis)
932 2735 1001 2758 ve·

340 2770 415 2809 lim
439 2772 701 2826 contingere.
761 2774 805 2812 Si
832 2775 999 2830 quidem

1073 1580 1150 1610 Nos
1171 1576 1377 1609 consultius
1401 1575 1569 1608 duximus
1588 1574 1718 1617 legiti-

1382 1625 1425 1665 y)
1455 1633 1579 1654 ουτω
1605 1633 1716 1665 χρη-

1221 1670 1258 1711 z)
1288 1667 1364 1703 σοὶ
1387 1680 1438 1711 με
1424 1679 1471 1701 ν
1497 1664 1596 1711 ἐπὶ]
1623 1668 1713 1711 „Sic

1055 1762 1189 1816 igitur
1213 1762 1254 1799 in
1274 1760 1520 1814 propinquo
1541 1772 1649 1800 esset
1668 1762 1718 1800 il-

1054 1821 1093 1857 la
1127 1819 1301 1865 civitas,
1346 1827 1386 1857 et
1416 1819 1640 1857 manifesta
1670 1818 1718 1857 in

1057 1885 1286 1928 conspectu
1325 1874 1540 1923 omnium,
1583 1875 1714 1920 olim,

1058 1931 1178 1970 crede
1200 1930 1322 1980 mihi,
1347 1931 1437 1983 ipse
1460 1930 1572 1968 nihil
1591 1945 1716 1970 cunc-

1056 1997 1169 2026 tatus
1204 1987 1255 2025 ad
1294 2002 1378 2027 eam
1414 1986 1715 2038 perrexissem,

1059 2054 1098 2083 et
1121 2045 1226 2082 civis
1252 2045 1366 2081 illius
1389 2057 1517 2082 essem
1543 2058 1564 2081 a
1585 2046 1717 2097 longo

1060 2100 1160 2138 inde
1191 2111 1393 2150 tempore.
1454 2099 1560 2137 Cum
1589 2114 1712 2147 vero,

1059 2166 1107 2193 ut
1131 2171 1204 2194 vos
1227 2156 1395 2205 dicitis,
1428 2165 1473 2193 tu
1503 2170 1652 2207 nempe
1675 2165 1719 2195 et

1059 2212 1275 2250 Hesiodus
1300 2212 1616 2250 consarcinator
1649 2212 1721 2251 ille

1059 2270 1310 2317 carminum,
1343 2271 1471 2322 longo
1492 2268 1719 2307 admodum

1059 2326 1198 2378 spatio
1260 2335 1420 2363 remota
1478 2324 1717 2375 habitetur,

1058 2395 1228 2419 necesse
1266 2391 1327 2419 est
1359 2392 1400 2419 et
1430 2379 1565 2430 viam,
1612 2394 1719 2432 quae

1060 2437 1178 2475 ducit
1217 2437 1266 2475 ad
1308 2438 1447 2484 illam,
1493 2450 1715 2488 quaerere,

1059 2503 1100 2532 et
1120 2493 1266 2531 ducem
1290 2493 1508 2543 optimum.
1543 2493 1608 2529 An
1630 2506 1719 2530 non

1059 2560 1182 2602 putas
1206 2549 1287 2587 hoc
1307 2547 1514 2601 agendum
1531 2547 1552 2586 ἱ)

1117 2606 1251 2645 IIe17n.
1285 2606 1335 2641 Et
1354 2618 1430 2658 qua
1453 2604 1533 2641 alia
1552 2604 1720 2643 ratione

1059 2662 1280 2715 petveniat
1302 2660 1490 2713 aliquis?

1115 2717 1214 2768 [ἧς.
1259 2718 1396 2769 Igitur
1430 2725 1632 2768 quantum
1666 2715 1719 2754 ad

1059 2773 1407 2828 promissionem,
1439 2782 1481 2810 et
1516 2773 1719 2812 scientiae
