1834 3188
1354 195 1448 244 151

67 307 257 359 μοτικῶν,
291 301 373 347 οἷοί
394 305 469 347 εἶσι
487 303 584 358 παρ’
607 299 744 353 αὐτοῖς
762 306 804 346 οἵ
820 302 1040 354 ὀκτάποδες
1059 302 1324 359 καλούμενοι·
1353 312 1444 350 τοῦ·
1456 322 1493 356 p·
1507 317 1585 358 859.

418 204 659 236 SCYTHA
706 204 817 236 SEU
852 205 1094 237 HOSPES.

66 393 109 417 το
130 374 205 417 δέ’
189 389 290 425 εστι,
319 370 391 415 δύο
417 377 524 427 βοῶν
555 370 750 426 δεσπότην
770 371 892 424 εἶναι,
924 375 992 416 καὶ
1011 370 1164 427 ἁμάξης
1184 380 1289 428 μιᾶς.
1323 370 1444 427 οὗτος

66 441 88 486 ὅ
114 443 279 497 Τόξαρις
300 438 389 484 οὐδ’
409 439 630 493 ἆπῆλθεν’
618 443 672 483 ε’τι
692 437 819 482 ὀπίσω
839 443 877 490 ἐς
894 440 1080 493 Σκύθας,
1114 438 1198 484 ἄλλ’
1219 440 1442 497 Ἀθήνῃσιν

64 508 242 554 ἀπέθανε
262 513 317 558 e)
350 512 415 551 καὶ
443 504 528 562 μετ’
554 506 600 550 οὗ
620 507 722 551 πολύ
746 510 813 550 καὶ
845 527 955 561 ηρως
973 512 1102 562 ε’,δοξε
1134 513 1203 553 καὶ
1223 513 1442 566 ἐντέμνου-

62 594 126 623 σιν
146 577 257 634 αὕτῳ
276 579 383 635 Ξένῳ
404 574 548 634 Ἰατρῷ
568 572 609 632 f)
641 580 682 620 οἷ
693 575 916 630 Ἀθηναῖοι·
945 583 1065 621 τοῦτο
1084 597 1158 634 γαρ
1177 580 1358 634 τοῦνομα
1374 584 1437 632 g),
1453 590 1488 625 P·
1501 581 1582 619 860

58 646 170 703 η’ρως
193 644 427 701 γενόμενος,
459 647 711 699 ἐπεκτήσατο.
758 644 834 699 τὴν
864 643 906 688 δ’
938 649 1068 689 αἰτίαν
1093 653 1165 701 τῆς
1192 649 1438 703 ἐπωνυμίας,

57 719 126 759 καὶ
146 711 247 757 ἄνθ’
274 713 368 756 ὅτου
387 715 426 763 ἒς
445 712 540 762 τούς
558 711 694 768 ἥρωας
713 715 899 770 κατελέγη
918 710 987 768 ¹¹),
1018 717 1088 757 καὶ
1108 721 1186 758 τῶν
1201 712 1438 771 Ἀσκληπια-

61 789 141 828 δῶν
171 782 229 833 εἷς
260 785 412 833 ἔδοξεν,
445 777 494 824 ού
521 788 653 836 χεῖρον
682 785 777 832 ἴσως
804 781 1098 838 διηγήσασθαι,
1130 782 1185 833 ὥς
1209 784 1366 839 μάθητε
1386 783 1438 829 οὗ

57 854 246 901 Σκύθαις
266 849 393 905 μόνον
416 848 629 904 ἐπιχώριον
653 848 699 894 ὂν
722 850 1057 902 ἀπαθανατίζειν,
1090 852 1159 893 καὶ
1177 856 1344 906 πέμπειν
1361 872 1436 896 πα-

56 923 107 978 ρα
125 921 163 975 ί)
192 919 263 963 τὸν
277 917 485 973 Ζάμολξιν,
503 916 598 961 ἄλλα
617 921 686 962 καὶ
702 916 934 973 Ἀθηναίοις
954 922 1098 970 ἐξεῖναι
1116 927 1326 963 θεοποιεῖν
1341 920 1437 972 τούς

54 990 222 1039 Σκύθας
254 990 316 1032 ἐπὶ
343 992 412 1041 τῆς
436 986 641 1036 Ελλαδος.

51 1060 183 1109 ε’δοξεν
200 1054 226 1111 ’ἦ
241 1054 485 1110 Ἀρχιτέλους
502 1055 628 1143 γυΙνὴ,
656 1050 941 1111 Ἀρεοπαγίτου
963 1052 1136 1110 ανδρὸς,
1167 1056 1378 1100 ἐπισταντα
1394 1061 1436 1101 οἵ

50 1126 121 1171 τὸν
139 1123 313 1178 Σκύθην
346 1119 555 1166 κελεῖσαι1
567 1126 584 1176 )
617 1126 739 1166 εἰπεῖν
761 1120 1016 1177 Ἀθηναίοις,
1049 1123 1109 1167 ὅτι
1137 1123 1360 1168 παύσονται
1375 1144 1430 1183 τῳ

711 985 824 1029 Κατα
844 982 893 1040 k)
923 987 993 1031 τὸν
1024 987 1164 1042 λοιμὸν
1188 988 1258 1031 τὸν
1291 990 1431 1067 μέγαν,
1459 989 1488 1030 2

50 1199 177 1250 λοιμῷ
194 1191 389 1246 ἐχόμενοι,
419 1189 471 1244 ἢν
490 1191 583 1241 τοὺς
603 1190 830 1241 στενωπούς
849 1195 945 1248 οἷ’νῳ
965 1197 1097 1249 πολλῷ
1114 1191 1278 1246 ῥάνωσι.
1309 1199 1429 1237 τοῦτο

49 1259 241 1317 συχνάκις
272 1258 510 1315 γενόμενον,
553 1256 626 1308 (ού
654 1258 729 1316 γὰρ
767 1257 968 1314 ἠμέλησαν
1001 1263 1041 1302 οἱ
1068 1256 1277 1314 Ἀθηναῖοι
1308 1259 1431 1305 οἱκού-

95 1365 149 1421 e)
166 1361 412 1405 απέθανε]
440 1357 656 1402 ,,απέθανεν
675 1363 734 1394 ΠΙ.
783 1362 889 1395 Prius
913 1373 1000 1395 vero
1023 1368 1173 1395 servant
1193 1363 1283 1395 Edd
1291 1364 1314 1382 “
1385 1364 1427 1408 f)

138 1405 368 1461 Ἰατρῷ].
374 1409 519 1463 ἰα’ρου
543 1409 644 1441 male
667 1408 755 1440 W.‘<
825 1409 1044 1452 g)z·ovto
1069 1421 1154 1452 γαρ
1179 1406 1426 1453 τοῦνομα]

138 1455 289 1491 τοιοῦτο
310 1451 378 1498 γὰρ
399 1451 518 1498 ὄνομα
538 1463 636 1498 2954.
660 1455 784 1487 minus
807 1455 912 1487 bene.
972 1455 1020 1497 h)
1046 1455 1296 1499 κατελέγη]
1324 1469 1428 1491 κατε-

139 1502 223 1547 λέγη
249 1503 299 1542 jot
305 1513 324 1532 a
351 1501 493 1535 subscr.
525 1501 567 1534 B.
593 1513 621 1533 1.
694 1501 730 1542 i)
756 1498 904 1543 παρα]
932 1502 1021 1544 „Sic
1048 1508 1146 1534 recte
1172 1501 1226 1534 ΡΙ.
1277 1505 1425 1537 ..Amst

133 1515 226 1583 iteym
253 1546 370 1581 Codd.
392 1548 445 1579 Μ.
470 1553 506 1580 et
526 1548 567 1580 L.
588 1546 670 1590 περὶ
698 1548 844 1580 maleJ.
866 1548 910 1579 Η.
934 1548 1032 1580 etc.“
1080 1547 1179 1580 Illud
1210 1554 1244 1580 et
1250 1505 1428 1581 bAlaelznae

132 1594 274 1628 habent
291 1594 511 1636 compendio
532 1594 726 1637 scriptum.
793 1593 840 1635 k)
868 1591 1013 1636 κατα]
1039 1591 1097 1628 ἐπὶ
1119 1603 1218 1637 2954
1243 1605 1368 1627 errore
1386 1607 1427 1628 ex

133 1640 304 1693 proxime
321 1640 629 1683 praecedentibus
660 1646 758 1676 orto.
805 1640 844 1684 1)
871 1641 1006 1675 κελευ
1018 1641 1117 1685 σαι]
1143 1638 1310 1675 κελεύσαι
1327 1643 1371 1676 B.
1393 1654 1424 1676 1.

128 1698 165 1732 5.
187 1686 331 1720 vitiose.

41 1786 93 1826 de
122 1784 267 1825 multis
294 1798 403 1821 unus
435 1792 477 1821 et
505 1783 706 1836 plebeio-

39 1858 147 1893 rum,
181 1844 324 1895 quales
345 1839 456 1892 apud
474 1840 568 1878 illos
590 1851 702 1890 sunt,

41 1899 115 1955 qui
173 1896 406 1950 Octipedes
464 1907 701 1937 vocantur.

40 1957 125 1995 hoc
160 1965 296 1994 autem
330 1953 543 2007 significat
574 1953 703 1991 boum

43 2012 221 2051 duorum
254 2010 471 2049 dominum
509 2022 623 2059 esse,
662 2020 703 2048 et

43 2069 172 2107 unius
196 2067 386 2119 plaustri.
448 2066 531 2103 Hic
555 2068 702 2103 Toxa-

44 2125 102 2164 ris
124 2138 259 2176 neque
281 2137 421 2160 rursus
448 2122 497 2159 ad
522 2122 701 2174 Scythas

42 2181 185 2229 rediit,
218 2178 288 2217 sed
308 2179 488 2217 Athenis
509 2189 700 2217 mortuus

43 2248 119 2277 est.
179 2236 331 2286 Neque
363 2236 419 2272 ita
444 2237 575 2272 multo
603 2243 702 2286 post

43 2308 121 2347 pro
146 2294 290 2331 Hero&
313 2301 374 2327 est
404 2289 596 2335 habitus,
633 2305 700 2327 sa-

42 2349 321 2399 crificantque
350 2347 440 2391 illi,
479 2356 525 2383 ut
555 2346 702 2384 HOS-

42 2405 167 2446 ΡῙΊΙ
197 2402 422 2444 MEDICO
462 2401 701 2440 Athenien-

45 2476 129 2501 ses:
163 2461 244 2499 hoc
263 2460 373 2498 enim
397 2473 571 2502 nomen,
607 2473 699 2494 cum

44 2519 182 2556 Heros
206 2531 291 2556 esse
312 2516 550 2568 juberetur,
586 2528 698 2551 acce-

43 2574 125 2626 pit.
186 2574 383 2612 caussam
409 2587 506 2610 vero
538 2584 698 2621 cogno·

48 2629 196 2677 minis,
230 2639 270 2668 et
293 2630 426 2666 curin
455 2629 612 2665 Heroas
633 2642 700 2664 re-

47 2688 158 2723 latus
183 2685 264 2734 sit,
297 2695 336 2724 et
358 2699 433 2738 pro
457 2683 699 2732 Aesculapii

49 2753 313 2794 posterorum
361 2756 446 2781 uuo
501 2740 668 2778 habitus
688 2771 698 2789 ,

763 1797 955 1823 enarrare
983 1782 1097 1821 haud
1133 1783 1202 1822 abs
1235 1798 1278 1822 re
1310 1784 1424 1823 forte

762 1840 918 1888 fuerit,
979 1849 1025 1877 ut
1072 1839 1272 1889 discatis,
1333 1855 1422 1878 non

764 1896 935 1949 Scythis
967 1895 1093 1934 modo
1124 1898 1306 1948 patrium
1331 1910 1422 1935 esse

763 1954 1123 2007 immortalitatem
1155 1952 1348 2001 credere,
1381 1961 1423 1992 et

763 2010 956 2063 ablegare
976 2010 1154 2048 nuntios
1176 2008 1226 2047 ad
1245 2011 1422 2048 Zamol-

759 2067 859 2113 xin3
895 2066 966 2104 sed
992 2066 1326 2104 Atheniensibus
1349 2075 1420 2104 et-

762 2124 844 2161 iam
888 2123 1014 2161 licere
1044 2126 1160 2161 Deos
1203 2124 1338 2161 facere
1372 2122 1417 2158 in

761 2181 850 2231 ipsa
885 2179 1063 2218 Graecia
1099 2180 1291 2230 Scythas.
1365 2178 1417 2215 In

761 2250 908 2287 magna
949 2237 1019 2273 illa
1051 2236 1293 2286 pestilentia
1328 2234 1418 2272 visa

759 2294 839 2330 sibi
861 2296 961 2343 (pet
985 2293 1198 2342 quietem)
1221 2301 1280 2330 est
1303 2290 1419 2328 vide-

758 2362 801 2386 re
855 2349 1083 2386 Architelis
1138 2347 1419 2399 Areopagitae

759 2418 889 2453 uxor,
931 2403 1162 2442 adstantem
1195 2404 1277 2440 sibi
1306 2405 1419 2453 Scy-

759 2459 895 2506 tham,
932 2460 1003 2511 qui
1025 2460 1185 2512 juberet
1205 2460 1342 2497 dicere
1364 2461 1418 2495 A·

760 2514 1054 2553 theniensibns
1073 2547 1083 2562 ‚

759 2573 861 2623 ipsos
875 2575 1015 2609 vexari
1033 2571 1231 2621 desituros,
1263 2575 1298 2610 si
1313 2575 1419 2611 vicos

760 2628 865 2664 urhis·
893 2630 982 2664 ‘rino
1004 2628 1126 2666 mullo
1151 2639 1416 2682 conspergant.

760 2685 856 2720 lloc
883 2685 1049 2735 saepius
1074 2685 1227 2721 factum
1256 2687 1419 2738 (neque

762 2741 872 2778 enim
899 2744 1204 2793 neglexerunt,
1235 2743 1307 2796 qui
1338 2757 1421 2780 au-

1140 2531 1164 2552 a
1199 2515 1419 2569 pestilentia
