1834 3188
329 199 649 231 HERHO'HMUS
685 197 787 231 SIVE
822 195 889 228 DE
925 195 1100 226 SECTIS.
1341 185 1404 232 91

23 297 218 355 ρώμενοι,
248 298 315 340 καὶ
331 303 446 341 τοῦτο
465 294 726 354 ἐργασαίμεθα
749 313 868 346 ποτε,
906 290 1066 337 οὐδέπω
1095 289 1322 338 οὐδὲτοῦτο
1343 299 1413 350 δῆ-
1424 315 1463 349 p.
1474 301 1555 341 806.

23 373 93 411 λον
121 369 281 410 ἔσεσθαι
311 370 478 421 νομίζω,
522 370 645 416 εἴτις
680 368 718 417 ἐξ
750 361 881 407 αὗτων
911 365 987 418 ἔχει
1014 362 1058 406 τὸ
1085 361 1328 418 ζητουμενον
1346 395 1356 415 ,
1388 362 1416 418 ἢ

25 433 171 485 πάντες
194 434 344 490 ὁμοίως
364 434 572 491 ἀγνοοῦσι.

139 510 281 547 ΕΡΜ.
320 509 367 546 Τι’
388 501 492 562 φῄςς
526 501 616 546 οὐδὲ
636 498 788 545 τούτων
807 518 866 552 τις
884 499 1046 553 πάντως
1067 503 1162 556 ἔχεις
1424 529 1461 563 P,
1475 524 1556 564 807·

139 579 272 616 AYK.
291 571 466 627 ’Ἄδηλον
485 589 493 597 ·
525 570 556 626 ἤ
586 587 650 613 σοι
679 566 882 613 ἀδύνατον
916 574 1030 613 δοκεῖ
1053 569 1231 620 ἅπαντας
1257 568 1416 624 ψεύδε-

29 648 149 693 σθαι,
183 641 225 684 τὸ
247 638 285 683 δ’
306 640 475 696 ἀληθὲς,
507 639 600 684 ἄλλο
621 657 658 682 τι
680 638 782 682 εἶναι
801 638 903 696 πρὸς
919 637 1093 694 μηδενὸς
1111 637 1243 683 αὐτῶν
1267 658 1330 682 πω
1353 637 1418 683 εὗ-

30 712 203 768 ρημένον
222 714 240 740 ‘0'
254 712 290 761 )3

144 785 284 822 EPM.
315 783 417 827 Πῶς
439 775 528 820 οἷόν
548 794 609 828 τε,-
1444 793 1501 833 66

143 854 280 891 ΛΤΚ.
316 845 475 895 Οὕτως·
646 844 721 902 γὰρ
754 842 776 889 ὅ
808 846 878 900 μὲν
911 840 1273 900 ἆληθήςᾶριθμὸς
1301 841 1416 899 ἡμῖν,

31 919 191 961 εἴκοσιν.
224 915 335 965 οἷον,
367 913 549 968 κυάμους
572 932 631 964 τις
659 917 812 957 εἴκοσιν
831 918 870 964 ἐς
896 914 970 968 τήν
1000 921 1110 969 χεῖρα
1138 913 1296 969 λαβών,
1330 916 1420 957 ἐπι-

31 983 307 1040 κλεισάμενος,
341 982 522 1039 ἐρωτάτω
552 985 644 1026 δέκα
674 981 810 1033 τινὰς,
846 979 991 1025 ὁπόσοι
1021 985 1120 1025 εἰσὶν
1145 986 1186 1026 οἵ
1211 981 1357 1037 κύαμοι
1377 984 1420 1025 ἒν

32 1060 84 1112 τῇ
105 1057 204 1109 χειρὶ
225 1052 374 1104 αὐτοῦ,
404 1056 446 1095 οἷ
464 1052 508 1095 δ’
529 1052 778 1103 εἰκάζοντες,
813 1049 834 1094 ὁ
857 1051 928 1107 μὲν
946 1050 1068 1102 gard,
1103 1048 1124 1094 ὅ
1148 1050 1190 1092 δὲ
1207 1052 1323 1093 πέντε
1343 1047 1365 1071 ¹¹
1381 1049 1421 1105 ),

35 1120 58 1165 ὃ
82 1123 121 1165 δὲ
135 1121 350 1175 τριάκοντα
365 1123 603 1176 λεγέτωσαν,
635 1118 656 1163 ὁ
679 1122 720 1163 δέ
738 1139 798 1170 τις
818 1122 936 1171 δέκα,
967 1116 995 1174 ἦ
1012 1121 1318 1171 πεντεκαίδεκα,
1352 1121 1424 1163 καὶ

34 1189 158 1242 ὅλως,
187 1189 302 1239 ἄλλος
335 1189 454 1232 ἄλλον
481 1187 570 1232 τινὰ
608 1187 797 1244 ἀριθμόν.
840 1190 1031 1244 ἐνδέχεται
1060 1190 1196 1244 μέντοι.
1227 1190 1295 1232 καὶ
1325 1187 1425 1232 κατὰ

32 1259 155 1315 τύχην
174 1256 263 1301 τινὰ
285 1254 529 1312 ἀληθεῦσαι,
559 1251 588 1311 ἧ
609 1255 681 1314 γάρ
703 1256 763 1313 i);

514 847 610 887 ἔστω

80 1375 128 1421 g)
156 1370 446 1419 ευρημένον]
473 1373 563 1406 Post
580 1372 677 1406 hanc
697 1383 831 1406 vocem
854 1370 1001 1405 restitui
1020 1370 1327 1415 interrogationis
1351 1382 1427 1405 no-

128 1427 226 1464 tam,
250 1422 287 1453 in
311 1426 399 1452 vett.
422 1419 475 1451 Ed
481 1418 514 1451 d.
540 1426 640 1452 lecte
670 1419 851 1462 positam,
880 1424 916 1450 et
939 1417 1105 1461 paullum
1138 1418 1251 1450 etiam
1282 1418 1427 1451 versio-

127 1479 212 1500 nem
237 1467 429 1499 Latinam:
457 1465 634 1510 mszjorte
653 1471 722 1499 etc.
743 1463 959 1504 immutavi,
986 1475 1211 1508 quamquam
1236 1475 1302 1508 per
1319 1475 1360 1498 se
1378 1464 1427 1497 il-

126 1514 200 1547 lam
228 1512 327 1545 haud
356 1512 532 1554 ineptam.
581 1512 723 1544 Notum
749 1518 873 1545 autem
892 1516 947 1543 est
968 1507 993 1554 ἢ
1014 1510 1052 1542 in
1075 1510 1193 1543 altero
1214 1509 1426 1554 interroga-

126 1559 242 1592 tionis
268 1559 457 1600 membro,
484 1557 629 1590 etiamsi
660 1558 761 1600 prius
784 1557 997 1591 membrum
1027 1567 1104 1589 non
1135 1562 1250 1588 exstet
1271 1557 1428 1601 propria

128 1604 436 1662 interrogationis
460 1603 583 1637 forma
603 1603 790 1637 indutum.
841 1603 901 1637 Cf.
925 1609 1051 1636 tamen
1073 1614 1153 1646 cap.
1171 1614 1227 1646 33.
1249 1602 1300 1635 in.
1373 1603 1424 1639 h)

133 1649 153 1687 ὁ
180 1651 225 1709 33*
215 1665 230 1687 ε
254 1650 438 1707 πέντε]
445 1652 574 1693 „Haec
592 1650 719 1683 addita
740 1661 781 1683 ex
798 1652 854 1684 M.
888 1649 1062 1683 Desunt
1053 1661 1093 1681 m
1112 1649 1286 1682 omnibus
1305 1649 1400 1687 Edd
1404 1649 1428 1667 “

130 1693 226 1779 {gd}
231 1695 345 1763 χείρ,-
334 1701 375 1741 ,]
400 1723 427 1742 ‚‚
421 1693 535 1731 ΗΡ.
583 1698 632 1730 At
661 1697 854 1743 vulgatam
877 1696 1083 1730 lectionem
1110 1701 1265 1730 tuentur
1291 1696 1426 1729 merito

45 1842 179 1892 enim,
213 1842 339 1882 etiam
371 1856 464 1880 cum
495 1839 703 1880 tentando

42 1914 117 1954 per
144 1913 286 1939 omnes
316 1898 543 1943 iverimus,
574 1897 707 1950 idque

45 1957 349 2011 perfecerimus
448 1954 705 2007 aliquando,

46 2013 237 2052 nondum
268 2022 373 2065 puto
397 2026 538 2064 neque
567 2010 610 2048 id
644 2010 706 2063 ip-

48 2084 138 2108 sum
171 2072 341 2122 planum
374 2069 590 2117 futurum,
624 2066 709 2105 ha-

49 2125 201 2165 beatne
249 2124 401 2177 aliquis
451 2139 596 2164 eorum
642 2123 711 2174 id,

51 2181 167 2235 quod
190 2182 452 2234 quaerimus,
485 2195 536 2219 au
562 2180 710 2219 simili-

52 2247 115 2278 ter
135 2251 278 2277 omnes
301 2247 510 2289 ignorent.

109 2295 246 2335 Herm.
291 2291 408 2346 Quid
438 2293 530 2332 ais?
574 2307 713 2347 neque

51 2350 202 2391 horum
225 2350 449 2404 quisquam
468 2349 643 2389 omnino
664 2350 713 2388 il·

52 2407 127 2449 lud
147 2406 274 2446 habet
288 2405 308 2444 ἶ)

109 2465 208 2516 Lyc.
235 2463 496 2503 Obscurum:
529 2477 580 2500 an
604 2462 714 2501 forte

57 2520 149 2561 fieri
185 2535 271 2559 non
315 2534 434 2573 posse
471 2528 622 2572 putaS,
669 2527 718 2556 ut

60 2578 262 2616 fallantur
283 2591 427 2616 omnes
444 2607 454 2624 ‚
490 2589 719 2629 verumque

62 2632 180 2672 aliud
201 2637 324 2687 plane
352 2632 549 2687 quiddam
581 2632 662 2677 sit,
697 2645 719 2669 a

64 2691 182 2728 nullo
220 2689 317 2728 dum
355 2691 526 2730 illorum
563 2688 722 2728 inven-

64 2745 191 2783 tum?

788 1896 797 1906 .
818 1839 959 1925 Igerm.
983 1838 1073 1894 Qui
1093 1838 1185 1879 fieri
1204 1838 1312 1879 illu'd
1331 1853 1428 1893 pos·

764 1907 819 1936 sit
837 1928 846 1936 .

804 2000 923 2065 ‘Lym
954 2010 1034 2051 Ita.
1085 2009 1150 2050 Sit
1171 2009 1282 2050 enim
1306 2023 1431 2049 verus

766 2067 893 2106 nobis
964 2081 1189 2113 numerus,
1257 2066 1430 2115 viginti.

769 2123 899 2164 Verbi
937 2138 1082 2163 caussa
1121 2123 1239 2163 fabas
1276 2123 1432 2177 aliquis

770 2180 932 2235 viginti
971 2195 1100 2219 manu
1145 2194 1334 2228 sumens,
1384 2193 1433 2218 ea

771 2241 911 2276 clausa
931 2237 1167 2292 interroget
1195 2236 1335 2276 decem
1356 2235 1435 2274 ho·

770 2294 933 2340 mines,
975 2303 1081 2347 quot
1113 2293 1200 2332 sint
1231 2293 1274 2330 in
1306 2306 1436 2330 manu

771 2365 845 2389 sua
865 2350 1015 2389 fabae?
1050 2359 1092 2388 at
1109 2350 1172 2387 illi
1189 2348 1436 2386 divinantes

773 2407 919 2444 dicant
956 2420 1067 2444 unus
1102 2415 1284 2457 septem,
1327 2404 1436 2443 alius

772 2462 987 2516 quinque,
1020 2461 1127 2500 alius
1155 2462 1356 2514 triginta,
1391 2475 1439 2498 a-

776 2519 860 2556 lius
892 2517 1032 2557 decem
1062 2527 1134 2555 aut
1163 2516 1406 2571 quindecim
1425 2545 1437 2562 ,

779 2575 884 2613 etin
907 2575 1153 2613 universum
1178 2575 1307 2612 alium
1332 2575 1439 2612 alius

780 2645 1012 2669 numerum.
1032 2631 1147 2669 Fieri
1163 2630 1332 2684 quidem
1347 2640 1443 2683 pot-

780 2697 857 2736 est,
890 2696 936 2724 ut
959 2686 1114 2741 aliquis
1134 2688 1246 2727 forte
1263 2686 1442 2741 quadam

781 2758 925 2783 verum
947 2742 1074 2783 dicat.
1088 2743 1248 2783 Nonne
1272 2745 1334 2783 ita
1345 2741 1442 2781 est?
