1834 3188
260 175 375 220 460·
611 186 1372 218 ADNOTATtoNEs

371 285 475 326 Ead.
495 288 524 325 l.
544 291 607 330 13.
647 285 1165 336 Τεσσαρεςκαίδεκα]
1198 284 1389 322 Formam
1414 284 1522 323 hanc
1544 285 1588 323 in
1611 285 1719 326 Edd.

261 352 363 382 vett.
387 343 541 382 editam
568 352 611 381 et.
640 340 778 381 Codd.
805 341 1112 380 Parisiensium
1142 341 1395 380 auctoritate
1429 341 1717 382 confirmatam

260 402 380 438 nullo
400 403 490 451 jure
514 399 692 438 Reitzius
714 406 754 436 et
777 406 953 436 recentt.
979 396 1114 434 Editt,
1138 396 1182 434 in
1215 400 1548 447 τεσσαρακαίδεκα
1578 409 1721 438 muta-

260 465 344 493 tam
375 455 592 497 dederunt.
654 454 825 493 Certum
858 452 1028 506 quidem
1059 463 1121 491 est
1148 463 1190 492 et
1217 454 1515 503 manifestum,
1551 457 1719 508 *requiri

260 512 305 551 h.
326 515 352 551 l.
374 527 507 566 genus
526 512 750 551 Neutrum.
813 510 969 549 Verum
987 524 1074 548 non
1095 510 1232 548 minus
1254 520 1411 549 certum
1432 520 1509 558 est,
1543 512 1719 551 formam

261 568 538 619 compositam
560 568 906 620 τεσσαρεςκαίδεκα
935 580 1020 605 non
1046 569 1182 604 solum
1206 566 1255 605 de
1278 566 1475 604 omnibus
1496 568 1719 620 generibus

261 624 440 676 dictam,
474 624 546 664 sed
573 625 699 663 etiam
719 623 894 661 omnino
917 632 963 660 ut
992 622 1336 661 indeclinabilem
1368 623 1412 660 in
1441 625 1582 676 priore
1601 635 1721 677 parte

260 695 406 719 vocem
428 695 503 733 per
521 694 666 719 omnes
693 693 810 718 casus
837 694 1068 718 occurrere.
1131 678 1260 732 Quod
1281 678 1450 731 quidem
1482 683 1721 720 luculenter

259 747 378 790 patet
399 751 450 775 ex
474 737 527 775 iis
549 736 780 789 exemplis,
821 750 929 789 quae
960 736 1186 774 maximam
1209 745 1370 788 partem
1395 736 1586 775 studiose
1614 751 1723 776 con-

259 804 375 847 gesta
418 793 678 833 Stallbaumii
715 791 901 831 liberalis
937 792 1124 830 amicitia
1167 806 1328 831 mecum
1373 793 1721 834 communicavit.

260 852 367 889 Cum
388 850 666 889 substantivo
689 849 895 888 Neutrius
917 849 1085 902 generis
1116 849 1326 897 occurrit,
1356 863 1392 887 e.
1413 864 1451 901 g.
1475 850 1558 891 ἔτεα
1578 863 1723 891 τεσσε-

260 909 491 960 aemalae-,w
521 905 718 945 Herodot.
737 906 784 953 I,
806 910 873 948 86·
905 907 1005 958 ἔθνη
1029 907 1380 954 τεσσαρεςκαίδεκα
1408 906 1539 947 Strab.
1561 907 1655 947 Vll.
1679 921 1720 958 p.

258 970 353 1008 323.
378 962 456 1000 Ed.
481 962 660 1001 Casaub.
693 963 774 1002 III.
800 963 865 1012 ἔτη
887 975 988 1003 τεσσ.
1009 961 1230 1002 Herodian.
1258 962 1319 1011 V,
1344 968 1391 1010 3¹,
1413 967 1451 1004 7.
1475 972 1517 1000 et
1537 963 1719 1016 Appian,

257 1022 348 1072 Syr.
369 1025 448 1067 48,
473 1028 580 1058 extr.
598 1020 700 1071 ’μέρη
724 1018 929 1057 Plutarch.
957 1018 1178 1070 Apophth,
1203 1032 1244 1070 p.
1269 1024 1360 1061 146.
1381 1017 1461 1056 Ed.
1484 1019 1578 1056 Bas.
1620 1020 1720 1057 Nou

256 1091 330 1128 per
354 1090 473 1114 casus
492 1074 646 1114 flexum
671 1073 959 1123 deprehendas
980 1088 1014 1113 e.
1035 1089 1072 1128 g.
1093 1076 1190 1115 ἐτῶν
1210 1077 1562 1128 τεσσαρεςκαίδεκα
1581 1075 1718 1127 Polyb.

255 1133 352 1172 XV.
375 1146 468 1185 pag·
497 1136 593 1175 530.
617 1140 658 1169 et
678 1130 899 1169 Herodian.
926 1131 1034 1178 VII,
1065 1136 1098 1172 1.
1120 1131 1163 1167 in
1190 1132 1322 1171 ἐθνῶν
1343 1145 1562 1182 τεσσαρεςκ.
1590 1131 1721 1171 Str-ab.

257 1189 336 1227 IV.
360 1203 401 1241 p·
425 1192 519 1232 189.
540 1183 712 1239 ἀνδράσι
730 1201 953 1238 τεσσαρες-κ.
976 1186 1175 1226 Athenaei
1196 1187 1251 1226 L.
1275 1187 1397 1225 XIII.
1421 1201 1509 1239 cap.
1532 1191 1598 1231 89,
1625 1190 1725 1229 ἔτεσι

257 1260 478 1298 τεσσαρεςκ.
503 1243 725 1283 Herodian.
752 1243 836 1291 VI,
864 1248 909 1289 9,
931 1248 967 1286 5.
990 1253 1031 1281 et
1054 1247 1117 1286 15.
1149 1240 1302 1292 δήμους
1332 1258 1557 1296 τεσσαρεςκ.
1589 1244 1722 1284 Str-ab.

256 1303 333 1340 lX.
357 1316 396 1351 p·
420 1306 518 1344 434.
543 1298 637 1347 τοὺς
656 1299 891 1353 ἐλευθέρους
912 1314 1135 1350 τεσσαρεςκ.
1155 1300 1336 1353 Χωιορῖι.
1360 1302 1564 1340 IVIemorr.
1590 1300 1655 1352 ΙΙ,
1678 1305 1724 1349 7,

257 1365 295 1400 52.
317 1358 484 1396 VVeislz.
546 1356 705 1394 Contra
730 1359 1052 1410 τετταρακαίδεκα
1080 1370 1172 1394 cum
1199 1357 1456 1394 Foerninino
1476 1352 1627 1410 ἡμέρας
1657 1371 1722 1409 ap.

258 1417 377 1467 Πίος.
400 1415 537 1455 La'c'rt.
560 1413 624 1463 X,
645 1415 710 1456 15.
749 1412 866 1465 Quin
886 1414 1011 1451 etiam
1034 1412 1240 1450 ordinalis
1261 1413 1424 1450 numeri
1444 1414 1606 1451 formae
1628 1427 1724 1465 pro-

258 1472 418 1509 miscue
445 1471 490 1507 in
521 1484 602 1507 usu
629 1478 767 1518 erant,
800 1483 914 1506 nunc
941 1470 1336 1517 τετταρακαιδέκατος
1361 1471 1481 1521 Diog.
1502 1470 1639 1508 Labrt.
1659 1470 1724 1520 X,

257 1532 326 1569 40.
352 1541 465 1565 nunc
484 1526 903 1579 τεσσαρεςκαιδέκατος
923 1525 1144 1564 Herodian.
1173 1525 1255 1576 VI,
1280 1530 1323 1576 1,
1349 1529 1412 1569 15.
1435 1534 1476 1564 et
1498 1525 1581 1574 VI,
1607 1531 1656 1575 2,
1683 1531 1722 1569 2.

256 1585 414 1623 Ῑ-ιιῐιιΜ.

372 1638 475 1678 End.
498 1640 524 1678 l.
550 1642 613 1681 14.
633 1635 793 1692 “Ovov)
826 1638 894 1674 Ex
917 1636 997 1674 Ed.
1021 1637 1057 1674 J.
1081 1646 1154 1675 est,
1214 1638 1424 1690 Reliquae
1451 1636 1535 1688 ὅτε,
1578 1647 1619 1677 et
1640 1638 1724 1691 ipsi

261 1694 396 1735 codd.
417 1696 483 1734 M.
507 1704 549 1732 et
566 1695 611 1732 P.
636 1694 719 1731 nisi
747 1692 863 1746 quod
888 1693 958 1730 hic
979 1690 1036 1733 ὅτι
1057 1694 1254 1744 praefert.
1289 1694 1461 1734 SOLAN.
1511 1693 1642 1736 ‘'Off-coa
1662 1709 1724 1734 re·

261 1753 458 1791 stitutum
481 1751 601 1803 cupit
619 1750 793 1789 Heliam,
813 1751 911 1789 Pur.
948 1750 1060 1788 Satis
1081 1749 1251 1800 quidem
1274 1749 1531 1802 importune.
1564 1752 1723 1789 LEnM.

375 1808 475 1860 Pag.
500 1810 594 1851 105.
618 1809 703 1862 [ΗΞ.
736 1803 890 1860 Σημεῖά
910 1807 1026 1854 τινα)
1058 1805 1127 1844 Sic
1146 1806 1258 1843 enim
1281 1820 1326 1845 ea
1349 1806 1498 1845 definit
1518 1807 1723 1848 Euclides:

257 1870 431 1918 Σημεῑον
451 1866 579 1914 ἐστὶν,
613 1863 661 1905 οὐ
682 1864 800 1916 μέρος
822 1858 965 1904 ου’δέν·
997 1860 1157 1916 γραμμὴ
1177 1861 1218 1902 δὲ
1244 1867 1369 1914 μῆκος
1393 1862 1583 1912 ἅπλατές·
1618 1878 1724 1916 quae

256 1924 376 1959 nullo
409 1930 534 1973 pacto
574 1921 806 1959 consistere
838 1933 962 1972 posse
990 1917 1167 1957 credunt
1192 1918 1411 1969 Epicurei.
1442 1921 1585 1960 Bnon.
1646 1920 1726 1958 Est

256 1980 300 2017 in
342 1977 490 2030 primis
521 1976 607 2015 illis
650 1976 920 2014 Geomettiae
951 1973 1303 2024 definitionibus,
1356 1974 1471 2027 quod
1501 1978 1592 2027 jure
1629 1975 1724 2028 quis

257 2043 424 2086 carpat:
458 2031 685 2071 dicendum
710 2033 821 2071 enim
848 2030 956 2078 fuit,
989 2032 1224 2082 supmficiem
1249 2045 1335 2069 esse
1355 2041 1540 2070 extrema
1566 2045 1724 2082 corpo-

260 2091 316 2129 ris
332 2123 341 2140 ,
375 2090 419 2127 in
442 2103 528 2140 quo
552 2103 729 2141 corpore
751 2086 960 2125 crassities
980 2085 1172 2138 quidem,
1205 2085 1276 2125 sed
1295 2089 1414 2139 cujus
1434 2087 1477 2124 in
1501 2086 1725 2140 superficie

261 2150 381 2185 nulla
401 2145 583 2183 habetur
606 2144 730 2183 ratio.
762 2143 908 2182 Lineas
927 2156 1028 2180 vero
1051 2152 1234 2181 extrema
1254 2143 1494 2195 superficiei
1509 2176 1518 2192 ‚
1552 2143 1722 2197 quaudo

262 2218 348 2241 non
372 2212 463 2240 tota
490 2199 701 2253 jamssed
725 2199 863 2237 divisa
893 2198 937 2235 in
966 2208 1106 2251 partes
1143 2198 1369 2252 contiguas
1404 2198 1720 2247 consideratur,

262 2262 378 2297 nulla
400 2257 674 2303 latitudinis,
707 2269 814 2309 quae
840 2253 1086 2307 ceteroquin
1116 2254 1357 2306 superficiei
1390 2255 1526 2305 inest,
1557 2255 1723 2294 ratione

262 2314 431 2353 habita:
463 2314 618 2354 Puncta
638 2313 843 2351 linearum
863 2320 1070 2360 extrema,
1102 2311 1194 2349 sive
1216 2310 1286 2360 id,
1320 2312 1362 2348 in
1385 2312 1470 2364 quo'
1492 2311 1628 2350 lineae
1653 2309 1721 2348 di-

264 2371 379 2409 visae
400 2380 539 2424 partes
558 2383 601 2407 se
621 2371 770 2407 'mutuo
796 2367 1066 2419 contingunt,
1129 2367 1268 2421 Atque
1288 2367 1391 2407 haec
1414 2367 1580 2420 quidem
1604 2380 1716 2415 vera,

262 2426 377 2464 firma
402 2437 443 2466 et
465 2425 719 2464 inconcussa
742 2432 960 2463 maneant:
994 2438 1075 2462 neu
1102 2423 1137 2460 si
1164 2423 1267 2475 quid
1297 2424 1341 2461 iu
1373 2437 1422 2462 eo
1451 2421 1718 2462 edisserendo

264 2492 336 2519 aut
367 2481 610 2521 definiendo
653 2496 672 2519 a
708 2480 947 2519 Geometris
978 2489 1221 2533 peccatum,
1275 2480 1354 2517 arti
1386 2478 1643 2518 certissimae
1678 2487 1720 2516 et

265 2537 650 2589 praestantissimae
679 2535 820 2575 fraudi
857 2536 922 2577 sit,
948 2548 950 2551 ’
997 2535 1125 2589 Quod
1165 2535 1200 2573 si
1227 2536 1269 2573 in
1300 2535 1418 2574 rebus
1449 2533 1717 2585 hujusmodi,

267 2597 511 2645 ‹zujusquam
540 2594 771 2633 auctoritas
791 2594 974 2641 valeret,
1007 2591 1193 2630 Luciani
1215 2600 1324 2629 certe
1354 2593 1469 2628 nulla
1499 2590 1607 2627 ratio
1640 2589 1719 2628 ha-

271 2648 403 2685 benda
434 2650 566 2697 foret,
611 2651 685 2703 qui
719 2664 762 2688 se
791 2647 1189 2688 Mathematicarum
1223 2646 1538 2698 disciplinarum
1574 2645 1718 2684 rudem

271 2703 446 2750 omnino
467 2705 622 2755 prodit.
684 2705 805 2754 Vide,
840 2719 1018 2758 quaeso,
1053 2704 1090 2742 si
1109 2717 1195 2742 non
1216 2701 1468 2751 memineris,
1502 2716 1623 2756 quam
1643 2702 1718 2740 im-
