1834 3188
310 161 411 210 358
835 183 1264 218 scHOLIA,

427 274 532 315 Ead.
548 263 588 316 Δ1.
614 279 680 320 12.
721 272 746 319 ὅ
785 280 970 334 Κεῖος]
1004 278 1242 337 Ἀνακρέων.
1285 285 1338 326 G.
1410 287 1650 339 (Fallitur,
1686 289 1776 331 vid.

316 341 463 373 notam
484 342 687 374 nostram.
721 334 889 389 Solem.)

319 634 390 682 IN
412 609 755 692 QUOMODO
785 637 1107 689 HISTORIA
1129 641 1234 691 SIT
1258 642 1780 723 CONSCRIBENDA.

434 771 532 827 Pag·
557 776 651 818 165.
671 777 699 814 l.
721 780 761 818 2.
789 770 1136 832 Ἀβδηρίταις]
1169 780 1349 819 Initium
1369 780 1782 832 artificiosissimum,

320 843 405 882 quo
429 831 535 870 mira
562 830 731 886 ingenii
756 832 985 874 dexteritas
1007 836 1193 874 Luciani
1221 846 1366 891 patet,
1410 837 1464 876 ob
1500 840 1787 891 comparatio-

316 900 405 925 nes.
442 887 493 926 G.

431 942 530 997 Pag.
554 948 700 989 166·1·
724 952 764 991 3.
805 948 860 1000 ἕμ
874 948 970 1006 ονςό
984 951 1007 992 δ
1020 966 1040 992 ο
1055 967 1113 990 νν
1130 950 1214 1005 ³3]
1265 952 1490 1001 Μονῳδεῖν
1519 949 1564 993 τό
1591 957 1786 1005 θρηνεῖν,

319 999 502 1072 ἔπρειαξῶς
519 999 594 1097 ῃῦὶρ
610 1007 736 1044 πᾶσαι
753 999 794 1055 b)
826 1007 869 1047 αἱ
886 1003 964 1048 ἀπὸ
984 1011 1134 1060 σκηνῆς
1150 1005 1253 1063 ᾠδαὶ
1271 1009 1312 1050 ἒν
1330 1012 1378 1064 τῇ
1393 1010 1594 1065 τραγῳδίᾳ
1613 1011 1656 1060 c)
1686 1015 1789 1063 θρῆ-

320 1071 385 1096 νοι
404 1071 490 1097 εισι.
564 1091 572 1098 .

433 1113 532 1167 Ραὲ.
559 1118 701 1158 167.1.
724 1121 789 1159 11.
820 1116 1048 1172 πόλεμος
1079 1116 1246 1161 ἆπάντ
1262 1137 1328 1161 ων
1356 1118 1516 1173 πατὴρ
1536 1117 1609 1177 d)]
1648 1119 1701 1163 Τὸ
1719 1126 1792 1163 τοῦ

313 1163 635 1221 Ἐμπεδοκλέους
656 1179 787 1222 νεῖκος
805 1176 846 1224 e)
878 1177 1024 1227 φησὶν,
1055 1175 1146 1229 ἤτοι
1163 1181 1243 1216 τῶν
1263 1177 1453 1218 ἐναντίων
1472 1177 1543 1229 τὴν
1562 1175 1705 1232 μάχην.
1736 1179 1790 1219 V.

433 1227 533 1280 Pag.
559 1234 651 1271 168·
671 1232 699 1270 l·
724 1234 764 1273 5.
796 1236 892 1272 τοῦ
919 1249 942 1273 κ
958 1235 1152 1282 ρανίον
1177 1228 1244 1287 f)]
1279 1231 1407 1287 ὄνομα
1425 1231 1567 1275 τόπου.
1601 1235 1653 1274 G.

436 1283 543 1326 Eacl.
565 1288 594 1325 1.
617 1289 682 1327 10.
714 1286 1082 1343 δορυφόρημα]
1115 1287 1158 1331 τὸ
1182 1287 1300 1332 κενὸν
1320 1297 1584 1346 προςωπεῖον.
1619 1290 1674 1332 G.

436 1340 539 1394 Pag.
563 1346 705 1385 169.1.
728 1349 792 1387 10.
833 1347 1009 1387 καίτοι
1038 1343 1156 1389 οὐδὲ
1187 1378 1196 1388 .
1231 1377 1241 1387 .
1276 1348 1315 1400 ]
1363 1352 1477 1401 Γραιν
1509 1349 1670 1389 καίτοι
1694 1345 1788 1392 οὐδὲ

320 1399 592 1451 παραᾳνέσεως
613 1401 655 1442 οἱ
673 1401 816 1444 πολλοὶ
841 1405 928 1445 δεῖν
950 1401 1040 1446 οἷόν
1059 1421 1099 1447 τε
1121 1404 1245 1458 φασὶν
1267 1405 1332 1446 ἐπὶ
1348 1401 1392 1447 τὸ
1413 1409 1588 1460 πρᾶγμα.
1620 1405 1673 1445 G.

413 1559 571 1595 Encom.
593 1573 625 1596 c.
644 1573 677 1606 3.
705 1569 742 1596 et
759 1563 869 1608 alibi,
894 1565 958 1599 ubi
978 1564 1228 1612 Δημοσθένην
1253 1566 1416 1600 scribere
1437 1566 1554 1609 solet3
1587 1567 1707 1602 veluti
1723 1568 1791 1603 alii

413 1603 700 1654 Ἀριστοφάνεα,
726 1610 792 1645 alii
806 1607 1080 1658 Ἀριστοφάνην
1099 1619 1237 1648 amant.
1284 1615 1403 1646 Reitz-

367 1790 413 1834 ἃ)
441 1791 515 1826 Μο
528 1804 588 1838 νῳ
600 1794 646 1828 δε
658 1794 727 1838 ἵν]
753 1796 835 1829 Hoc
856 1801 893 1829 et
912 1796 1036 1830 omnia
1053 1796 1133 1829 fere
1154 1795 1346 1840 sequentia
1364 1794 1516 1829 Scholia
1531 1794 1573 1829 in
1592 1795 1691 1830 Edit.
1716 1797 1793 1831 Cle-

415 1838 485 1869 rici
504 1839 549 1871 ad
569 1840 681 1873 finem
700 1841 817 1874 libelli
839 1849 944 1875 erant
963 1844 1120 1886 rejecta,
1151 1844 1326 1887 (propter
1347 1842 1605 1875 confusionem
1628 1843 1791 1889 Codicis,

415 1888 458 1914 ut
473 1883 552 1928 ipse
567 1885 644 1930 ait)
665 1887 718 1920 ita
739 1893 781 1921 ut
799 1899 916 1932 pauca
934 1889 1113 1934 quaedam
1130 1900 1215 1933 pag.
1228 1899 1282 1930 go.
1304 1888 1447 1932 reliqua
1467 1899 1503 1931 p.
1522 1888 1580 1931 46.
1597 1889 1637 1921 in
1663 1890 1790 1926 Graev.

415 1928 502 1965 edit.
521 1931 753 1975 legerentur3
783 1946 896 1979 quare
912 1946 953 1968 ea
979 1935 1018 1968 in
1040 1934 1164 1968 sedem
1183 1945 1290 1968 suam
1307 1934 1457 1978 retraxi,
1483 1939 1520 1966 et
1537 1945 1630 1978 quae
1646 1934 1686 1967 in
1708 1936 1791 1972 Gal.

413 1977 714 2023 reperiebantur,
748 1980 885 2014 addidi.
932 1983 1052 2016 Reitz.

367 2031 417 2074 b)
443 2034 619 2080 πᾶσαι]
646 2037 798 2078 „deerat
817 2038 856 2070 in
880 2038 1031 2071 editis-“-

371 2091 415 2133 c)
442 2089 490 2126 ἐν
514 2095 569 2139 τῇ
591 2096 856 2142 τραγῳδίᾳ]
886 2095 989 2130 Adde
1017 2095 1080 2130 hic
1100 2108 1142 2130 ex
1162 2098 1274 2129 suida
1306 2095 1344 2130 ἐν
1363 2096 1408 2141 τῇ
1425 2093 1629 2141 τραγῳδίᾳ,
1655 2101 1691 2129 et
1707 2095 1793 2139 Iege

415 2139 574 2182 θρῆνοι,
602 2138 683 2175 ἀντὶ
698 2143 767 2175 τοῦ
785 2144 961 2186 θρηνεῖν,
992 2142 1092 2187 quod
1113 2143 1290 2188 sequitur.
1323 2141 1409 2175 Cler.
1462 2143 1669 2187 Utrumque
1687 2142 1729 2175 in
1748 2144 1791 2178 C.

416 2185 531 2218 :fuisse
548 2192 706 2220 testatur
722 2188 870 2220 -Solanus
883 2214 892 2232 ,
919 2188 1001 2221 ideo
1022 2189 1062 2221 in
1084 2194 1226 2222 textum
1245 2187 1382 2238 addidi.
1431 2189 1549 2222 Reitz.

374 2240 422 2284 d)
449 2239 658 2285 πόλεμος
684 2241 755 2278 oza.
783 2248 849 2286 π.]
887 2246 985 2286 „Pro
1013 2243 1172 2289 πόλεμος
1202 2242 1377 2281 ἁπάντων
1398 2244 1519 2289 πατὴρ
1538 2244 1730 2297 legebatur
1749 2244 1793 2280 τό

416 2288 488 2322 τοῦ
509 2290 732 2333 Σινωπέως]
759 2292 813 2323 Ad
843 2303 935 2335 quae
958 2290 1044 2325 Cler.
1068 2293 1120 2324 sic
1143 2299 1436 2325 commentatur:
1465 2290 1551 2335 quid
1577 2291 1717 2323 faciant
1746 2291 1794 2324 ad

420 2336 663 2380 Sinopensem,
688 2337 982 2382 philosophum,
1007 2337 1044 2372 h.
1066 2349 1096 2372 e.
1119 2339 1349 2384 Diogenem,
1376 2337 1467 2370 haec
1488 2336 1599 2369 verba
1621 2336 1795 2370 Scholia-

417 2386 513 2423 stae,
541 2393 601 2415 me
628 2382 802 2427 ignorare
827 2384 959 2417 fateor.
1007 2384 1146 2416 Vereor
1167 2396 1213 2417 ne
1231 2385 1380 2417 aliunde
1408 2384 1481 2415 huc
1509 2381 1687 2414 translata
1713 2383 1795 2416 fue-

417 2426 514 2467 rint,
540 2427 628 2460 licet
654 2429 796 2474 alioqui
823 2430 972 2464 nullum
1002 2436 1180 2474 appareat
1204 2431 1243 2463 in
1260 2429 1468 2464 Scholiasta
1488 2433 1617 2479 nostro
1639 2428 1796 2461 luxatio-

417 2471 475 2504 nis
505 2475 713 2518 vestigium.
764 2477 864 2508 Haec
894 2475 969 2509 ille.
1020 2477 1156 2510 Verum
1182 2476 1229 2510 ad
1259 2487 1353 2522 quae
1380 2475 1492 2508 verba
1519 2479 1704 2518 pertineat
1720 2475 1794 2508 hoc

417 2518 621 2562 Scholion,
647 2520 825 2554 indicavit
849 2522 1041 2554 Salanusss

374 2574 417 2614 e)
444 2578 628 2656 veingg]
645 2580 706 2657 §lul
722 2580 766 2613 V.
785 2590 899 2624 prave
919 2580 1041 2622 κεῖνος
1061 2585 1136 2623 est,
1161 2580 1242 2625 lege
1261 2580 1382 2618 νεῖκος
1403 2577 1500 2622 (vid.
1521 2578 1629 2623 Diog.
1650 2581 1792 2624 Laffrt.)

418 2626 454 2652 et
474 2632 528 2654 suc
587 2651 595 2659 ,
672 2638 688 2656 ο
708 2637 765 2658 an.

374 2676 415 2720 f)
440 2679 526 2712 τοῦ
558 2682 793 2724 κρανίου]
827 2682 888 2716 Sic
917 2682 1089 2726 exhibeo,
1116 2687 1159 2716 ut
1186 2682 1382 2718 Sclioliast.
1409 2681 1582 2726 scripsit;
1616 2681 1682 2716 sed
1708 2694 1796 2727 κρα-

419 2725 524 2759 νείυυ
547 2727 803 2772 scribendum,
829 2729 903 2762 vid.
922 2735 1018 2765 nott.
1065 2731 1184 2762 Reitz-
