1834 3188
258 229 360 278 510
617 242 1368 275 ΑυΝοΤΑτιοΝΕε

257 341 502 395 interpretis
520 341 674 381 Latini
692 341 987 382 tabernaculum
1006 354 1085 395 pro
1105 341 1267 382 Graeco
1286 341 1413 397 σκηνή
1430 342 1718 397 reprehendit,

255 399 432 438 facilius
453 398 596 439 Belino
619 398 848 437 obsecutus
871 413 976 438 sum.
1006 399 1168 439 LEuM.

370 455 477 494 Ibid.
498 453 714 510 ’Έμελλες)
746 455 873 494 Verbi
897 456 1049 506 μέλλειν
1073 455 1140 493 vis
1162 455 1275 508 apud
1293 456 1482 497 Nostrum
1502 456 1718 496 interdum

255 511 361 552 haec
385 520 475 561 est,
508 522 558 550 ut
577 511 997 552 verisimilitudinem
1028 511 1236 566 quandam
1257 527 1307 552 eo
1329 514 1417 553 fere
1443 512 1569 552 modo
1595 513 1718 552 indi-

253 578 343 619 cet,
383 577 432 607 ut
457 568 715 608 Latinorum
748 567 878 619 debet,
922 579 1092 622 oportet,
1126 577 1168 608 et
1197 569 1368 612 similia
1426 570 1718 609 Luculentum

251 625 500 678 praesertim
532 627 768 692 exemplum
801 634 864 664 est
894 624 938 662 in
961 624 1122 677 Scytha
1153 639 1244 679 pag.
1266 641 1319 666 m.
1343 630 1438 670 593.
1465 643 1515 668 ου
1537 629 1716 692 χαλεπῶς

251 682 386 734 ἔμελλε
409 681 477 723 καὶ
497 676 621 723 αὗτόν
638 678 878 734 γνώσεσθαι.
937 681 1040 735 Etp
1048 683 1178 725 .597.
1202 691 1312 721 extr.
1334 685 1403 724 καὶ
1424 685 1582 737 ἔμελλον
1611 679 1716 724 οῧτω

250 735 582 790 διατεθήσεσθαι.
627 737 763 778 GESN.
822 738 923 776 Huc
950 696 1181 792 quadrant,
1222 753 1328 794 quae
1358 739 1463 779 Jens.
1494 739 1541 777 in
1569 738 1717 779 Lectt.

248 794 437 833 Lucian.
460 808 502 845 p.
523 799 592 863 203
621 804 770 834 contra
799 795 873 834 ΤΙι.
897 794 1086 847 Magistr-
1106 793 1265 845 adfert,
1299 794 1468 836 dicens.
1488 792 1715 848 ’Ήμελλον,

248 851 312 889 ait
336 851 410 889 le.
433 850 550 918 Mag.
580 846 765 919 Aranni,
800 868 875 892 ουκ
882 848 1087 904 Έμελλον.
1147 851 1284 904 Atqui
1313 852 1469 904 passim
1487 852 1714 901 Lucianus,

247 907 435 960 scriptor
456 902 759 958 Ἄττικωτατος,
779 906 998 977 ’Ἐμελλον,
1032 910 1205 960 ἔμελλες,
1235 908 1378 961 ἔμελλε.
1438 908 1491 947 In
1521 908 1716 947 Harmo—

247 962 351 1003 nide
376 963 444 1014 (h.
465 965 493 1003 l.
504 966 521 1015 )
545 963 632 1006 σῦε
617 966 679 1018 ἔμ
665 970 769 1014 ελλες
784 961 880 1017 ἡμῖν
899 967 1122 1017 φαίνεσθαι
1141 975 1218 1005 etc.
1279 965 1331 1003 In
1353 963 1541 1032 Scytha,
1575 962 1713 1017 Πολλη

247 1017 343 1068 ὁδὸς
368 1021 522 1073 ε’μελλεν
548 1017 660 1077 αὐτῷ
687 1023 861 1064 ἔσεσθαι.
920 1020 1031 1062 Ibid.
1072 1023 1203 1075 έμελλε
1231 1022 1296 1062 καὶ
1337 1016 1464 1062 αὐτὸν
1483 1019 1712 1089 γνώσεσθαι

238 1071 490 1131 Ἀνάχαρσιν.
551 1077 604 1116 In
629 1065 922 1128 Hermotimo,
949 1076 993 1119 O
1013 1076 1060 1131 δὴ
1083 1079 1150 1119 καὶ
1168 1080 1316 1130 δηλουν
1336 1079 1493 1131 ἔμελλεν
1522 1074 1622 1131 ἡμῖν
1640 1074 1712 1119 τὸν

244 1134 430 1202 ἔφεδρον.
493 1133 688 1174 Iterum·
676 1149 722 1172 m
751 1134 938 1186 Scytha,
979 1135 1048 1175 καὶ
1079 1137 1236 1188 ε’μελλον
1264 1132 1369 1176 οὕτω
1397 1132 1712 1198 διατεθήσεσθαι

241 1187 316 1242 τὴν
339 1189 515 1245 γνώμην
573 1191 666 1229 Et
653 1206 699 1229 m
722 1191 817 1244 ipso
852 1190 1098 1245 Thucydidis
1122 1194 1244 1240 loco,
1279 1204 1402 1244 quem
1420 1199 1518 1243 post
1538 1189 1584 1227 in
1604 1203 1711 1229 voce

241 1250 632 1289 HEPAIOYMAI
645 1245 855 1286 adducit
843 1261 935 1300 rpse
962 1249 1156 1295 leomas,
1190 1264 1244 1301 ως
1276 1249 1437 1298 ε’μελλον
1457 1244 1530 1288 τὸν
1553 1242 1708 1298 Ἕλλης-

239 1319 391 1345 ποντον
414 1303 671 1358 περαιώσειν.
731 1304 850 1343 Haec
881 1303 1047 1344 Jensius.
1112 1304 1217 1343 Cum
1246 1304 1541 1356 le.Magist10
1566 1312 1708 1341 tamen

242 1360 370 1398 etiam
392 1361 500 1399 facit
528 1361 681 1400 ZWOen's
696 1361 906 1400 Atticista.
966 1361 1025 1400 Et
1052 1375 1196 1399 verum
1226 1359 1395 1412 quidem
1417 1369 1502 1407 est,
1535 1359 1708 1403 Atticos

237 1417 471 1469 plurimum
492 1416 632 1455 dicere
650 1414 831 1470 ἤμελλον
887 1416 969 1455 Sed
987 1427 1029 1457 et
1049 1419 1208 1469 ἔμελλον
1232 1415 1411 1471 leucyd.
1431 1416 1585 1454 iterum
1606 1415 1706 1458 VII.

238 1487 277 1513 c.
296 1478 364 1516 20.
423 1473 565 1527 Igitur
585 1473 840 1525 prudentius
862 1474 1071 1513 Plzavorin.
1092 1470 1414 1526 ἠβουλόμηνειίτ,
1447 1486 1535 1511 esse
1556 1468 1610 1520 ὧς
1623 1469 1706 1512 Ἀτ-

235 1527 475 1582 τικώτερον,
519 1539 561 1568 et
590 1531 652 1568 sic
675 1529 788 1571 Suid.
849 1529 948 1568 Vid.
977 1530 1187 1570 Maittaire
1207 1529 1258 1567 de
1280 1529 1484 1567 Dialectt.
1508 1541 1605 1581 pag.
1631 1532 1701 1571 58.

234 1600 314 1625 nec
333 1595 444 1624 amat
463 1586 606 1625 Noster
625 1582 947 1641 υπεραττικίζειν.
1007 1585 1104 1626 Vid.
1129 1589 1220 1640 ejus
1241 1583 1485 1638 Lexiphan.
1509 1593 1551 1624 et
1571 1583 1701 1625 Rhet.

232 1642 376 1682 Praec.
408 1642 574 1680 Rm'rz.

348 1698 452 1738 Εαῑῖ
472 1696 925 1752 1.16.Φανήσεσθαι)
967 1699 1181 1738 Punctum
1212 1707 1311 1762 pust
1337 1696 1420 1736 hoc
1444 1695 1557 1738 verb
1585 1694 1701 1749 quod

234 1764 326 1794 erat
344 1754 390 1793 in
409 1754 536 1797 Salm.
557 1755 710 1796 Jensius
723 1717 924 1794 ndeletum
949 1756 1111 1794 voluit.
1143 1754 1251 1793 sed
1239 1768 1283 1792 1n
1307 1753 1400 1792 Par.
1421 1750 1525 1791 haec
1550 1766 1702 1805 paren·

232 1811 349 1850 thesi
367 1810 719 1860 includebantur,
755 1826 882 1865 quare
901 1826 948 1851 ea
968 1811 1029 1850 sic
1048 1811 1311 1865 reliquimus.
1331 1810 1503 1851 Rem-z.
1546 1808 1585 1848 J.
1608 1808 1701 1848 Sea·

229 1884 347 1920 geras
378 1867 513 1907 Class.
548 1868 698 1910 Journ.
724 1869 820 1910 Vol
844 1868 970 1906 XIII.
994 1881 1037 1921 p.
1061 1872 1128 1911 74
1151 1867 1301 1905 maluit
1325 1863 1621 1918 φαντάζεσθαι,
1654 1874 1702 1910 et

230 1924 387 1964 vertit·
418 1924 535 1964 liceat
555 1926 654 1963 enim
672 1928 730 1965 sic
751 1925 1130 1979 imaginavi.1mo
1160 1937 1261 1963 vero
1280 1920 1538 1975 φανήσεσθαι
1553 1923 1696 1974 legen·

232 1978 354 2030 dum,
388 1991 438 2018 ut
459 1984 590 2036 vulgo
609 1982 788 2036 legitur,
821 1992 862 2020 et
882 1979 1162 2030 reddendum,
1194 1988 1245 2017 ut
1273 1977 1486 2017 redditum
1508 1987 1592 2017 est:
1624 1987 1694 2014 at-

228 2053 303 2090 que
322 2039 474 2076 utinam
493 2040 553 2077 ita
572 2037 646 2077 tibi
662 2037 859 2078 videatur.
855 2039 866 2062 ¹
894 2040 963 2076 vel
989 2036 1133 2089 potius
1151 2050 1372 2089 appaream.
1429 2033 1583 2073 Parum
1610 2031 1697 2078 dif-

228 2093 314 2132 fert
332 2093 474 2132 illud
461 2108 508 2132 m
530 2094 614 2133 fine
637 2093 874 2133 Zeuxidis·
908 2095 968 2146 είη
990 2090 1117 2145 μόνον
1133 2091 1178 2142 α’
1165 2101 1222 2133 ια
1244 2096 1317 2133 τοῦ
1335 2089 1512 2143 θεάτρου
1536 2088 1690 2131 ‹lamni-

226 2165 299 2191 ειν.
331 2163 471 2203 neque
491 2149 573 2189 hoc
590 2151 672 2189 Pro
694 2151 825 2204 Laps.
849 2165 882 2189 c
908 2155 973 2192 17.
1011 2151 1079 2190 καὶ
1096 2152 1182 2200 εμοι
1199 2165 1240 2201 γε
1263 2149 1323 2200 εἰή
1351 2148 1475 2200 μηδὲν
1499 2150 1689 2188 τοιοῦτον

226 2204 477 2259 σφάλλεσθαι
498 2216 577 2246 etc.
610 2217 652 2246 et
671 2207 752 2245 alia
774 2205 961 2258 ejusdem
983 2205 1100 2244 modi
1116 2205 1454 2246 1nu1ta.LE11M.

338 2262 437 2331 Pag·
462 2268 554 2306 147.
578 2266 606 2302 l·
630 2269 668 2306 2
689 2261 814 2311 ”.Ωςτε
831 2259 958 2317 λόγῳ
953 2262 1022 2303 ιιὲν
1049 2257 1119 2315 ἐφ’
1149 2259 1241 2309 ἑνὸς
1274 2257 1425 2313 ἀνδρὸς
1451 2256 1688 2327 ἇναῤῥίψο-

223 2335 296 2371 μεν
314 2316 385 2361 τὸν
403 2317 530 2372 κύβον
547 2318 591 2361 τὸ
610 2317 648 2361 δ’
671 2316 750 2372 αλη
753 2320 848 2371 θὲς)
878 2319 1019 2373 Itaque
1039 2322 1164 2373 juxta
1179 2317 1459 2372 prover-bium
1443 2333 1486 2355 m
1507 2331 1583 2354 uno
1601 2318 1685 2354 viro

223 2374 352 2414 aleam
368 2377 576 2428 jaciemus,
610 2391 659 2416 ac
680 2391 810 2415 revera
836 2375 996 2430 perinde
1007 2376 1152 2432 fuerit.
1212 2374 1271 2418 At
1287 2372 1406 2437 λόγῳ
1412 2386 1500 2412 non
1519 2362 1684 2438 siguifi-

223 2441 293 2469 cat
309 2435 430 2483 juxta
442 2432 712 2486 proverbium,
744 2431 816 2472 sed
839 2432 992 2480 verbo,
1036 2442 1078 2471 et
1105 2431 1341 2484 opponitur
1370 2429 1409 2469 ei
1432 2427 1476 2470 τό
1507 2423 1679 2478 οἷληθὲς,

222 2503 262 2524 νε
280 2489 379 2540 ipsa.
438 2489 566 2528 Verte
583 2488 718 2543 igitur
735 2491 900 2528 locum:
931 2488 1070 2543 Itaque
1090 2488 1203 2527 verbo
1221 2486 1383 2549 quidem
1393 2500 1504 2539 super
1518 2497 1594 2522 uno
1609 2484 1680 2520 vi—

220 2557 265 2580 ro
285 2543 447 2582 aleam
426 2547 642 2598 jaciemus3
671 2543 740 2584 sed
768 2562 806 2584 re
826 2547 912 2599 ipsa
929 2554 1009 2587 etc.
1069 2544 1172 2583 Sic
1161 2557 1206 2582 m
1227 2542 1445 2582 Revivisc.
1466 2554 1499 2578 c.
1520 2542 1559 2582 6·
1591 2536 1680 2579 Λό-

220 2614 278 2653 γῳ
306 2599 375 2649 μὲν
401 2600 466 2653 ἐμὲ
494 2604 653 2654 ζηλοῦσι
678 2606 753 2655 τῆς
780 2599 1046 2656 ἀνθολογίας·
1085 2598 1130 2642 τὸ
1162 2600 1204 2642 δὲ
1230 2595 1377 2652 ἆληθὲς
1405 2593 1525 2647 ὗμᾶς·
1585 2594 1675 2634 Ubl

219 2667 365 2692 rursus
387 2659 494 2695 male
516 2657 747 2712 interpres:
775 2674 908 2713 meque
932 2659 1107 2698 oratione
1129 2656 1177 2697 ob
1199 2657 1272 2696 hoc
1284 2651 1530 2710 florilegium
1560 2667 1677 2691 com-

218 2709 424 2760 mendant,
453 2714 533 2751 imo
550 2729 638 2753 vero
657 2729 726 2753 vos
744 2716 861 2767 ipsos.
920 2713 1104 2754 Debuit.
1136 2712 1249 2752 verbo
1269 2708 1427 2771 quidem
1442 2723 1501 2746 me
1520 2706 1672 2747 collau

219 2765 318 2806 dant
342 2766 557 2823 obflorileg
560 2771 666 2823 ium,·
695 2786 836 2811 Ἠευεια
855 2785 933 2812 ι’.οε
992 2770 1046 2810 In
1065 2769 1245 2808 Timone
1265 2781 1298 2806 c.
1323 2771 1362 2809 8.
1385 2762 1497 2803 dixit
1517 2777 1595 2817 pro
1616 2776 1667 2803 eo
