1834 3188
414 189 1218 224 ιΝΗΕΒΜοΤιΜυΜ.
1453 174 1552 221 457

89 293 136 334 τὰ
159 295 215 340 εἷς
229 290 392 346 τρυφὴν
417 292 483 331 καὶ
505 288 733 342 εὐετηρίαν,
765 285 890 340 κενὴ,
924 285 982 329 ὅτι
1011 286 1132 339 μηδὲν
1157 284 1269 334 ἑστὸς
1300 287 1376 338 ἔχει
1401 288 1466 327 καὶ
1491 288 1553 340 βέ-

89 354 232 404 βαιον,
263 361 370 400 quae
393 347 535 385 omnia
560 356 672 385 recte
693 345 998 396 interpretatur
1021 343 1181 396 Gregor.
1204 343 1449 382 Nazianzen.
1475 344 1550 394 qui

90 408 168 458 (ut
199 404 302 443 alibi
333 403 452 451 dixi)
484 412 600 442 totus
633 412 696 442 est
724 401 771 440 in
804 400 1018 441 Luciano.
1058 400 1236 441 Bounn.
1308 398 1406 440 vid.
1441 399 1551 439 Gall.

91 477 128 505 c,
152 465 193 505 5.
223 470 329 500 extr.
375 461 532 498 LEHM.
1368 488 1371 492 .
1468 469 1485 501 j

201 517 301 571 Pag·
328 521 421 560 101.
441 519 525 560 1-3.
553 511 634 564 ‘529
661 511 742 557 ὗπό
767 518 840 557 τοῦ
867 514 1089 570 ἐρομένου)
1135 514 1187 552 Ut
1209 512 1260 552 ab
1283 529 1346 563 eo,
1388 514 1458 567 qui
1478 513 1554 552 Ιιοο

88 584 352 628 percontatur.
393 573 536 611 Bnon.

200 630 305 670 Ead.
325 633 352 668 l.
375 635 439 672 11.
474 628 761 681 Παραπέμψει)
792 626 920 667 Conf.
947 627 1056 667 infra
1078 627 1152 666 Bis
1174 627 1324 667 Aecus.
1347 640 1380 664 c.
1404 630 1443 668 1.
1468 625 1553 663 Na·

90 687 175 742 vig.
197 701 232 725 c.
259 693 297 728 1.
321 687 431 739 Epp.
459 686 659 726 Saturnn.
684 699 718 725 c,
744 688 810 727 17.
835 693 876 723 et
897 685 1032 722 Diall.
1055 686 1230 723 Merett.
1251 698 1288 727 c.
1316 688 1353 725 1.
1387 683 1552 722 SOLAN.

206 742 310 784 Ibid,
348 741 406 784 Τὰ
430 739 574 792 κοινὰ)
607 741 728 794 Quae
750 755 773 779 a
796 740 954 780 Stoicis
979 740 1206 794 paradoxis
1229 739 1379 779 merito
1405 738 1554 777 abhor-

93 808 199 840 rent.
241 801 384 840 Bnon.
1420 826 1423 829 s

202 855 304 894 EatZ.
327 859 356 896 l.
383 860 448 897 12.
472 850 827 907 Ἱπποκενταύρων
846 853 915 893 καὶ
933 853 1154 907 χιμαιρῶν)
1191 851 1423 905 VirgilNI.
1447 851 1554 889 Aen.

91 912 198 951 facit
221 912 457 951 Centauros
493 919 535 948 et
567 911 732 961 Scyllas
761 911 805 948 in
840 909 1055 947 infernum
1088 908 1304 947 vestibulo
1332 908 1556 956 stabulare,

92 983 186 1007 cum
207 968 399 1007 somniis.
462 966 699 1005 Centauros
722 976 764 1006 et
792 966 1058 1005 Chimaeram
1092 965 1228 1002 fuisse
1251 974 1378 1017 negat
1397 964 1555 1002 Luco-ct.

92 1027 141 1064 L.
164 1025 240 1063 IV.
265 1034 307 1063 et
328 1025 379 1064 V.
402 1023 566 1062 Com-1.
628 1023 678 1060 In
701 1023 846 1061 animo
864 1021 1013 1059 habuit
1043 1032 1191 1059 auctor
1210 1023 1352 1058 locum
1375 1020 1557 1059 Platonis

91 1081 135 1119 in
161 1079 338 1121 Phaedr.
362 1094 403 1134 p.
429 1086 548 1122 1211.
573 1080 645 1125 B.‚
677 1089 725 1117 ut
757 1078 1002 1117 observavit
1020 1077 1336 1116 Hervzster·kusi1cs
1369 1076 1421 1115 ad
1449 1077 1557 1114 Pro-

91 1136 220 1177 meth.
243 1137 286 1174 in
310 1136 462 1178 Verbb,
487 1151 522 1176 c.
548 1141 586 1179 5.
609 1138 730 1174 Tom.
755 1136 792 1174 I.
817 1149 856 1187 p.
880 1137 977 1177 225.
1009 1135 1168 1173 LEIIM.
1210 1137 1227 1158 ’·
1277 1155 1279 1158 ·

203 1193 304 1246 Pag.
330 1198 423 1236 102.
447 1196 474 1232 l.
496 1197 536 1235 4.
575 1191 642 1233 uH
661 1192 735 1243 τήν
759 1188 965 1245 Ου’ρανί-αν
998 1189 1128 1240 εἶναι)
1160 1187 1229 1231 ”H
1249 1187 1322 1242 τὴν
1356 1184 1560 1240 Οὐρανίαν

93 1250 251 1302 ἐκείνην
271 1260 351 1289 etc.
373 1263 524 1300 nempe
540 1246 796 1301 Ἀφροδίτην.
828 1249 1040 1290 MAncin.
1100 1249 1169 1285 De
1191 1256 1328 1284 statua
1347 1245 1557 1296 intellige,

93 1321 200 1360 quae
224 1305 404 1344 Athenis
426 1305 766 1344 celebratissima.
819 1303 916 1343 Vid.
936 1304 1088 1343 ΖΙΙιίιι-ε.
1109 1304 1204 1343 AG.
1229 1303 1304 1352 IV,
1336 1303 1432 1345 830.
1492 1301 1560 1340 Si-

92 1365 326 1400 mulacrum
346 1372 434 1401 erat
455 1375 751 1411 marmoreum,
784 1359 965 1400 Phidiae
991 1374 1114 1412 opus,
1159 1361 1263 1397 Erat
1280 1368 1321 1397 et
1346 1355 1463 1396 aliud
1487 1357 1561 1394 Al-

95 1419 301 1467 camenis,
336 1417 391 1456 ib.
416 1421 512 1462 855.
551 1419 633 1456 Pro
653 1416 755 1458 εἶναι
771 1419 825 1456 L.
852 1416 981 1456 habet
1005 1415 1129 1467 οἶμαι.
1172 1415 1383 1454 Neutrum
1410 1416 1559 1469 placet,

94 1474 233 1513 Credo
264 1475 469 1528 scriptum
495 1475 628 1513 fuisse
656 1477 738 1515 καί.
779 1473 951 1514 Sonam.
1023 1472 1169 1525 Magis
1202 1468 1411 1524 placuerit
1445 1471 1558 1511 οὐσα.

92 1530 249 1570 Nihilo
281 1540 420 1570 tamen
463 1531 624 1569 mutavi
657 1531 862 1569 laxiorem
895 1538 1173 1577 structuram,
1216 1528 1275 1565 in··
1297 1541 1378 1579 qua
1412 1529 1560 1564 saltem

94 1586 271 1640 aliquod
301 1597 364 1627 est
395 1587 640 1637 vinculum,
672 1585 789 1640 quod
820 1585 1091 1623 Infinitivum
1122 1583 1224 1625 εἶναι
1256 1598 1349 1621 cum
1383 1579 1563 1629 ἀκούσας

96 1653 253 1684 nectat.
320 1642 548 1697 Indulgere
579 1652 717 1682 autem
750 1642 833 1681 sibi
869 1641 1071 1679 nonnihil
1100 1641 1325 1680 Lucianum
1350 1649 1558 1687 nostrum,

101 1701 281 1739 maxime
302 1699 348 1738 in
368 1699 571 1754 dialogis,
604 1703 769 1738 nullum
790 1701 880 1750 ejus
900 1697 1175 1735 familiarium
1201 1697 1329 1750 fugit.
1362 1696 1521 1733 LnnM.

208 1755 309 1797 Ead.
333 1759 361 1794 l.
387 1761 454 1798 16.
486 1759 540 1797 Εἰ
560 1754 717 1808 ἀληθής
734 1757 842 1802 ἐστι)
883 1753 1009 1793 Brod.
1040 1754 1116 1793 IX.
1149 1754 1279 1792 Misc.
1320 1757 1382 1795 16.
1413 1752 1491 1789 ait:
1531 1753 1566 1792 εἰ

99 1810 248 1865 dmm.
282 1812 456 1852 emenda
482 1815 516 1853 εἰ
542 1809 698 1864 ἀληθής
717 1815 809 1853 ἐστι.
868 1809 948 1848 Sed
970 1810 1087 1862 quod
1112 1809 1148 1848 is
1173 1807 1390 1858 emendat,
1423 1806 1468 1845 id
1489 1822 1564 1847 no·

101 1879 208 1907 strae
234 1868 343 1906 Edd.
366 1872 447 1921 jam
471 1879 582 1908 recte
605 1868 829 1907 habebant.
876 1866 1038 1907 REITZ,
1093 1894 1097 1897 .

211 1925 310 1978 Pag.
335 1927 477 1969 1031.
503 1931 541 1967 2.
577 1923 830 1976 Καθάπερ
862 1921 916 1963 τὰ
945 1921 1173 1976 πρόβατα
1203 1919 1334 1975 πρὸς
1363 1918 1450 1961 τὸν
1481 1916 1566 1960 αὖ·

99 1986 194 2023 τῶν
221 1979 544 2036 ἡγούμενον]
576 1982 627 2020 In
641 1981 706 2020 his
731 1980 811 2020 etsi
825 1976 957 2020 αὐτῶν
977 1993 1062 2017 non
1078 1979 1232 2018 habeat
1252 1991 1326 2031 per
1341 1991 1398 2025 se,
1414 1977 1456 2014 in
1479 1990 1564 2029 quo

102 2037 317 2086 offendas,
353 2048 593 2091 suspectum
621 2047 759 2078 tamen
789 2049 1045 2090 magnopere
1066 2045 1129 2074 est
1150 2049 1222 2082 eo,
1257 2032 1370 2087 quod
1396 2047 1481 2071 non
1500 2046 1566 2070 so-

101 2094 255 2132 lumin
278 2095 364 2143 F1.‚
397 2095 468 2132 sed
496 2096 621 2132 etiam
646 2095 689 2132 in
718 2092 855 2133 Cocld.
882 2096 1007 2135 2954.
1035 2102 1076 2129 et
1097 2097 1220 2135 3011.
1243 2090 1370 2128 deest.
1432 2090 1565 2127 Recte

106 2147 431 2202 abesse'judicat
447 2149 623 2189 Belinus.
686 2149 956 2190 Schmiederus
976 2149 1141 2186 cautius
1161 2146 1339 2186 retinuit
1360 2145 1481 2183 uncis
1501 2144 1565 2181 in-

107 2209 289 2245 clusum:
322 2215 364 2244 et
384 2205 501 2244 hunc
534 2222 610 2245 nos
639 2205 900 2257 sequendum
935 2205 1148 2243 duximus.
1209 2202 1290 2242 Sed
1324 2202 1359 2242 J.
1378 2203 1565 2253 Seagerus

109 2263 153 2299 in
173 2262 302 2302 class.
330 2262 478 2302 Journ.
501 2263 597 2302 Vol.
621 2263 748 2303 XIII.
772 2275 810 2314 p.
831 2268 898 2305 73.
923 2275 1115 2315 magnam
1143 2259 1210 2297 his
1236 2258 1372 2297 verbis
1394 2258 1478 2296 vim
1501 2258 1566 2294 iu-

109 2318 211 2357 ferri
242 2321 356 2367 vult,
390 2332 518 2370 quum
551 2319 610 2356 sic
639 2333 685 2358 ea
717 2318 802 2371 legi
828 2317 968 2371 jubet:
1001 2315 1186 2369 καθάπερ
1215 2314 1263 2356 τὰ
1284 2313 1466 2368 πρόβατα
1484 2318 1568 2360 τοῖς

110 2376 281 2427 (ἴχνεσι)
304 2379 380 2415 τοῦ
400 2372 532 2416 αὐτῶν
550 2372 789 2428 ἡγουμένου.
853 2374 972 2426 Quae
997 2386 1247 2426 quamquam
1272 2385 1359 2409 non
1381 2368 1567 2408 diffiteor

110 2431 334 2470 Lucianum
357 2431 540 2469 scribere
561 2432 771 2482 potuisse,
806 2430 1022 2481 scripsisse
1043 2440 1180 2467 tamen
1202 2442 1289 2465 non
1312 2426 1450 2466 credo.
1483 2425 1568 2464 Of-

113 2486 253 2526 fendit
275 2485 480 2540 Seagerum
502 2487 615 2524 haud
641 2486 768 2524 dubie
790 2486 989 2537 phraseos
1013 2484 1252 2525 ἀκολουθεῖν
1273 2481 1375 2536 πρός
1394 2499 1482 2523 τινα
1504 2481 1567 2519 in·

116 2543 308 2582 solentia.
370 2544 506 2597 Quam
532 2543 566 2580 si
600 2543 706 2580 ferre
724 2543 860 2589 nolis,
895 2541 1004 2578 hanc
1037 2538 1283 2579 commendo
1306 2539 1416 2578 haud
1442 2539 1568 2591 igno-

117 2607 220 2649 tam,
253 2613 329 2638 nec
363 2603 604 2645 molestam,
636 2599 770 2645 viam,
803 2609 848 2634 ut
874 2612 894 2636 e
927 2597 1051 2634 verbo
1082 2594 1327 2637 ἀκολουθεῖν
1349 2590 1567 2633 notionem

118 2659 190 2693 τοῦ
219 2656 318 2696 ἰέναι
337 2655 543 2699 deducas,
575 2665 612 2693 et
643 2659 722 2708 jam
757 2655 978 2691 formulam
1009 2652 1216 2705 loquendi
1252 2662 1412 2690 statuas
1445 2652 1567 2697 hanc,

119 2711 222 2752 ἰέναι
240 2709 340 2766 πρὸς
359 2711 426 2754 τὸν
439 2709 677 2767 ἡγούμενον.
714 2707 826 2765 Πρὸς
840 2719 976 2748 autem
996 2723 1087 2747 cum
1102 2708 1358 2748 Accusativo
1380 2711 1568 2761 junctum
