1834 3188
240 162 341 210 468
598 173 1352 206 ADNOTATIONES

240 275 362 332 sequi
382 289 471 315 non
494 273 695 324 dabatur,
727 287 809 326 ope
829 281 969 311 tamen
1000 270 1304 326 philosophiae
1322 281 1365 313 et
1385 273 1578 314 meliores
1611 288 1703 314 sese

242 344 285 374 et
311 332 520 372 beatiores
544 331 622 381 iis,
657 344 763 383 quos
787 328 1024 382 sapientiae
1043 331 1159 367 nulla
1192 344 1289 368 cura
1320 340 1458 381 tenet,
1502 345 1701 370 evasuros

243 391 289 429 in
311 389 389 428 bac
410 388 519 438 vita,
554 387 605 426 ad
626 386 799 424 virtutis
818 385 1138 438 sapientiaeque
1153 385 1340 424 studium
1371 387 1473 426 satis
1501 402 1702 440 magnum

240 455 500 486 momentum
519 442 656 482 videri
676 442 831 483 decuit.
891 441 1044 495 Neque
1067 455 1111 480 ea
1136 442 1312 482 Luciani
1330 457 1464 494 mens,
1495 453 1544 481 ut
1566 443 1703 481 homi-

241 517 315 542 nes
340 517 362 541 a
393 499 630 553 sapientiae
657 498 801 537 studio
825 497 1078 546 retraheret,
1112 498 1185 538 sed
1210 509 1257 536 ut
1282 512 1304 536 a
1334 499 1533 538 futilibus
1555 499 1704 553 Legi-2

243 572 388 598 corum
411 557 529 595 tricis
552 564 679 608 atque
702 554 973 607 captionibus
993 554 1176 606 aliisque
1197 554 1500 608 philosophiae
1517 555 1583 594 sui
1600 565 1704 594 tem·

243 614 360 668 poris
382 613 503 652 vitiis
528 611 582 650 ad
603 609 732 650 vitam
765 621 877 649 recte
910 621 1037 664 atque
1069 610 1245 649 honeste
1279 611 1612 660 instituendam,
1653 621 1704 650 ut

243 673 290 710 in
325 668 600 723 sequentibus
635 666 824 717 videbis,
877 676 1064 707 revocet.
1126 666 1492 719 Quemadmodum
1535 667 1707 707 Isocrati

244 741 412 779 operam
435 725 581 763 dantes
599 722 747 762 irridet
767 722 881 774 apud
900 722 1158 763 Plutarchum
1176 725 1240 764 M.
1263 724 1386 775 Cato,
1408 725 1449 762 in
1470 726 1561 777 ejus
1583 723 1708 762 sebo-

242 787 282 823 la
305 790 582 830 senescentes,
616 780 724 834 apud
739 780 906 836 inferos,
938 781 973 818 si
991 780 1078 818 Diis
1092 779 1236 833 placet,
1267 791 1511 830 arteusuroe,
1543 795 1585 834 p.
1607 785 1705 822 641.

246 839 407 879 Confer
426 840 564 876 autem
586 837 791 875 Nostrum
820 836 895 876 Bis
918 835 1069 878 Aecus.
1094 851 1128 876 c.
1149 842 1216 880 21.
1250 836 1302 875 ad
1327 851 1452 892 quem
1477 840 1617 876 locum
1642 850 1711 875 ea-

244 895 336 935 dem
362 894 473 933 dicta
496 902 634 946 putes,
667 894 836 932 Somm.

355 951 454 1004 Pag.
482 952 621 993 110.1.
642 953 682 992 9.
716 949 973 1003 Διατρίβετε)
1009 947 1138 988 Conf.
1166 948 1268 989 infr.
1288 949 1372 1004 Qu.
1394 950 1508 991 Hist.
1533 949 1708 989 Conscr.

243 1025 281 1050 c.
299 1014 340 1052 7.
373 1009 540 1047 SoLAn.

358 1063 459 1106 Ead.
478 1066 505 1102 1.
533 1068 596 1106 13.
617 1059 823 1114 ’Ἀφικτα)
855 1062 978 1116 Angl.
1002 1071 1044 1101 et
1066 1063 1153 1102 Ms.
1177 1061 1350 1113 ἄφυκτα.
1381 1063 1560 1102 Bonan.
1617 1062 1710 1101 Le·

247 1137 298 1177 ge
322 1121 496 1173 ἄφυκτα.
531 1120 705 1159 GUYET.
755 1118 942 1169 ’'Aqovuw
970 1120 1015 1158 B.
1047 1119 1096 1155 A.
1133 1127 1174 1156 et
1205 1120 1270 1160 M.
1301 1120 1479 1172 Reliqui
1509 1127 1709 1170 corrupte

245 1178 408 1230 ἅφικτα.
442 1178 610 1217 SOLAN.
670 1175 850 1227 Proprie
873 1175 984 1212 enim
1008 1173 1179 1226 ἄφιππος
1210 1174 1260 1214 de
1292 1179 1510 1222 luctante,
1541 1176 1609 1229 qui
1630 1190 1712 1212 au-

234 1236 383 1292 fugere
400 1248 477 1272 non
495 1242 639 1286 potest,
671 1230 902 1270 Anachars.
926 1245 962 1271 c.
986 1236 1025 1273 2.
1050 1231 1235 1281 ἄφυκτον
1256 1241 1394 1271 autem
1427 1231 1477 1271 de
1509 1235 1606 1270 loco
1641 1233 1712 1269 vel

248 1290 526 1340 conditione,
559 1288 659 1327 uncle
677 1290 764 1342 quis
785 1286 889 1326 elabi
915 1303 992 1326 non
1013 1287 1127 1327 valet.
1188 1288 1386 1327 Solennis
1419 1288 1478 1326 sic
1506 1286 1714 1338 imprimis

248 1349 432 1387 formula
454 1347 495 1387 ἒν
522 1340 694 1400 οἷφύκτῳ
718 1342 842 1392 εἶναι,
874 1346 943 1382 vel
962 1345 1139 1396 ἔχεσθαι,
1171 1354 1220 1382 ut
1243 1346 1375 1386 Deor,
1396 1345 1531 1385 Diall.
1552 1343 1711 1392 XVII,

249 1410 287 1449 1.
309 1403 359 1443 de
377 1403 518 1441 Marte
548 1403 593 1439 in
625 1400 811 1439 vinculis
831 1400 1015 1438 Vulcani
1046 1399 1259 1441 haerente.
1322 1400 1391 1441 Cf.
1425 1399 1654 1439 Anachars.
1676 1413 1712 1437 c.

247 1465 319 1505 29.
342 1458 618 1498 Transfertur
641 1457 702 1494 sic
727 1456 778 1494 ad
803 1455 1117 1505 disputationes
1140 1457 1364 1508 captiosas,
1382 1457 1537 1510 quihus
1557 1455 1714 1494 adver-

250 1516 384 1555 sarius
413 1512 671 1566 impediatur
695 1512 778 1561 ita,
810 1521 860 1550 ut
883 1526 926 1550 se
945 1512 1146 1564 expedire
1171 1523 1364 1566 nequeat.
1426 1514 1541 1552 Bene
1567 1513 1716 1563 itaque

248 1575 320 1612 De
337 1573 469 1612 Mero.
494 1568 629 1610 Cond.
652 1583 687 1606 c.
708 1574 746 1612 3.
766 1582 860 1606 cum
880 1566 990 1608 πάνυ
1010 1567 1152 1622 εὔλογα
1174 1569 1466 1622 conjungitur,
1494 1569 1561 1609 καὶ
1580 1567 1713 1617 ἄφυκ-

248 1647 308 1671 τα.
365 1629 423 1667 Et
444 1626 486 1665 h.
511 1628 539 1666 l.
564 1626 602 1672 ἐς
624 1623 784 1675 ἄφυκτοι
816 1624 1004 1677 ἐμβαλεῖν
1041 1626 1200 1677 optime
1234 1624 1347 1663 cadit
1381 1625 1426 1663 in
1456 1639 1528 1664 eos
1559 1623 1713 1675 philo—-

251 1685 435 1738 sophos,
469 1681 542 1734 qui
565 1681 745 1719 versutis
770 1680 1092 1734 quaestionibus
1123 1692 1163 1720 et
1184 1680 1625 1735 argumentationibus
1646 1682 1714 1716 al·-

249 1752 315 1781 ter
338 1744 514 1792 alterum
541 1737 772 1790 illaqueare
794 1735 994 1784 student,
1028 1736 1164 1776 donec
1195 1737 1459 1777 adversarius
1486 1751 1528 1776 se
1550 1737 1711 1775 victum

251 1796 518 1837 confiteatur.
579 1793 734 1832 Lectio
757 1795 929 1845 vulgata
960 1793 1001 1840 ἐς
1026 1790 1178 1843 ἅφικτα
1214 1808 1266 1832 ex
1297 1792 1561 1846 imprudenti
1593 1791 1712 1830 vocis

250 1851 486 1904 ἀνέφικτος,
520 1864 625 1903 quae
647 1849 798 1901 etipsa
828 1848 985 1900 passim
1015 1848 1126 1900 apud
1155 1859 1345 1888 nostrum
1366 1849 1612 1902 scriptorem
1635 1862 1716 1886 oc—

251 1909 405 1955 currit,
441 1916 489 1945 ut
510 1920 636 1959 supra
668 1920 759 1959 cap.
783 1910 872 1955 67.,
916 1906 1252 1945 commutatione
1284 1915 1376 1945 orta
1406 1916 1495 1945 esse
1524 1903 1710 1944 videtur.

249 1966 407 2010 LmrM.

362 2022 460 2073 Pag-
483 2024 576 2063 111.
599 2022 628 2058 l.
651 2023 690 2062 6.
716 2015 896 2073 Ὀλκοῦ)
923 2015 1071 2061 ‘ornav
1094 2018 1144 2057 de
1167 2032 1346 2071 corpore
1370 2017 1578 2070 serpentis
1604 2015 1714 2065 dici,

253 2077 436 2117 idoneus
468 2086 615 2115 auctor
645 2074 848 2115 Nicander
870 2082 1035 2127 θηριακ.
1062 2089 1158 2129 pag.
1185 2080 1277 2117 162.
1294 2084 1337 2114 et
1353 2073 1598 2128 praesertim
1623 2077 1715 2117 166.

249 2132 388 2191 Ὀλκῷ
411 2133 451 2175 δὲ
470 2130 700 2186 τροχόωσαν
721 2127 850 2172 ἅλων’
869 2133 1034 2180 εἱλίξατο
1057 2134 1163 2188 γαίῃ.
1223 2131 1445 2170 Caeterum
1467 2141 1635 2169 tractum
1656 2137 1716 2168 et-

254 2190 338 2229 iam
364 2189 540 2237 Latini,
575 2197 684 2227 certe
715 2192 891 2240 poetae,
926 2186 1129 2227 dixerunt
1149 2202 1235 2226 non
1257 2187 1419 2232 minus,
1454 2201 1576 2240 quam
1595 2185 1718 2225 volw·

252 2264 352 2286 men.
417 2244 669 2285 Gemanicus
692 2243 737 2281 in
761 2243 926 2283 Arateis
945 2248 1041 2286 424.
1074 2243 1125 2283 de
1160 2243 1322 2296 hydro,
1363 2254 1492 2283 tractu
1516 2242 1619 2281 subit
1648 2240 1717 2280 ille

253 2303 414 2342 leonem.
472 2300 580 2342 Add.
600 2300 752 2338 Nemes.
779 2302 855 2338 ecl.
877 2304 925 2347 4,
951 2306 1020 2343 40.
1053 2310 1154 2340 torto
1176 2316 1253 2339 non
1275 2316 1458 2354 squamea
1479 2309 1609 2337 tractu
1639 2297 1715 2336 Si*

251 2370 350 2411 gnat
371 2360 528 2397 humum
547 2372 722 2409 serpens-‚·
756 2354 832 2393 ubi
850 2356 1100 2396 Burmannus
1118 2366 1160 2396 et
1183 2356 1456 2396 Germanicum
1475 2353 1639 2402 laudat,
1672 2362 1716 2391 et

259 2414 374 2453 Ovicl,
396 2415 506 2454 Met.
531 2417 581 2458 15
597 2444 608 2463 ‚
630 2415 726 2456 725.
786 2411 940 2465 Itaque
964 2427 1051 2452 non
1072 2416 1178 2451 male
1201 2410 1340 2461 ὁλκόν,
1375 2412 1449 2465 qui
1469 2408 1547 2452 ἀπὸ
1565 2414 1636 2450 τοῦ
1654 2410 1711 2450 ἕλ-

255 2486 348 2510 κειν.
362 2471 439 2518 sit,
469 2479 518 2509 ut
538 2484 558 2508 a
581 2467 771 2508 trahendo
788 2478 956 2518 tractus,
999 2470 1061 2508 sic
1091 2467 1212 2508 reddi
1243 2467 1486 2508 arbitrabar.
1543 2466 1615 2504 De
1637 2481 1715 2505 vo·-

255 2524 400 2564 lumine
418 2540 481 2565 res
504 2535 620 2565 nota.
653 2525 789 2566 Gasn.

369 2581 520 2621 Ead.1.
542 2587 580 2626 7.
613 2577 806 2635 Ἐκχέας)
852 2580 954 2625 Vid.
982 2596 1109 2634 supra
1139 2580 1292 2620 Piscat.
1324 2593 1411 2630 cap.
1432 2581 1500 2621 24.
1544 2578 1709 2619 Some.

256 2636 477 2675 'Praeterea
503 2637 553 2676 ad
572 2636 655 2676 hoc
675 2637 789 2676 verb.
811 2637 985 2676 notabat
1005 2637 1116 2676 idem
1144 2636 1334 2683 solanus,
1365 2634 1498 2687 ἐκχέας
1519 2633 1564 2672 in
1589 2635 1626 2673 J.
1650 2634 1709 2673 H.

259 2700 301 2731 et
322 2692 383 2733 Fl.
405 2692 503 2745 legi.
563 2692 648 2733 Sed
668 2702 710 2732 et
738 2693 896 2748 legitur
914 2693 958 2732 in
977 2693 1178 2747 reliquis,
1221 2701 1332 2732 certe
1355 2690 1399 2728 in
1417 2690 1520 2731 Αἶά.
1547 2697 1579 2734 1.
1606 2699 1648 2730 et
1667 2691 1710 2730 S.
