1834 3188
382 189 468 219 IN
540 184 1194 217 HERMOTIMUM.
1427 172 1528 218 477

61 288 138 329 alii
170 286 310 336 casui,
344 300 467 340 quam
499 285 543 325 in
579 293 725 333 textu,
767 286 1026 338 jungeretur.
1096 281 1333 331 Neutrum,
1366 296 1527 333 vereor,

61 361 114 385 ne
137 344 238 383 satis
261 357 460 398 prospere
483 340 594 381 effici
615 342 762 393 possit.
799 341 909 380 Nam
927 353 1057 393 quum
1075 335 1178 392 ἦϊών
1200 339 1375 378 omnino
1396 339 1532 393 signi-

63 401 162 440 ficet
184 401 286 440 litus
307 399 432 437 maris
456 397 712 443 fluminisve,
745 397 852 436 bene
877 394 1048 450 quidem
1070 396 1215 434 fatuus
1237 397 1309 435 ille
1330 395 1460 434 homo
1482 395 1530 434 in

62 457 147 496 hoc
167 457 296 496 litore
319 456 497 494 omnino
524 454 657 493 fuisse
682 453 864 502 dicitur;
895 453 1021 492 simul
1043 462 1181 491 autem
1197 483 1208 501 ,
1242 462 1290 491 ut
1309 452 1534 507 intellige-

63 524 196 564 retur,
225 512 440 566 quomodo
468 510 620 549 fluctus
641 510 715 549 ille
736 524 956 549 numerare
975 518 1133 561 posset,
1167 508 1406 549 addendum
1428 518 1531 558 erat,

65 585 158 609 eum
178 567 230 608 ad
254 568 514 620 crepidinem
537 565 802 616 consedisse,
834 566 948 605 unde
967 564 1074 604 illud
1097 564 1347 606 efficeretur.
1402 566 1532 604 Verte

65 627 210 679 itaque
230 640 325 664 cum
361 624 548 665 Ges-nero:
579 621 769 661 sedentem
789 625 831 662 in
853 621 966 661 liiore
986 621 1042 660 acl
1057 625 1306 676 fluctuosum
1327 639 1458 674 mare‚·
1490 631 1534 660 et

64 682 282 736 intelliges
305 681 454 729 etiam,
488 694 561 718 cur
582 680 647 720 ἐπὶ
668 679 850 732 primum
875 693 969 717 cum
993 678 1222 728 Ablativo,
1256 678 1411 718 deinde
1437 693 1532 718 cum

62 738 346 786 Accusativo‚
381 745 670 775 constructum
701 736 770 774 sit.
832 735 925 775 Nec
948 750 1035 774 non
1063 735 1228 787 patebit
1247 749 1416 785 caussa,
1450 749 1532 788 qua

65 795 217 833 ductus
254 807 414 833 comma
450 801 546 844 post
581 790 853 844 καθεζόμενον
885 794 1015 845 vulgo
1056 792 1245 843 positum
1280 791 1418 832 delere
1451 791 1534 830 de—

64 851 282 890 creverim.
324 848 525 887 Fabulam
549 848 683 901 ipsam
702 848 899 888 Aelianus
917 849 970 888 V.
996 848 1050 887 H.
1070 848 1208 896 XIII,
1233 852 1298 892 15.
1322 863 1444 903 quem
1470 851 1534 887 lo-

66 922 161 946 cum
182 917 224 945 et
244 905 416 945 Salanus
430 903 599 955 laudat,
618 905 797 944 Cornico
817 903 981 943 cuidam
1003 909 1156 957 poetae
1176 903 1404 953 adscribit,
1431 907 1538 943 stul-

64 974 154 1002 tum
179 963 306 1000 istum
333 960 573 1014 Coecylionis
598 961 774 1001 nomine
802 963 1043 1015 appellans,
1077 975 1203 1013 quem
1233 961 1462 1000 Eustathius
1483 959 1536 998 ad

67 1019 224 1071 Odyss.
254 1023 305 1059 K.
348 1017 573 1069 Πολύωρον
603 1027 752 1065 vocat,
787 1031 1041 1073 quamquam
1077 1017 1148 1055 hic
1179 1032 1267 1057 non
1297 1014 1537 1070 ἀριθμῆσαι,

68 1074 142 1115 sed
162 1080 376 1129 μετρῆσαι,
409 1072 458 1115 τὰ
477 1073 634 1128 κύματα
652 1074 915 1127 perhibetur.
976 1074 1067 1115 Jam
1090 1089 1218 1128 quum
1239 1076 1285 1111 in
1305 1075 1458 1128 Aesopi
1476 1075 1540 1111 fa-

66 1132 181 1170 bulis
205 1132 308 1171 haec
330 1145 418 1169 non
441 1131 692 1183 reperiatur,
723 1131 902 1170 obscura
925 1130 1064 1169 adhuc
1085 1140 1228 1170 manet
1246 1130 1430 1180 fabulae,
1456 1133 1537 1180 vel,

66 1189 103 1227 si
127 1189 261 1240 malis,
293 1187 500 1226 historiae
521 1188 658 1241 origo.
720 1187 983 1227 Procedente
1003 1197 1142 1227 autem
1163 1197 1355 1241 tempore
1376 1188 1420 1226 in
1440 1201 1539 1241 pro-

65 1244 260 1284 verbium
284 1244 438 1283 abiisse
463 1243 647 1283 videtur.
678 1245 839 1285 meM.

181 1301 399 1353 Pag.117.
429 1303 458 1339 l.
484 1305 522 1343 8.
565 1300 876 1358 Μεταμαθήσῃ)
914 1300 1016 1341 Ald.
1045 1300 1154 1341 Junt.
1196 1301 1311 1356 Hag.
1346 1301 1441 1341 Par.
1475 1301 1537 1342 Fl.

67 1371 148 1396 nec
185 1357 360 1405 dubito,
402 1355 507 1408 quin
538 1366 581 1396 et
606 1358 818 1412 reliquae,
859 1357 1074 1397 habebant
1114 1359 1336 1414 μεταθήσῃ.
1407 1356 1539 1411 Quod

65 1415 252 1462 mutavi,
288 1413 388 1465 quia
412 1412 671 1471 μεταμαθήσῃ
705 1414 775 1453 hic
805 1418 934 1467 longe
968 1415 1129 1467 aptius:
1165 1416 1382 1469 significat
1408 1414 1537 1461 enim,

68 1469 154 1509 alia
173 1469 234 1508 vel
249 1469 413 1508 meliora
432 1468 590 1520 discere,
620 1484 667 1508 ae
683 1473 855 1524 pristina
875 1470 1081 1519 dediscere,
1117 1473 1234 1524 quod
1255 1481 1419 1510 notum,
1454 1469 1539 1509 Sed

68 1536 110 1566 et
129 1537 279 1564 mutare
300 1527 474 1563 animum
506 1537 620 1566 recte
648 1528 828 1566 vertitur
857 1541 921 1579 ap.
943 1528 1206 1581 Aristophan.
1230 1528 1274 1566 in
1301 1529 1413 1567 Plut.
1441 1530 1539 1569 925.

73 1578 176 1624 Οὐδ’
202 1580 252 1624 ἂν
272 1579 538 1635 μεταμάθοις,·
569 1587 655 1624 ΣΥ.
682 1579 783 1624 Οὐδ’
806 1581 857 1624 ἂν
879 1585 993 1636 δοίης
1015 1585 1058 1637 γε’
1081 1601 1150 1636 μοι
1172 1583 1243 1626 τὸν
1260 1588 1451 1625 Πλοῦτον
1471 1578 1543 1623 αὗ-

66 1639 152 1681 τόν.
184 1640 348 1677 Rmrz.
409 1642 638 1695 Μεταθήσῃ
666 1639 823 1678 habent
847 1640 974 1679 etiam
1003 1641 1051 1679 A.
1076 1646 1113 1683 1.
1136 1646 1175 1683 2.
1199 1643 1250 1682 Β.
1277 1647 1315 1684 1.
1339 1647 1378 1684 3-
1401 1654 1541 1691 neque

68 1696 113 1734 id
134 1696 288 1734 mutari
322 1693 523 1744 debebat,
557 1696 699 1749 judice
733 1696 859 1734 etiam
893 1696 1107 1753 Schaefero
1130 1696 1181 1735 ad
1201 1698 1254 1736 L.
1279 1699 1363 1737 Bos
1384 1696 1433 1735 de
1458 1697 1545 1733 El-

68 1753 185 1805 lipss.
210 1766 251 1803 p.
274 1756 343 1794 86.
370 1755 679 1794 Μετατίθεσθαι
701 1752 812 1791 enim
837 1761 900 1791 est
921 1764 1096 1802 mentem,
1129 1757 1370 1803 sententiam,
1403 1755 1540 1801 vitam,

70 1824 258 1859 moresve,
293 1822 384 1846 suos
414 1818 586 1857 mutare,
629 1807 744 1860 quod
781 1807 916 1846 discas
947 1824 969 1848 e
995 1810 1093 1850 Jov.
1125 1810 1304 1850 Confut.
1336 1824 1372 1849 c.
1406 1814 1469 1851 10.
1502 1819 1546 1846 et

72 1865 230 1916 Cynic.
256 1878 292 1904 e.
314 1869 379 1907 18.
400 1863 477 1902 ubi
509 1865 608 1904 vide
631 1864 788 1904 Gesner-i
821 1874 982 1904 notam.
1017 1864 1301 1922 Μεταμαθήσῃ
1330 1864 1544 1920 Sclzacfero

75 1925 281 1976 glossema
303 1933 395 1958 esse
426 1919 621 1970 videtur,
655 1919 770 1974 quod
791 1920 954 1959 Belinus
972 1935 1049 1975 pro
1072 1922 1359 1975 Subjunctivo
1383 1922 1545 1960 habens

75 1992 174 2017 vere
210 1976 509 2016 miserabiliter
550 1977 596 2014 in
638 1975 932 2030 μεταμαθήσεις
969 1978 1124 2016 mutari
1164 1978 1316 2018 voluit.
1379 1978 1546 2017 Melius

75 2033 212 2074 eidem
235 2032 375 2072 Belino
396 2034 520 2072 cessit
543 2033 784 2072 emendatio
800 2033 967 2087 ‚diva-⁶29
990 2029 1034 2076 εὖ
1065 2039 1224 2091 φρονῇς
1248 2049 1269 2073 e
1291 2033 1399 2075 Cod.
1419 2038 1545 2078 2954.

76 2103 155 2143 pro
188 2091 303 2141 vulg.
339 2095 517 2140 φρονεῖς.
590 2091 745 2129 Verum
782 2091 825 2128 in
856 2091 1055 2129 universa
1082 2092 1169 2130 loci
1206 2101 1417 2130 structura
1446 2100 1548 2129 sunt

77 2154 317 2200 praeterea,
351 2146 395 2182 in
416 2145 572 2197 quibus
595 2146 799 2185 offendas.
858 2146 1045 2186 Attende
1073 2148 1277 2200 primurn,
1309 2162 1389 2201 qua
1411 2147 1548 2185 ratio-

78 2216 132 2241 ne
158 2201 342 2239 invicem
367 2204 688 2255 conjungantur
717 2200 858 2254 ἀξιῶν,
890 2205 958 2245 καὶ
977 2203 1269 2257 συμπολιτεύσῃ
1292 2205 1460 2251 (mutila
1485 2212 1548 2242 est

78 2258 210 2298 lectio
247 2255 355 2296 Cod.
377 2261 501 2300 2954.
530 2257 795 2314 πολιτεύσῃ),
824 2259 900 2298 ubi
930 2269 1217 2313 exspectasses
1253 2257 1549 2312 συμπολιτευό-

78 2330 208 2368 μενος.
267 2314 326 2351 At
348 2312 459 2351 nihil
485 2313 734 2352 mutandum
760 2329 910 2355 censeo
926 2347 937 2365 ,
972 2330 1102 2369 quum
1123 2317 1303 2355 liberior
1326 2316 1430 2356 haec
1451 2317 1546 2369 qui-

81 2370 175 2408 dem
197 2369 253 2407 sit
275 2369 434 2415 oratio,
470 2370 514 2407 in
535 2385 615 2424 qua
640 2371 767 2410 facile
788 2386 841 2410 ex
861 2385 987 2411 sensu
1009 2372 1301 2425 praecedentis
1321 2373 1546 2425 Participii

80 2429 278 2478 suppleas
302 2428 357 2472 εἰ,
392 2425 506 2479 quod
541 2441 634 2464 curn
663 2428 828 2466 Futuro
860 2437 1073 2477 nectatur,
1107 2428 1460 2482 quemadmodum
1487 2439 1548 2467 et·

81 2483 164 2521 iam
185 2482 436 2534 interpretes
461 2496 606 2521 omnes
628 2492 739 2522 recte
762 2493 991 2525 verterunt.
1037 2485 1130 2524 Neo
1155 2484 1309 2523 desunt
1330 2485 1372 2522 in
1400 2495 1547 2524 nostro

81 2538 289 2590 scriptore
325 2537 451 2591 hujus
489 2539 656 2592 generis
691 2539 1059 2578 Anacoluthorum
1100 2544 1303 2593 exempla.
1378 2542 1448 2582 Cf.
1477 2544 1548 2580 De

84 2594 218 2633 Mero.
243 2593 380 2633 Cond.
418 2609 450 2635 c,
478 2600 545 2639 32.
577 2595 724 2648 ibique
753 2605 910 2634 notam.
968 2596 1099 2634 Nunc
1129 2606 1268 2636 autem
1299 2598 1548 2638 ostendatur

85 2648 192 2687 mihi
213 2650 361 2700 velim,
393 2665 477 2705 quo
498 2654 611 2704 jure,
644 2665 782 2704 quove
813 2665 962 2701 sensu,
996 2651 1278 2691 adnectantur
1298 2654 1448 2696 verba:
1480 2657 1548 2696 καὶ

82 2702 159 2747 οὐκ
192 2703 359 2762 αἰσχύνῃ
387 2717 467 2748 etc.
501 2707 541 2746 h.
573 2721 608 2748 e.
641 2723 709 2748 nec
731 2707 851 2761 pudet
880 2718 913 2747 te
943 2717 1021 2749 etc.
1055 2708 1099 2748 in
1131 2709 1369 2759 Praesenti,
1413 2727 1545 2768 quum
