1834 3188
251 172 350 217 398
609 177 1360 212 ADNo'rA'rronns

251 281 339 320 loci
360 279 496 319 verbis
520 280 577 319 cf.
599 278 765 331 Catapl.
787 291 822 318 c.
844 281 911 320 22-
937 270 967 328 ἦ
995 276 1054 331 τῷ
1080 275 1232 331 διαγνῷ
1257 273 1440 331 (διαγνιδ
1461 273 1625 324 Reizz.)
1653 291 1714 325 τις

253 340 432 380 ἐνταῦθα
453 338 488 378 εἰ
503 346 581 378 etc.
612 336 771 374 LEHM·
1513 338 1516 342 ’

367 393 464 446 Pag.
486 397 552 435 29.
575 395 602 431 l.
623 398 661 436 6.
683 390 742 432 uO
761 390 800 432 δὲ
820 386 1020 443 βούλομαι
1039 389 1186 438 εἰπεῖν,
1217 386 1330 431 τοῖόν
1345 389 1387 431 δέ
1403 390 1527 438 ἔστιν,
1558 384 1630 443 οὔχ
1650 387 1713 431 ὅτι

250 456 324 505 τῆς
343 449 504 505 γνώμης
525 453 605 489 τῶν
628 444 787 501 ἆνδρῶν
806 448 919 498 ἔρωτι
938 442 1126 498 προςήεις
1149 443 1311 493 αὐτοῖς)
1355 444 1588 485 Immodice
1624 445 1712 499 Ορ-

253 525 434 561 sopocus,
467 508 544 544 nisi
562 507 660 543 enim
680 503 866 558 mefallit
883 504 1053 551 animus,
1089 501 1166 540 tale
1186 501 1376 556 quiclclam
1394 513 1471 551 est,
1504 501 1610 557 quod
1628 501 1712 541 dic-

252 577 362 603 turus
387 580 484 610 sum,
503 564 684 599 nimirum
703 571 738 598 te
755 558 961 613 parandae
979 569 1013 596 et
1038 557 1281 610 colligendae
1297 561 1511 611 sapientiae
1531 558 1712 611 cupidine

254 638 340 660 cum
358 618 579 658 istiusmodi
603 619 696 655 viris
718 617 948 655 conversari.
1008 613 1202 652 Absurde
1225 614 1459 653 Benedictus
1485 623 1526 653 et
1546 624 1711 666 praeter

254 678 429 722 Graeca,
446 673 670 712 istiusmodi
690 683 816 711 autem
838 682 903 720 est,
930 670 1035 725 quod
1054 670 1143 708 volo
1159 670 1295 719 dicere,
1311 687 1388 710 non
1408 669 1533 709 solum
1554 673 1712 723 sapien-

252 736 331 771 tiae
351 734 520 769 virorum
542 730 702 768 illorum
721 745 851 767 amore
871 739 1007 780 captus
1025 730 1128 780 ipsos
1150 726 1329 775 adivisti,
1362 726 1429 765 secl
1447 729 1487 764 in
1508 742 1593 779 sap.
1653 728 1712 765 At

252 788 462 842 particula
493 784 563 839 οὐχ
590 796 653 824 est
686 785 757 823 hic
780 783 1025 836 accipienda
1056 797 1131 835 per
1153 783 1553 836 interrogationem;
1588 785 1711 835 cujus

252 854 397 883 notam
419 857 512 882 cum
535 841 794 895 subjecerint
815 840 916 878 huic
936 838 1114 892 periodo
1145 839 1430 888 Basileenses,
1464 841 1541 891 qui
1566 839 1713 890 potuit

253 900 409 939 eisdem
432 902 598 951 placere
628 898 850 950 Obsopoeus
865 896 887 936 Ρ
918 895 1158 947 Adscripsit
1181 910 1277 934 vere
1299 905 1438 947 pater,
1475 894 1591 945 Quod
1612 897 1714 933 enim

253 957 379 996 dicere
395 955 505 1004 volo,
537 958 594 994 sic
622 971 661 993 se
680 954 819 993 habet:
849 953 990 991 Nonne
1013 953 1197 991 scientiae
1219 954 1390 990 virorum
1411 966 1541 990 eorum
1572 966 1714 989 caussa

252 1014 307 1053 acl
324 1012 414 1051 illos
433 1011 610 1060 accedis,
641 1022 676 1049 et
706 1033 763 1040 —-
792 1010 814 1050 Ξ)
846 1010 989 1047 GRON.

366 1068 468 1108 Ead.
491 1071 516 1110 1,
540 1073 579 1111 7.
626 1064 706 1120 Οὐχ
734 1063 822 1112 ὅτι)
865 1066 917 1103 In
948 1063 1196 1118 hujusmodi
1233 1064 1400 1103 voculis
1434 1072 1483 1102 ut
1511 1073 1712 1102 venustas

250 1126 445 1179 linguae,
480 1125 539 1162 ita
561 1124 687 1161 etiam
720 1120 950 1159 difficultas
976 1121 1189 1158 consistit.
1246 1120 1498 1173 Saepissime
1518 1120 1579 1157 sic
1599 1118 1713 1171 apud

250 1183 438 1222 Nostrum
461 1183 696 1218 collocatur
714 1176 821 1215 illud
842 1174 931 1218 ου’κ.
968 1177 1134 1218 SOLAN,

363 1237 465 1277 Ead.
491 1239 519 1274 l.
545 1241 582 1279 8.
617 1237 698 1277 Καὶ
721 1231 882 1285 ἠξίους)
913 1233 1030 1286 Lege
1049 1234 1216 1273 forsan:
1244 1227 1361 1274 Ἀλλόι
1379 1232 1445 1274 καὶ
1461 1226 1612 1283 ἠξίους.
1643 1231 1714 1270 Sic

252 1295 476 1346 interpres,
512 1293 688 1333 Gur-ET,
739 1289 902 1328 Pendet
919 1289 1128 1342 judicium
1148 1290 1198 1327 ab
1219 1303 1362 1328 eorum
1381 1287 1572 1338 veritate,
1607 1301 1715 1341 quae

252 1350 380 1390 modo
404 1349 454 1389 de
481 1349 606 1400 hujus
629 1349 716 1387 loci
739 1361 866 1384 sensu
889 1355 930 1384 et
955 1345 1005 1384 de
1025 1346 1326 1398 particularum
1353 1342 1425 1398 οὔχ
1446 1341 1506 1386 ὅτι
1528 1354 1716 1396 potesta-

252 1417 294 1446 te
315 1406 514 1444 disseruit
539 1405 770 1444 Gronovius.
833 1402 954 1455 Quae
975 1402 1010 1439 si
1034 1416 1130 1440 vera
1149 1413 1262 1453 sunt,
1294 1411 1341 1440 ut
1362 1411 1461 1439 sunt
1480 1400 1712 1450 verissima,

252 1463 519 1516 ineptissime
543 1471 811 1514 sequeretur,
843 1457 957 1512 quod
995 1456 1164 1512 Guyetus
1191 1462 1311 1507 vult,
1345 1454 1440 1498 ἀλλὰ
1466 1457 1535 1497 καὶ
1552 1452 1715 1508 ἠξίους,

252 1520 339 1557 imo
370 1519 494 1556 unice
524 1527 636 1556 recte
667 1515 915 1568 adjungitur
950 1513 1131 1565 simplex
1167 1517 1344 1566 copula:
1392 1514 1533 1552 ‚Nonne
1563 1512 1715 1562 (nicht

254 1574 439 1624 wahr‘?)
472 1576 607 1612 mentis
628 1572 787 1611 illorum
810 1587 940 1609 amore
962 1569 1101 1608 (luctus
1125 1570 1266 1608 adibas
1284 1586 1366 1618 eos,
1401 1581 1434 1608 et
1454 1567 1608 1607 volebas
1635 1578 1715 1607 etc.

251 1632 405 1683 Itaque
430 1640 539 1669 recte
561 1630 823 1667 Basileenses
848 1625 961 1678 (Ed.
985 1632 1019 1668 1.
1043 1635 1084 1662 et
1107 1627 1175 1675 3.)
1206 1626 1251 1663 in
1273 1625 1511 1664 sententiae
1536 1624 1619 1662 fine
1639 1625 1717 1662 in—

251 1686 581 1740 terrogationem
613 1685 882 1731 indicarunt,
918 1680 1033 1735 quod
1058 1681 1102 1718 in
1126 1683 1176 1721 A.
1200 1687 1235 1723 1.
1259 1687 1299 1725 2.
1323 1685 1560 1735 neglectum
1590 1681 1717 1719 facile

253 1745 519 1781 occasionem
552 1740 748 1793 praebuit
781 1739 1052 1791 importunae
1073 1737 1316 1790 corrigendi
1339 1735 1524 1777 libidini.
1556 1736 1716 1775 me.

363 1799 461 1851 Pag.
482 1804 549 1842 30.
574 1801 602 1836 1.
628 1803 668 1839 2.
696 1794 748 1837 ‘O
772 1800 874 1848 γοῦν
896 1791 1083 1847 ΙνῙῶμος)
1115 1793 1276 1832 Fabula
1301 1793 1352 1833 de
1369 1793 1512 1833 Momi
1536 1791 1716 1846 judicio.

253 1856 429 1894 GUYET.
492 1854 619 1895 Conf,
641 1854 735 1892 Ver.
758 1852 868 1890 Hist.
889 1851 946 1890 Π.
969 1865 1002 1889 c.
1025 1856 1063 1894 3.
1096 1851 1265 1892 SOLAN,

365 1911 466 1954 Easl,
492 1914 520 1951 l.
540 1916 578 1954 4.
606 1907 660 1951 ‘O
683 1914 814 1963 μῦθος
836 1909 991 1962 ἐρίσαι)
1020 1907 1163 1960 Hujus
1183 1906 1354 1946 fabulae
1370 1905 1631 1944 mentionem
1655 1907 1718 1945 fa·

252 1968 312 2007 cit
329 1969 463 2009 Plato.
498 1968 643 2007 Goon.

363 2026 468 2065 Ibid.
497 2022 652 2076 Ἐρίσαι
682 2020 891 2074 Ἀθηνᾶν,
935 2020 1004 2062 καὶ
1031 2018 1299 2070 Ποσειδῶνα)
1343 2017 1473 2059 Conf.
1507 2017 1611 2059 infr.
1644 2019 1717 2059 De

252 2081 400 2122 Saltat.
423 2097 455 2120 c.
474 2086 541 2125 39.
562 2085 627 2122 40.
660 2078 832 2119 SOLAN.

365 2138 469 2178 ΕαιΖ.
492 2141 518 2175 l.
538 2141 574 2180 5.
608 2133 826 2187 Εὕτεχνίας
841 2133 957 2186 πέρι)
989 2132 1171 2185 Propter
1198 2130 1484 2184 anastrophen
1514 2139 1714 2170 accentus

252 2194 588 2248 praepositionis
609 2190 834 2229 mutandus
857 2198 957 2228 erat.
1020 2189 1090 2229 Sic
1111 2188 1223 2226 infra
1245 2203 1278 2226 c.
1298 2192 1363 2232 45.
1386 2189 1629 2239 φιλοσοφίας
1646 2188 1715 2227 πέ-

252 2269 292 2303 ρι
322 2254 568 2290 constanter
593 2248 764 2302 legitur.
838 2245 967 2298 Quod
994 2260 1046 2285 ex
1083 2244 1376 2283 Grammaticis
1412 2253 1574 2282 notum.
1644 2244 1713 2282 Sic

250 2308 376 2348 Hom.
402 2309 448 2348 ll.
476 2312 530 2352 Β,
556 2310 621 2348 91.
651 2327 707 2335 —
737 2306 840 2344 νεῶν
862 2298 954 2343 ἄπο.
1017 2302 1076 2339 Et
1110 2300 1262 2352 Odyss.
1292 2305 1352 2349 H,
1380 2303 1471 2343 104.
1503 2323 1560 2330 ·--
1588 2296 1714 2352 μύλης

250 2365 336 2412 ἔπι,
370 2378 414 2401 ac
435 2377 557 2414 saepe
582 2361 699 2400 alibi.
759 2360 967 2410 Exempla
995 2360 1115 2410 plura
1141 2372 1191 2396 ex
1214 2371 1363 2410 prosae
1384 2357 1548 2409 scriptt.
1573 2354 1711 2394 adfert

250 2419 354 2459 JenS.
379 2419 429 2458 ad
450 2420 544 2460 Jov.
572 2420 698 2471 Trag.
719 2431 755 2456 e.
776 2421 841 2459 33.
875 2415 1038 2454 Rmrz.
1099 2413 1201 2452 Non
1235 2428 1257 2452 e
1288 2413 1554 2466 longinquo,
1601 2424 1709 2462 opus

251 2485 362 2526 erat,
396 2486 441 2514 ut
467 2484 712 2528 peterentur
744 2473 934 2523 exempla
966 2471 1028 2510 rei
1049 2470 1295 2522 ceteroquin
1327 2468 1500 2505 minime
1523 2466 1706 2520 ignotae.

252 2530 498 2582 Εὑμορφίας
536 2533 625 2583 πέρι
656 2529 790 2568 Diall.
812 2529 964 2568 NIortt.
987 2526 1147 2574 XXIV,
1174 2530 1212 2568 2.
1243 2522 1407 2566 Ἀνύτου
1433 2524 1500 2564 καὶ
1526 2525 1708 2563 Msacwv

250 2588 341 2638 πέρι
363 2588 469 2629 Ρίεο,
492 2603 526 2626 c.
552 2593 617 2630 10.
646 2584 849 2638 Ἰατρικῆς
877 2584 965 2633 πέρι
992 2583 1036 2620 in
1066 2581 1148 2619 hoc
1179 2581 1272 2632 ipso
1301 2581 1504 2631 Dialogo.
1524 2593 1556 2620 c,
1582 2586 1617 2621 1.
1640 2580 1704 2616 in-

251 2644 315 2681 fra
338 2658 372 2681 c.
397 2647 462 2686 45.
485 2645 730 2695 φιλοσοφίας
750 2642 849 2694 πέρι,
913 2639 1030 2692 Quin
1061 2638 1185 2677 etiam
1208 2636 1247 2677 h,
1269 2638 1296 2676 l.
1320 2649 1406 2673 non
1435 2637 1570 2672 solum
1601 2635 1707 2673 Jun-

250 2702 336 2739 iina
352 2699 525 2749 Editio,
557 2698 630 2739 sed
657 2700 784 2739 etiarn
813 2697 861 2736 B.
883 2701 977 2740 1.3.
1000 2696 1051 2733 A.
1071 2698 1106 2736 1.
1130 2698 1170 2736 2·
1189 2693 1278 2747 πέρι
1303 2689 1533 2739 exhibent3
1577 2704 1704 2745 prae-
