1834 3188
254 156 354 203 466
614 162 1373 195 ADNOTATIONES

256 269 412 307 bantur
433 262 594 312 Stoici,
628 275 714 316 quo
746 260 977 315 probarent
1010 260 1149 300 omnia
1181 271 1354 314 peccata
1383 277 1472 305 esse
1502 266 1721 320 aequalia,

259 322 372 378 apud
397 322 515 373 Diog.
541 319 679 358 Lab-t.
700 333 743 371 p.
767 322 859 361 192.
884 317 930 355 F·
955 318 1021 358 καὶ
1041 315 1117 372 γὰρ
1138 315 1160 359 ὅ
1179 316 1320 360 ἑκατὸν
1350 324 1537 371 σταδίους
1565 322 1722 377 ἀπέχων

261 379 488 433 Κανώβου,
520 378 589 418 καὶ
620 373 640 417 ὅ
666 375 760 423 ἕνα,
793 371 1030 431 ἓηίσηςλοῦκ
1055 376 1153 416 εἰσὶν
1182 376 1224 417 ἐν
1254 376 1452 432 Κανώβῳ.
1517 379 1645 433 Quod
1679 391 1723 420 et

260 436 408 478 Suidas
433 434 551 471 affert
585 433 629 470 in
663 446 702 472 v.
735 434 899 484 Κανωβ.
934 430 1289 471 Emendationem
1323 432 1432 473 hanc
1464 435 1646 489 reperies
1677 437 1723 475 in

258 495 375 534 notis
410 486 472 530 Jo,
499 488 659 538 Clerici,
695 487 747 526 ad
769 488 917 542 fragm.
941 487 1167 529 Menandr.
1192 502 1289 542 pag.
1309 494 1404 533 250.
1427 491 1556 531 editis
1578 506 1723 533 mense

261 547 495 602 Septembr.
521 545 623 584 anni
650 549 772 587 1709.
795 559 888 582 cum
920 557 998 598 ego
1016 547 1096 596 jam
1121 545 1165 582 in
1189 546 1423 597 specimine
1447 563 1563 599 meo,
1606 549 1724 603 quod

260 605 426 662 prodiit
451 615 595 640 mense
610 601 810 640 Februar.
833 601 933 638 anni
958 606 1076 643 1708.
1098 601 1260 652 publici
1284 604 1389 655 juris
1411 604 1603 647 feceram.
1637 607 1727 646 So—

264 678 369 703 LAN.
431 659 621 699 Ver-itate
643 658 782 696 victus
806 658 946 710 recepi
970 656 1112 696 Solam·
1133 657 1496 711 emendationem,
1529 671 1571 701 et
1590 672 1726 700 muta.

262 722 306 760 vi
341 717 498 757 Gesneri
526 714 786 763 versionem,
830 727 908 766 pro
936 716 1064 762 viam,
1109 713 1226 752 limen
1252 729 1477 767 reponens.
1538 718 1590 756 In
1616 717 1725 759 Edd.

263 774 546 816 variationem
574 785 660 809 non
692 771 818 809 aliam
849 772 1006 821 reperi,
1039 785 1161 824 quam
1191 771 1306 823 quod
1325 772 1426 814 Αἶά,
1450 784 1492 813 et
1512 773 1624 828 Hag.
1648 773 1731 812 ha..

264 833 393 872 beant
421 826 520 870 ὁδοῦ
545 829 682 878 ἐσμεν,
723 826 937 866 enclitice.
998 827 1120 865 Aliae
1150 828 1267 878 ἐσμὲν
1294 843 1387 867 cum
1419 841 1611 872 accentu.
1671 832 1731 869 Et

267 886 462 943 quamvis
484 887 564 926 ἔστι
587 884 658 922 hic
688 896 857 937 quoque
879 893 1095 922 accentum
1122 885 1314 924 amittere
1336 885 1503 937 debeat,
1536 887 1729 940 expressi

265 956 406 984 tamen
426 942 535 982 Mss,
558 940 822 992 scripturam.
852 939 1015 981 Rmrz.
1074 941 1191 993 Ergo
1221 940 1490 981 librariorum
1520 944 1730 998 qualium-

267 1013 436 1052 cunque
459 998 755 1037 auctoritatem
779 997 949 1049 majoris
979 997 1243 1045 aestimavit,
1274 1012 1397 1050 quam
1419 999 1621 1046 rationis;
1657 999 1730 1037 cui

266 1054 439 1112 quidem
462 1054 639 1094 omnino
657 1051 952 1090 adversaretur
968 1064 1179 1093 accentus,
1240 1053 1475 1094 Encliticas
1497 1065 1637 1094 autem
1655 1071 1730 1094 vo-

267 1126 335 1153 ces
357 1126 456 1165 prae
480 1109 631 1151 ceteris
656 1108 852 1161 omnibus
877 1108 1101 1147 maximam
1130 1108 1396 1148 librariorum
1429 1111 1639 1150 incuriam
1661 1115 1730 1150 vel

264 1168 485 1209 licentiam
511 1174 704 1218 expertas
725 1178 813 1210 esse
836 1174 1027 1213 constat,
1061 1175 1111 1203 ut
1133 1165 1270 1217 ipsum
1292 1170 1512 1220 vulgatum
1545 1168 1660 1220 ἐσμὲν
1686 1178 1730 1207 et

265 1227 384 1278 ἐσμεν
417 1222 669 1276 promiscue
690 1220 894 1272 scriptum
937 1219 1075 1261 docet.
1152 1221 1294 1261 Solam·
1334 1233 1475 1262 autem
1516 1224 1728 1278 egregiam

266 1279 609 1322 emendationem,
632 1276 834 1330 probavit
865 1276 990 1316 etiam
1022 1277 1186 1316 Censor
1215 1278 1332 1321 Edit.
1359 1279 1486 1322 Reitz.
1515 1280 1561 1317 in
1584 1281 1728 1322 Novv.

264 1339 383 1376 Actt.
417 1333 581 1375 Erudd.
614 1347 651 1377 a.
687 1335 808 1377 1745-
840 1343 883 1372 et
913 1344 1185 1386 receperunt,
1226 1344 1275 1373 ut
1302 1349 1378 1390 par
1403 1346 1513 1387 erat,
1555 1346 1730 1380 recentt.

263 1393 374 1434 Edd.
407 1393 563 1433 Lm'rM.
1433 1393 1437 1396 ⁴

379 1449 485 1488 Ibicl.
505 1446 672 1494 Ἔστιν)
706 1446 780 1488 Sic
798 1445 866 1486 M.
889 1455 931 1485 et
949 1446 1000 1485 L.
1032 1446 1219 1499 Melius,
1261 1463 1384 1504 quam
1408 1460 1457 1490 ut
1485 1450 1530 1488 in
1554 1450 1730 1504 reliquis

265 1516 347 1556 est,
381 1506 506 1557 ἐσμέν.
539 1505 709 1544 SOLAN.

377 1561 479 1602 Ead.
501 1564 529 1599 l.
552 1566 616 1603 14.
652 1559 856 1613 Πλησίον)
887 1559 1004 1598 Haeo
1022 1574 1110 1599 vox
1133 1561 1178 1599 in
1199 1562 1292 1601 Par.
1314 1563 1460 1601 nescio
1481 1577 1534 1602 an
1557 1567 1729 1603 consul-

265 1628 326 1668 to,
349 1626 460 1658 certe
482 1631 626 1669 prave,
658 1626 820 1654 mutata
843 1625 930 1667 est‚·
959 1617 1078 1658 πλέον
1099 1618 1212 1656 enim
1237 1618 1298 1656 ibi
1322 1620 1492 1674 legitur.
1554 1621 1607 1659 In
1630 1635 1731 1660 om—·

261 1675 391 1713 nibus
417 1674 537 1725 impr.
563 1683 605 1712 et
628 1673 692 1711 M.
716 1682 828 1712 recte
847 1675 1029 1724 πλησίον.
1062 1674 1229 1713 SOLAN.

375 1729 475 1782 Pag.
501 1734 594 1772 109.
618 1732 645 1767 l.
665 1734 703 1771 2.
732 1725 803 1769 Ἐν
831 1725 1008 1781 ἀκηδίᾳ)
1055 1729 1270 1769 Pio-senius
1295 1730 1345 1768 ad
1375 1731 1503 1773 Ilsloer.
1536 1732 1728 1775 Atticist.

262 1790 333 1839 (p.
356 1788 455 1838 61.)
481 1784 730 1825 emendabat
756 1786 798 1826 ἐν
827 1781 972 1839 ἀηδίᾳ,
1007 1787 1265 1825 assentiente
1291 1787 1444 1827 Belino.
1477 1790 1574 1828 Bu’.
1632 1786 1730 1843 ’Λη-

264 1846 353 1892 &lag
374 1841 522 1890 πολλάς
553 1839 768 1894 ὑπομένειν
787 1845 854 1881 vel
874 1839 1118 1893 oivao‘yt'ofiocr
1151 1843 1220 1881 De
1240 1844 1374 1886 Mero.
1403 1844 1540 1884 Cond.
1566 1859 1603 1886 c-
1623 1851 1661 1890 8.
1686 1857 1729 1886 et

261 1906 331 1944 33.
355 1900 570 1939 Praestare
603 1908 741 1936 tamen
776 1897 816 1937 h.
847 1901 874 1937 l.
909 1897 1015 1935 mihi
1049 1897 1220 1937 videtur
1251 1895 1420 1951 οἷκηὸία,
1460 1904 1616 1940 incuria
1645 1906 1726 1951 sni,

263 1973 389 1995 rerum
421 1971 604 2004 suarum,
641 1956 833 2008 imprimis
861 1953 1183 2003 domesticarum,
1217 1955 1433 2008 neglectus,
1471 1958 1607 2009 qualis
1640 1969 1729 1997 erat

263 2013 506 2052 Stoicorum
531 2010 737 2058 maxime5
771 2012 826 2053 cf.
849 2024 938 2064 cap.
968 2015 1032 2053 10.
1058 2024 1141 2063 quo
1165 2019 1208 2049 et
1226 2010 1318 2064 ipso
1340 2014 1436 2051 loco
1455 2011 1729 2066 κήδεσθαι-(16

263 2068 406 2110 eadem
430 2083 486 2107 re.
520 2069 677 2106 Lmrm.
1664 2094 1668 2095 ν

374 2123 478 2165 Εαᾶ.
503 2127 529 2163 1.
555 2128 594 2166 4.
627 2124 798 2165 Εἴκοσιν
817 2121 915 2176 ἔτη)
947 2121 1046 2162 Vid.
1069 2137 1183 2176 supr.
1209 2137 1242 2162 c.
1269 2127 1336 2168 59.
1366 2124 1438 2165 fin.
1473 2127 1642 2167 soum.
1698 2135 1701 2137 ’

377 2180 479 2219 Ead.
502 2184 530 2220 l.
553 2183 591 2223 5.
613 2177 683 2236 ”gs
695 2182 754 2227 τίς
773 2177 991 2234 ἐγγυητὴς)
1032 2179 1146 2217 Mira
1170 2190 1269 2218 sunt
1290 2180 1406 2221 haec.
1438 2183 1490 2222 B.
1512 2188 1551 2226 2.
1573 2185 1626 2225 εἰ·
1658 2185 1726 2221 ni-

262 2236 354 2276 hilo
374 2237 522 2276 melius
541 2237 604 2275 Μ.
627 2237 668 2288 ἡ.
731 2235 849 2289 Quid
877 2235 1096 2287 scripserit
1126 2236 1372 2287 Lucienus,
1407 2240 1577 2287 nescio3
1613 2250 1724 2280 certe

262 2293 375 2332 nihil
404 2293 572 2333 horum.
613 2293 781 2331 SOLAN.
851 2292 1029 2343 Scripsit
1060 2293 1114 2340 εἰ,
1164 2292 1277 2346 quod
1307 2303 1349 2332 et
1381 2294 1434 2338 Β,
1467 2302 1505 2339 3.
1538 2295 1724 2335 exhibet.

262 2349 332 2388 Sic
352 2347 378 2403 ἢ
400 2360 442 2389 et
464 2351 498 2391 εἰ
518 2349 696 2388 confusa
717 2362 844 2401 supra
867 2363 900 2386 c.
926 2353 993 2390 20.
1017 2362 1102 2400 quo
1121 2350 1218 2387 loco
1240 2345 1414 2404 riqsvulgo
1434 2350 1591 2390 editum
1606 2381 1617 2399 ,
1650 2352 1725 2391 sed

263 2405 307 2442 in
336 2406 486 2444 iisdem
506 2407 553 2447 B.
576 2411 616 2448 2.
638 2415 679 2443 et
699 2412 736 2449 3.
761 2414 970 2444 servatum
999 2404 1231 2458 genuinum
1253 2407 1298 2447 εἰ.
1358 2406 1456 2445 Vid.
1479 2406 1538 2445 ibi
1561 2406 1722 2448 Adnot.

262 2460 318 2499 H.
340 2464 367 2501 1.
391 2463 566 2501 miratur
596 2462 783 2514 Seagerus
815 2462 860 2499 in
895 2461 1026 2500 Class.
1055 2460 1205 2501 Journ.
1229 2461 1327 2505 Vol.
1348 2462 1471 2502 XIII.
1492 2477 1532 2513 p.
1556 2468 1623 2506 73.
1647 2479 1726 2512 ye-

261 2529 347 2553 ram
367 2519 594 2557 lectionem
619 2519 665 2557 B.
689 2525 750 2566 2.,
784 2531 908 2571 quarn
940 2516 1112 2556 solanus
1143 2516 1195 2555 ob
1226 2521 1373 2557 oculos
1405 2518 1618 2570 habuerit,
1651 2521 1723 2558 fa-

261 2571 440 2612 stidiose
465 2575 514 2612 ab
537 2589 587 2614 eo
610 2575 753 2627 sperni
774 2574 981 2627 potuisse.
1012 2574 1168 2612 LEIIM.

374 2628 476 2668 End.
492 2633 518 2670 l.
544 2636 582 2673 .8
616 2630 842 2677 Διώκοντες
859 2627 908 2672 οὗ
926 2630 1167 2681 κατέλαβον)
1197 2629 1265 2668 Sic
1285 2631 1372 2669 fere
1392 2629 1437 2668 in
1460 2630 1588 2670 Novo
1613 2633 1719 2672 Foe-

261 2679 381 2732 dere,
415 2686 538 2736 epist.
558 2685 609 2724 ad
631 2686 747 2728 Rom.
770 2687 855 2736 IX,
882 2691 949 2730 30.
970 2683 1068 2727 “On
1086 2687 1186 2738 ἔθνη
1206 2684 1253 2727 τὰ
1270 2684 1325 2739 μή
1351 2685 1547 2730 διώκοντα
1569 2691 1717 2732 δικαιο-
