1834 3188
470 215 640 248 VERAE
676 216 948 250 msromAE
983 217 1078 248 Lm.
1116 217 1147 246 1.
1449 205 1547 251 639

86 316 257 366 scribit,
288 315 409 356 simul
424 317 518 370 quia
537 315 670 364 vobis,
689 363 691 365 Ι
711 314 845 354 eadem
870 315 986 366 mihi,
1020 313 1124 354 bona
1142 312 1324 369 malaque
1348 314 1552 367 intellexi,-

90 374 192 426 quia
213 372 381 412 dativus
400 373 496 412 mihi
514 371 756 426 simplicius
778 373 959 411 refertur
979 371 1032 410 ad
1062 371 1195 423 mala,
1238 385 1363 425 quam
1394 371 1448 410 ad
1478 387 1554 410 eoi-

90 430 177 469 dem
194 460 205 478 ,
238 439 287 468 ut
305 444 450 468 sensus
473 429 552 477 sit,
584 443 692 482 quae
712 428 823 468 mala
842 429 961 480 mihi,
994 429 1023 468 i.
1049 442 1082 470 e.
1103 428 1180 483 pro
1204 443 1281 470 me.
1313 429 1478 471 Rm'rz.

204 508 306 548 Ead.
328 511 355 550 l.
380 515 444 552 13·
469 505 653 563 Ὀμήρου
669 503 928 559 Ὀδυσσεύς)
957 509 1134 562 Ulysses
1164 508 1209 546 in
1239 508 1416 561 patriam
1445 507 1555 547 redi-

94 575 237 615 turus,
271 566 389 620 gravi
416 575 561 604 exorta
596 575 867 618 tempestate,
901 567 1082 620 primum
1113 566 1158 603 in
1191 565 1400 604 Ciconum
1428 565 1555 604 littus

92 625 295 675 appulsus
317 632 395 661 est.
457 623 600 676 Atque
621 621 720 661 inde
745 637 888 661 rursus
917 625 1105 673 solvens,
1146 621 1275 660 simili
1306 631 1557 675 tempestate

92 683 252 732 ejectus
274 679 318 716 in
337 679 525 718 Africam
548 678 599 717 ad
626 677 982 733 Lotophagorum
1005 689 1173 734 gentem
1205 678 1422 732 pervenit:
1455 678 1559 718 inde

94 735 138 773 in
161 735 349 775 Siciliam
371 735 535 774 delatus
560 745 647 784 est,
687 734 762 774 ubi
792 735 977 789 Cyclopi
1013 738 1183 775 oculum
1215 737 1328 774 eruit
1358 745 1557 789 praeusto

93 792 255 844 stipite.
315 792 432 830 Hinc
453 793 496 829 in
524 792 717 831 Aeoliam
744 793 978 846 navigans,
1013 791 1063 830 ab
1089 794 1224 831 Aeolo
1248 801 1399 832 ventos
1429 806 1561 830 coac-

93 857 160 886 tos
201 849 244 886 in
275 858 409 887 utrem
452 847 656 888 obtinuit.
725 849 876 887 Postea
917 848 968 887 ad
1003 849 1342 903 LaestrygonaS‚
1385 858 1473 886 tum
1507 847 1561 887 ad

94 904 249 944 Circen
273 904 491 957 pervenit,
524 913 623 956 post
645 904 748 943 haec
771 905 813 942 in
845 905 1024 943 insulam
1060 906 1255 944 Sirenum
1288 906 1452 944 delatus
1485 914 1562 946 est.

91 960 200 1000 Inde
219 961 399 1013 Scyllam
421 960 632 999 transiens
661 970 702 999 et
725 959 1010 1012 Charybdim,
1044 961 1090 1000 in
1119 961 1309 1000 Siciliam
1335 961 1560 1014 pervenit,

91 1016 262 1056 tandem
289 1017 334 1055 in
357 1012 690 1056 Phaeacensium
717 1027 886 1070 portum
911 1017 1144 1057 adnatavit.
1179 1018 1324 1058 CoGN.

206 1074 306 1127 Pag·
329 1079 424 1117 232.
445 1077 474 1114 l.
497 1078 537 1117 4-
567 1071 749 1121 Ἰδιώτας
763 1073 859 1121 τούς
886 1073 1091 1129 Φαίακας)
1125 1074 1260 1115 Vacua·
1284 1076 1425 1129 capitis
1438 1089 1566 1128 popu-

93 1128 174 1170 lum
194 1131 382 1170 Phaeaca
406 1129 513 1168 dicit
535 1129 620 1171 Juv.
646 1130 776 1184 (XV,
797 1131 892 1185 23.)
923 1132 1092 1173 Vons‘r.

207 1187 314 1226 Ibicl.
353 1186 458 1234 Τοῦς
484 1185 691 1241 Φαίακας)
724 1187 906 1226 Alcinoo
932 1187 1144 1240 Corcyrae
1163 1187 1279 1241 regi,
1313 1198 1355 1227 et
1373 1190 1464 1242 ejus
1486 1202 1565 1241 po-

94 1243 210 1297 pulis
232 1243 523 1289 Phaeacibus‚
557 1243 733 1296 Ulysses
758 1245 1099 1299 Laestrygonas,
1135 1244 1373 1297 Cyclopas,
1406 1255 1447 1284 et
1480 1246 1565 1283 alia

99 1309 286 1338 monstra
308 1315 328 1338 a
354 1315 396 1339 se
416 1300 595 1339 conficta
618 1300 838 1350 narrabat,
871 1311 912 1340 et
933 1302 1012 1351 iis,
1046 1302 1188 1339 omnia
1209 1316 1303 1340 vera
1324 1316 1412 1341 esse
1428 1333 1438 1350 ‚
1472 1316 1567 1354 per·

97 1356 323 1396 suadebat:
356 1355 470 1396 unde
491 1356 670 1397 Juvenal.
735 1358 839 1397 Tam
859 1359 975 1398 vacui
996 1360 1137 1412 capitis
1158 1357 1349 1413 populum
1380 1358 1567 1398 Phaeaca

92 1416 259 1467 putavit.
294 1413 440 1454 COGN-

210 1469 312 1512 Eac'l.
335 1473 364 1509 l.
384 1475 421 1513 8.
455 1472 733 1521 Κενοόοξίας)
763 1469 942 1510 Emend.
980 1470 1135 1511 Vorstii
1159 1479 1201 1510 et
1224 1469 1305 1510 Ed.
1331 1471 1374 1511 S.
1397 1471 1441 1510 in
1466 1471 1572 1511 reli-'

102 1525 200 1578 quis
220 1528 330 1565 enim
354 1529 608 1577 καινοδοξίας
624 1529 793 1581 legitur.
825 1528 992 1568 SOLAN.
1055 1528 1216 1579 Contra
1246 1528 1381 1566 Diall.
1409 1528 1569 1566 Mortt.

101 1582 158 1634 X,
179 1588 218 1626 8.
241 1597 318 1636 pro
340 1585 516 1637 vulgato
535 1586 770 1634 κενοδοξίαν
791 1584 836 1622 in
855 1583 961 1623 Cod.
977 1583 1121 1623 Oxon.
1145 1594 1209 1623 est
1231 1587 1387 1626 καινοδ.
1411 1585 1570 1623 Lnum.

217 1661 320 1702 Εαιί.
340 1665 369 1702 l.
391 1668 455 1705 11.
482 1659 792 1712 Ἐπεπόνθειν)
823 1663 999 1702 Utinam
1019 1662 1166 1715 potius
1186 1662 1310 1702 nobis
1330 1663 1575 1716 reliquisset

103 1718 311 1759 Lucianus
338 1718 562 1758 historiam
595 1730 668 1759 aut
697 1734 868 1759 suorum
903 1729 1165 1772 temporum,
1207 1729 1280 1758 aut
1302 1730 1414 1759 certe
1440 1734 1574 1759 suam.

105 1777 181 1815 LA
205 1774 373 1814 Cnozz.
434 1776 644 1830 Etfacere
669 1786 710 1815 et
734 1779 822 1830 pati
844 1776 972 1814 simul
1000 1775 1326 1828 comprehendit
1359 1775 1443 1814 hoc
1474 1790 1578 1815 ver-

109 1831 223 1872 bum.
286 1830 383 1870 Vid.
417 1832 640 1871 Herodian.
670 1833 714 1882 I,
749 1838 826 1881 17,
859 1837 928 1875 22.
989 1831 1112 1871 Adde
1140 1832 1329 1871 Nostrum
1358 1832 1575 1871 Prometb.

109 1887 181 1943 (in
196 1887 382 1939 Verbb.)
406 1887 478 1929 fin.
502 1888 577 1927 ubi
599 1892 636 1930 τί
657 1886 707 1930 ἂν
727 1888 929 1940 ercidetur,-
960 1887 1056 1943 quid
1068 1888 1269 1944 faciam?
1299 1887 1428 1927 vertit
1445 1888 1579 1927 Hem-

109 1945 223 1985 sierh.
248 1955 386 1984 cetera
409 1945 461 1984 ad
490 1945 722 1986 Gaiakerum
745 1945 978 1984 remittens.
1010 1945 1177 1984 Rm'rz.

224 2001 329 2042 Ead.
347 2004 374 2043 l.
402 2005 465 2046 15.
499 2001 681 2057 Γράφω)
719 2002 818 2042 Vid.
849 2001 1004 2041 Reines.
1027 2001 1110 2053 Ep.
1139 2004 1207 2045 25.
1229 2000 1280 2039 ad
1306 1999 1421 2054 Casp.
1443 1999 1580 2055 Hqff*

113 2074 303 2097 mannum
324 2073 364 2111 p.
389 2063 456 2102 99.
478 2073 517 2099 v.
549 2060 780 2099 Arabonem
807 2049 861 2096 L.
885 2058 961 2097 XI.
995 2057 1046 2097 de
1066 2057 1322 2112 Massagetis
1343 2071 1383 2110 p.
1407 2071 1459 2098 m.
1482 2061 1581 2100 487.

114 2116 185 2154 LA
208 2114 373 2156 Cnozn.

230 2171 326 2224 Pag.
347 2175 486 2216 2331.
509 2176 545 2215 1·
580 2173 702 2223 Μηδὲ
724 2170 825 2221 ὅλως
848 2168 993 2218 ὄντων)
1025 2170 1173 2210 Simile
1194 2170 1298 2216 fere,
1332 2167 1447 2222 quod
1468 2169 1584 2222 apud

112 2227 228 2272 Ρῖιιι,
246 2225 297 2266 de
317 2228 485 2267 Homeri
505 2243 598 2267 cum
622 2229 800 2268 Hesiodo
822 2228 1051 2268 certamine
1070 2227 1253 2266 traditur
1272 2231 1364 2270 267.
1386 2226 1437 2265 A.
1463 2231 1585 2267 Μοῦ-

121 2284 172 2326 σά
192 2302 261 2338 μοι
277 2280 414 2327 ἐ’ννεπ’
438 2287 569 2327 ἐκεῖνα
584 2285 632 2327 τά
654 2284 708 2340 μή
729 2282 770 2327 τ’
791 2286 976 2340 ἐγένοντο
995 2281 1195 2339 πάροιθεν
1215 2281 1328 2336 Μήτ’
1354 2283 1460 2324 ἔσται
1475 2281 1587 2336 μετό-

117 2349 278 2384 πισθεν.
311 2343 480 2382 SOLAN.

239 2410 341 2451 Ibid.
380 2410 461 2463 Τήν
477 2407 619 2463 α’ρχὴν)
649 2409 720 2449 Ab
744 2410 856 2449 initio
874 2423 1041 2449 versum
1064 2417 1129 2448 est
1148 2417 1231 2447 tam
1253 2408 1297 2445 in
1310 2407 1436 2446 Paris.
1460 2421 1585 2460 quam

125 2468 172 2506 in
201 2466 402 2506 Benedici.
463 2468 596 2506 Recte
626 2465 834 2517 Gesner-us,
865 2468 1049 2505 omnino.-
1080 2479 1126 2504 ac
1162 2474 1247 2503 tam
1276 2478 1400 2516 saepe
1428 2464 1471 2502 in
1507 2463 1587 2502 hac

125 2524 346 2563 locutione
367 2526 471 2563 male
491 2523 694 2561 vertenda
717 2522 817 2560 olim
840 2531 1043 2571 erratum,
1076 2531 1125 2560 ut
1144 2524 1236 2574 jure
1254 2519 1454 2573 scopulum
1472 2521 1588 2558 inier-

125 2591 272 2633 prelum
294 2594 383 2620 eam
405 2589 528 2619 vocet
549 2578 768 2617 Hemsterlz.
791 2577 843 2616 ad
867 2578 988 2630 Nigr.
1017 2581 1054 2626 0.
1077 2582 1145 2620 26.
1177 2577 1389 2615 Monuere
1413 2575 1459 2614 id
1483 2590 1590 2629 quo-

123 2649 212 2690 -que
229 2632 323 2687 alii,
354 2637 520 2684 Jensz'ns‚
550 2634 734 2673 Elsnerus
754 2643 833 2673 etc.
875 2633 955 2672 Sed
976 2633 1186 2685 posterior
1209 2632 1290 2671 hoc
1311 2645 1481 2686 quoque
1501 2647 1589 2671 rec-

128 2701 171 2731 te
202 2691 344 2743 addit,
377 2692 456 2744 (ad
485 2693 563 2731 Ev.
587 2691 703 2731 Joan.
726 2689 862 2736 VIII,
897 2691 995 2741 25.)
1026 2689 1076 2726 ab
1106 2688 1416 2728 recentioribus
1451 2689 1589 2727 vicis-

130 2747 209 2788 sim
232 2761 358 2803 saepe
379 2749 573 2803 peccari,
607 2746 728 2802 quasi
752 2759 914 2799 semper
938 2747 1096 2786 omnino
1116 2744 1357 2800 significet;
1398 2759 1492 2785 cum
1522 2754 1588 2792 taff
