1834 3188
425 178 1230 209 ιΝΗΕΒΜοΤιΜυΜ.
1468 164 1567 210 405

213 274 361 316 Emi-1.
384 278 449 317 17.
485 275 561 316 Σοὶ
584 275 654 328 μὲν
680 276 767 324 ἐπὶ)
798 274 950 314 Mend.
980 276 1155 315 Boium.
1214 273 1427 313 Mendosa
1462 274 1566 314 haec

105 347 212 380 esse,
246 330 432 369 dubitari
461 346 546 369 non
576 341 730 382 potest.
788 331 883 384 Qua
908 331 1074 370 ratione
1095 344 1194 369 vero
1220 330 1562 382 restituerentur,

101 387 290 427 nondum
318 387 503 441 contigit
532 387 637 426 mihi
670 398 888 441 exputare.
947 388 998 426 Jn
1022 386 1170 428 una-B.
1197 391 1232 429 1.
1254 386 1564 440 interrogative

101 444 206 483 haec
229 444 437 482 sententia
463 443 573 482 edita
595 454 677 491 est,
711 453 752 483 et
772 459 792 482 a
821 445 876 482 Ῑ
863 461 939 483 mc.
961 443 1161 497 Opsopoeo
1182 442 1333 482 hunc
1321 457 1365 479 in
1391 442 1564 481 modum

102 514 325 539 convetsa:
358 499 496 538 Nonne
516 499 655 538 tides
641 518 675 552 ²3·
670 503 760 539 ’ἱίιιν
779 516 1002 539 immensam
1024 499 1311 539 multitudinem
1335 501 1564 554 promitten-

100 561 196 596 tium
227 566 261 594 et
292 557 574 611 affirmantium
604 574 642 595 se
662 560 747 595 tiae
772 558 918 609 per-ilos
940 555 1049 597 esse?
1108 555 1228 610 Quae
1247 555 1396 594 mirum
1418 569 1561 608 quan-

99 623 186 651 tum
224 627 246 650 a
277 622 398 651 textu
426 612 519 665 ipso
556 611 770 653 recedunt.
830 613 1025 651 Ceterum
1057 627 1118 653 σοι
1147 611 1192 650 in
1225 610 1424 650 omnibus
1456 621 1562 652 vett.

97 669 208 708 Edd.
229 668 410 722 legitur,
445 683 530 706 non
553 682 638 719 σοι,
673 677 720 706 ut
740 668 783 706 in
807 668 934 707 Reitz.
960 678 1000 706 et
1022 678 1198 707 recentt.
1241 666 1368 720 Quod
1390 681 1559 713 moneo,

97 735 145 763 ut
169 724 408 763 similitudo
433 734 597 776 pateat,
630 739 737 790 quae
766 725 878 762 inter
903 724 1013 762 hanc
1042 724 1268 763 lectionem
1295 734 1336 762 et
1357 723 1462 762 illud
1488 721 1561 765 σὸν

99 783 142 820 in
166 782 212 820 P.
237 779 477 819 intercedit.
539 757 665 820 Unde
694 784 776 833 jam
809 780 999 833 Seagems
1032 779 1076 818 in
1111 780 1244 822 Class,
1282 780 1559 821 Journ.V01.

96 838 222 877 XIII.
246 851 288 889 p.
311 841 379 878 72.
411 850 496 874 non
526 840 630 876 male
660 836 844 889 conjecit
873 837 959 890 legi
993 850 1138 890 posse:
1172 835 1298 878 ὅσον
1331 853 1402 888 μεν
1427 837 1490 877 ἐπὶ
1514 835 1558 877 τὸ

93 891 162 935 in.
221 893 328 931 Nam
358 893 410 933 ἔτι
434 892 604 944 quidem
631 894 673 931 in
696 894 740 931 P.
763 907 840 946 pro
859 894 921 934 ἐπὶ
950 891 1189 931 exhibitum
1220 907 1305 931 non
1331 891 1558 930 admodum

93 949 264 988 videtur
294 947 621 1000 respiciendum.
684 950 755 988 Sic
787 949 919 988 facies
956 949 1041 987 loci
1068 948 1179 988 haud
1215 947 1386 1001 quidem
1411 949 1560 999 inepta

91 1003 297 1051 evaserit;
348 1005 578 1058 genuinam
623 1020 723 1046 vero
774 1020 884 1055 esse,
932 1004 1130 1059 equidem
1178 1019 1266 1044 non
1318 1004 1559 1060 praestabo.

88 1064 244 1102 LEHM.

202 1117 298 1172 Pag·
320 1123 389 1163 37.
411 1121 439 1157 l·
461 1123 499 1163 5
528 1113 616 1159 'Em
638 1115 708 1166 mig
728 1115 926 1170 α’ρκτους)
956 1117 1023 1156 Ne
1045 1118 1139 1170 quis
1158 1115 1301 1155 credat
1326 1117 1478 1155 melius
1498 1119 1556 1155 le-

94 1176 136 1230 gi
164 1175 229 1217 επὶ
255 1181 324 1227 τῆς
356 1193 530 1225 αρκτου
564 1175 661 1229 quia
694 1189 777 1212 una
805 1185 967 1212 tantum
1003 1172 1308 1226 septentrionis
1333 1182 1394 1210 est
1414 1175 1556 1226 plaga,

89 1231 350 1280 meminerit,
386 1232 570 1270 Graecos
605 1231 873 1282 potissimum
910 1230 980 1268 hic
1004 1229 1161 1283 plurali
1192 1244 1306 1266 num
1329 1229 1420 1273 uti.
1455 1229 1556 1281 quia

91 1287 199 1325 duae
223 1297 323 1325 sunt
354 1287 512 1341 ἄρκτοι,
544 1302 640 1325 ursa
672 1290 826 1339 major,
861 1297 902 1326 et
921 1287 1083 1335 minor,
1117 1285 1310 1338 quamvis
1333 1294 1374 1322 et
1401 1284 1558 1337 singu-

89 1344 167 1382 lari
191 1344 334 1382 &nabo
365 1358 487 1396 saepe
515 1352 685 1392 utatur,
718 1357 795 1396 pro
828 1343 1144 1395 septentrione,
1178 1351 1225 1379 ut
1255 1341 1306 1379 L'.
1335 1341 1368 1381 I
1392 1355 1433 1393 p.
1463 1345 1555 1384 109.

89 1402 169 1452 (al
193 1405 260 1442 65
273 1399 289 1453 )
313 1397 530 1453 ἕξημερῶν
554 1404 681 1440 πλοῦν
705 1398 866 1452 ἐπέχειν
883 1397 986 1451 πρὸς
1007 1398 1178 1451 ἄρκτον,
1210 1406 1250 1436 et
1274 1396 1391 1436 alibi.
1454 1398 1554 1436 Plu-

86 1456 165 1493 rali
188 1466 326 1495 autem
346 1458 512 1510 I)ion)s
534 1455 606 1494 Al.
634 1456 782 1511 Perieg.
810 1455 860 1494 de
885 1457 971 1494 situ
995 1455 1122 1494 Orbis
1147 1469 1184 1493 v
1211 1459 1302 1498 130.
1331 1451 1462 1505 Φροὲζε
1466 1472 1486 1495 ο
1514 1448 1552 1494 δ’

84 1512 128 1553 ἐκ
158 1513 295 1553 κείνου
322 1529 513 1566 τετραμμε
499 1514 587 1561 ἰὸς
618 1513 740 1560 αὖθις
772 1508 837 1553 ἐπ’
865 1511 1051 1565 α’ρκτους.
1114 1511 1171 1548 Et
1200 1511 1260 1548 sic
1284 1509 1356 1547 alii
1379 1510 1551 1563 passim

86 1567 233 1622 quod
221 1583 265 1606 in
291 1571 442 1622 vulgus
468 1579 614 1607 notum
640 1568 833 1621 pluribus
854 1583 939 1607 non
966 1567 1110 1619 probo
1149 1568 1313 1605 Burs-z

198 1624 301 1664 Earl-
325 1627 349 1662 l·
376 1631 414 1668 7.
450 1625 664 1679 Ευύδρος)
697 1626 739 1666 P.
764 1625 817 1663 L.
839 1625 904 1664 ed.
933 1624 972 1665 J.
1005 1623 1115 1665 etB.
1138 1630 1176 1666 2.
1210 1624 1396 1675 ἔνυδρος,
1428 1631 1469 1659 et
1490 1621 1553 1660 sic

87 1680 188 1720 olim
220 1681 360 1719 fuerat
393 1682 435 1718 in
469 1683 534 1724 M,
596 1680 675 1720 Sed
708 1684 878 1734 vulgata
915 1684 1065 1732 placet.
1125 1678 1224 1717 Vid.
1253 1680 1348 1718 Ver.
1374 1679 1487 1716 Hist.
1513 1678 1549 1716 I.

87 1750 178 1788 cap.
199 1741 264 1779 28.
288 1736 414 1776 Rbet.
436 1739 578 1777 Praec.
604 1753 636 1778 e.
661 1742 699 1780 7.
726 1747 766 1776 et
788 1737 940 1776 Herod.
962 1737 1038 1786 IV,
1066 1739 1157 1780 105.
1197 1737 1387 1788 Usurpat
1410 1744 1552 1775 tamen

84 1794 207 1832 etiam
231 1794 397 1845 ἒίνυὸρος
418 1793 459 1831 in
484 1794 639 1847 Navig.
669 1808 758 1844 cap.
785 1799 851 1835 20.
908 1795 1076 1832 SoLAN.

197 1849 297 1888 Eacl.
330 1853 356 1889 l.
386 1855 449 1892 11.
485 1847 808 1901 Ἐναντιώματα)
846 1850 1000 1889 Variae
1046 1849 1141 1889 viae
1175 1847 1225 1886 ad
1267 1847 1550 1886 beatissimam

82 1906 196 1944 illam
218 1904 433 1944 civitatem
457 1905 682 1953 ducentes,
717 1905 918 1943 dicuntur
945 1908 983 1955 ἐς
1004 1920 1056 1946 τα
1075 1901 1343 1956 ἐναντιώματα
1361 1907 1551 1944 τελευταῖ-

82 1977 161 2003 σαι.
225 1962 295 2001 Sic
330 1961 499 2015 quidem
532 1976 700 2012 omnes,
735 1976 835 2017 quas
865 1962 980 2010 vidi,
1015 1961 1241 2001 editiones.
1303 1961 1420 2013 Lege
1449 1969 1550 1997 tan-

84 2018 175 2057 dem
201 2018 431 2070 aliquando
456 2017 729 2061 ἐναντιώτατα
762 2018 885 2059 szzns.
948 2018 1131 2064 Nescio,
1166 2031 1292 2071 quare
1312 2017 1377 2054 vir
1371 1992 1547 2055 Ddoctu&-

82 2073 155 2111 hic
178 2088 252 2126 pro
276 2072 543 2127 ἕναντιώιιατα
563 2076 791 2115 emendet'
775 2073 1059 2124 εναντιώτατα,
1093 2089 1185 2112 cum
1209 2087 1295 2111 vox
1318 2073 1374 2111 sit
1395 2072 1545 2126 proba,

83 2129 280 2182 idemque
308 2134 466 2179 valeat,
490 2131 616 2198 quod
647 2134 818 2174 ἐναυτία,
878 2130 1031 2171 Pollux
1061 2130 1216 2169 Onom.
1248 2130 1299 2172 L.
1331 2129 1381 2171 V.
1415 2143 1449 2166 o.
1475 2132 1545 2170 29.

82 2188 241 2228 ἐναντία
265 2195 308 2224 et
338 2186 604 2240 ἐναντιωματα
630 2199 678 2226 ut
697 2203 934 2240 synonyma
961 2187 1100 2241 ponit.
1133 2188 1184 2225 L.
1209 2187 1312 2225 Bos.
1373 2184 1548 2222 Scilicet

82 2243 333 2283 Polluoe1.l.
360 2243 472 2282 inter
494 2244 607 2282 varia
639 2243 872 2294 vocabula,
904 2258 1008 2298 quae
1034 2243 1306 2296 impedimenta
1328 2239 1547 2294 (κωλύμα-

81 2299 162 2352 τα)
186 2297 454 2366 significent,
496 2300 626 2339 refert
659 2302 952 2366 ἐμποδίσματα,
997 2298 1186 2353 ἐμπόδια,
1229 2299 1467 2344 ἐναντία,
1501 2297 1547 2338 ἒ-

84 2373 140 2398 να
155 2372 434 2406 ντιωματα,
468 2354 663 2410 ἐμποδών,
697 2353 925 2411 φράγματα,
952 2356 1134 2409 ἔργματα,
1155 2353 1364 2406 πρόβολοι.
1397 2351 1545 2406 Quod-

84 2412 120 2450 si
143 2426 241 2466 ergo
267 2413 424 2454 ἐναντία
446 2422 485 2452 et
512 2411 779 2476 e'vavnaiucfw
801 2427 849 2464 5)
855 2427 1039 2462 nonyma
1059 2423 1161 2450 sunt
1184 2408 1402 2457 habenda,
1438 2422 1544 2447 non-

85 2468 171 2506 nisi
199 2477 375 2506 eatenus
407 2478 527 2517 sunt,
572 2482 652 2521 qua
686 2469 769 2507 vim
801 2467 1036 2521 impediendi
1065 2478 1243 2519 utraque
1279 2480 1363 2503 vox
1392 2464 1545 2503 habere

86 2533 238 2574 potest.
292 2524 414 2578 Quae
435 2525 497 2563 vis
520 2539 604 2563 non
628 2524 759 2578 magis
782 2524 884 2563 huic
906 2527 1002 2562 loco
1027 2522 1252 2571 convenit,
1289 2535 1411 2575 quam
1435 2533 1543 2572 quae

90 2578 194 2617 alibi
218 2580 267 2618 ab
293 2580 439 2621 eodem
461 2579 622 2622 Polluce
640 2581 724 2628 VI,
754 2586 846 2624 180.
871 2580 1004 2618 eidem
1031 2579 1126 2618 voci
1148 2580 1370 2630 ἐναντιωμα
1392 2576 1544 2615 nibai-

93 2644 183 2684 tur,
227 2647 413 2688 ponente
433 2652 523 2677 eam
561 2637 604 2674 in
632 2640 824 2691 catalogo
860 2634 1187 2685 vocabulorum,
1221 2649 1327 2687 quae
1352 2631 1548 2687 ἀδικημά-

93 2707 169 2731 των
189 2687 364 2745 ὀνόματα
385 2703 525 2734 vocat.
588 2692 704 2747 Quid
728 2696 886 2732 multa.
874 2692 893 2720 ’7
928 2706 1050 2731 nemo
1072 2706 1185 2730 nunc
1201 2691 1344 2742 facile,
1376 2691 1451 2744 qui
1474 2703 1548 2728 vo
