1834 3188
343 188 393 218 m
432 162 670 224 QUOMODO
707 182 944 214 msTORm
981 184 1057 213 siT
1092 182 1291 214 cONseR.
1443 166 1541 215 587

303 281 382 332 Ὣς
404 280 453 324 ἂν
475 281 708 336 ἐχινόποδας
727 283 793 323 καὶ
816 279 892 323 ἀντὶ
919 285 1104 335 τρηχεῖαν
1123 278 1298 322 ’Όνωνιν

371 340 551 381 Φύονται
574 343 756 392 μαλακῶν
775 336 905 380 ἄνθεα
923 341 1129 379 λευκοΐων.

89 397 159 436 Sic
189 397 300 437 enim
330 396 456 437 etiam
480 396 705 436 Athenaeus
729 395 919 445 inducit,
951 393 1022 443 τὰς
1049 390 1236 442 ἀκάνθας
1259 388 1445 447 συνάγων
1464 399 1542 431 etc.

91 456 258 494 SOLAN.

200 519 436 566 Ead.1.13,
471 518 626 563 Μάλα
656 520 744 561 καὶ
774 511 926 567 οὗτος
954 518 1175 573 γελοῖος]
1217 519 1336 557 Haec
1368 516 1549 557 Wielan-

93 577 181 616 dius
207 578 252 616 in
283 580 477 618 versione
508 578 673 627 omisit,
707 578 854 614 notula
889 575 1074 628 adjecta.
1109 589 1214 628 quae
1253 588 1351 614 sane
1382 573 1545 623 docuit,

93 634 328 686 sapientius
355 645 395 674 et
424 634 658 689 elegantius
686 642 877 671 acturum
909 632 1038 671 fuisse
1057 631 1304 680 Lucianum,
1337 630 1372 668 si
1396 630 1548 682 etipse

92 689 338 730 addidisset.
376 692 496 730 Run.

208 769 312 809 Eacl.
334 773 444 812 1.14.
477 765 702 823 Κεγχρεῶν)
725 767 850 822 Angl.
875 768 1110 821 Κεγχριὲων.
1141 766 1317 808 Bomm.
1375 764 1442 803 Ad
1459 778 1551 803 vet-

97 827 164 876 ba,
188 823 277 868 mid'
299 825 387 881 ἄχρι
411 831 616 880 Κεγχρεῶν
641 822 915 878 ἀποδημήσας,
937 824 1214 864 BourcleZotius
1234 839 1285 863 ex
1304 822 1400 862 MS.
1424 823 1549 875 Angl.

97 892 222 922 notat
254 884 491 938 Κεγχριέων.
551 880 632 921 Sed
663 881 747 931 ita,
780 890 827 918 ut
857 884 1053 933 vulgatus
1086 890 1168 930 est,
1199 883 1338 919 locum
1359 878 1475 916 hunc
1499 891 1552 915 ex

96 940 257 979 Nostro
289 939 427 978 adfert
457 938 530 977 Th.
561 938 781 990 Magister,
822 936 897 975 ubi
933 936 1110 989 probat,
1152 937 1347 991 Κεγχρέας
1379 943 1421 973 et
1454 938 1554 986 Κεγ·

94 997 230 1050 χρείας
249 995 382 1034 fuisse
407 994 564 1032 dictum
596 1004 780 1048 utroque
807 992 946 1032 modo.
978 993 1102 1034 JENS.
1164 994 1386 1047 Κεγχρειῶν
1404 988 1555 1028 scribi·

96 1062 165 1090 tur
195 1050 307 1105 apud
331 1050 510 1105 Thucyd.
532 1050 663 1100 VIII,
687 1056 756 1093 20.
778 1059 819 1090 et
838 1055 904 1093 23.
928 1060 968 1089 et
1002 1050 1121 1088 alios.
1182 1049 1288 1088 Cum
1313 1050 1363 1086 A.
1384 1046 1490 1084 facit
1511 1053 1554 1084 et

95 1110 142 1148 P.
185 1108 237 1148 In
260 1109 334 1148 W.
358 1111 594 1161 Κεγχρειῶν.
625 1106 751 1146 LXX
769 1106 918 1144 stadiis
942 1121 963 1143 a
984 1103 1196 1145 Corintho
1219 1104 1381 1143 distans
1405 1110 1554 1155 portus

95 1174 140 1206 et
171 1164 292 1203 vicus
320 1164 452 1204 Strab.
483 1164 602 1203 VIII.
636 1177 676 1216 p.
711 1178 767 1206 m.
797 1168 891 1206 263.
924 1163 973 1201 A.
1033 1162 1149 1200 Hinc
1176 1170 1217 1200 et
1246 1161 1402 1213 Navig.
1429 1172 1464 1198 c.
1484 1163 1554 1201 23.

96 1221 348 1274 scripturam
375 1219 485 1258 hanc
518 1220 654 1259 secuti
687 1233 841 1261 sumus.
899 1219 949 1256 In
983 1217 1064 1258 Ed.
1094 1217 1225 1271 Steph.
1260 1217 1365 1255 Xen.
1390 1229 1432 1268 p.
1455 1218 1555 1262 307,

98 1284 164 1322 43.
185 1276 388 1316 scribitur
414 1277 618 1330 Κεγχρέαι.
651 1275 819 1316 SOLAN.
877 1275 976 1313 Vid.
1006 1274 1130 1315 Wass.
1152 1272 1205 1312 ad
1230 1270 1408 1328 lezccycl.
1430 1270 1555 1320 VIII,

101 1340 165 1378 10.
188 1343 230 1373 et
253 1333 553 1373 Commentatt.
576 1331 628 1371 ad
654 1331 783 1373 Moer.
805 1347 845 1385 p.
868 1337 965 1376 330.
997 1333 1152 1370 Lnum.

212 1413 313 1466 Pag.
338 1414 481 1456 2021.
502 1417 541 1456 2.
565 1406 675 1453 ῗ,Ωι-οι
702 1407 955 1465 ὀφθαλμῶν)
983 1409 1100 1449 Idem
1122 1407 1173 1448 de
1198 1406 1323 1446 domo
1348 1414 1389 1446 et
1411 1404 1461 1444 de
1481 1407 1559 1444 sal-

101 1469 290 1519 tatione,
330 1479 372 1508 et
402 1469 570 1521 saepiu's
597 1467 723 1516 alibi,
756 1467 884 1506 habet
916 1483 937 1506 a
964 1465 1129 1505 Thurio
1167 1473 1345 1502 oratore.
1406 1461 1556 1501 Julian.

101 1528 299 1580 Imperat·
320 1527 400 1578 Ep.
426 1522 448 1567 ὁ
477 1521 653 1576 Θούριος
676 1520 757 1565 ῶτα
778 1523 886 1566 εἶπεν
908 1520 1142 1575 ἀνθρώποις
1160 1517 1381 1572 ὀφθαλμῶν
1399 1515 1560 1573 ἄπιστό-

100 1600 207 1634 τερα.
238 1583 414 1622 Bonan.
474 1580 548 1622 Sic
574 1581 687 1622 infra
720 1582 789 1619 De
814 1580 920 1620 Salt.
942 1595 974 1618 c.
996 1584 1063 1623 78.
1086 1575 1297 1632 ‘Hooddtgo
1328 1575 1396 1628 μὲν
1416 1574 1490 1615 οὖν
1511 1574 1561 1614 τὰ

105 1639 161 1683 δι’
191 1636 377 1692 ὀμμάτων
411 1636 636 1687 φαινόμενα
666 1635 878 1691 πιστότερα
911 1636 1012 1679 εἶναι
1050 1639 1130 1676 τῶν
1163 1632 1273 1675 ὤτων
1310 1635 1429 1674 δοκεῖ.
1491 1631 1562 1669 De

105 1699 236 1736 Dom.
260 1710 291 1732 c.
305 1700 373 1736 20.
399 1691 478 1734 ῶτα
498 1692 573 1748 γὰρ
594 1692 777 1748 τυγχάνει
799 1695 916 1734 ἔοντα
936 1689 1170 1744 ἀπιστότερα
1188 1685 1428 1740 ὀφθαλμῶν.
1460 1686 1562 1725 Vid-

108 1753 241 1806 igitur
262 1750 455 1790 Ilei-odoi.
478 1750 519 1799 l,
545 1756 584 1793 8.
615 1750 667 1788 In
692 1761 793 1788 nota
816 1760 953 1788 autem
976 1748 1127 1788 Boni-cl.
1151 1755 1249 1800 post
1268 1744 1391 1783 verba
1409 1742 1561 1783 Julian.

109 1810 308 1860 lmperat.
343 1807 479 1860 Epist.
513 1805 641 1844 adde:
673 1805 725 1843 ad
754 1807 1040 1855 Leontinum,
1072 1801 1092 1845 ὁ
1121 1799 1344 1857 λογοποιός.
1389 1799 1561 1840 SOLAN.

109 1866 213 1905 Non
238 1862 288 1902 ab
314 1874 479 1901 oratore
502 1861 629 1910 haec,
662 1861 732 1901 sed
758 1861 806 1899 ab
832 1861 1035 1900 Plistonice
1061 1870 1219 1913 par-eme
1239 1865 1453 1895 mutuatus
1475 1863 1565 1893 erat

112 1923 186 1960 ille
215 1918 422 1959 tenebrio.
484 1918 581 1959 Vid.
602 1918 752 1958 H'erocl.
773 1919 815 1966 I,
838 1923 877 1961 8.
903 1933 941 1970 p.
965 1923 1002 1960 3.
1024 1918 1067 1955 in
1099 1915 1234 1953 verbis
1260 1911 1489 1951 candaulis
1511 1909 1566 1948 ad

115 1979 291 2030 Gygen,
325 1985 366 2014 et
385 1975 587 2014 Nostrum
609 1976 677 2013 De
699 1974 805 2014 Salt.
832 1989 921 2026 cap.
937 1979 1003 2016 78.
1028 1982 1069 2011 et
1086 1973 1215 2009 Dom.
1241 1984 1330 2021 cap.
1348 1972 1411 2010 19.
1446 1965 1566 2020 Quid

114 2047 214 2087 ergo
241 2030 335 2079 fiet,
371 2031 560 2084 inquies,
597 2031 744 2069 leurio
770 2030 1016 2069 Beurdelotii
1033 2039 1073 2068 et
1097 2027 1248 2065 Juliani
1268 2022 1452 2064 oratore?
1497 2022 1568 2061 Sic

116 2089 275 2140 accipe.
335 2087 580 2127 Herodotum
615 2086 756 2126 voluit
786 2087 988 2135 Julianus,
1022 2099 1113 2123 cum
1146 2081 1320 2135 Θούριον
1349 2076 1568 2133 λογοποιὸν

117 2144 254 2192 dixit,
287 2145 446 2197 quippe
477 2144 549 2197 qui
581 2142 762 2181 traditur
782 2143 955 2181 Thuriis
983 2143 1026 2179 in
1047 2140 1171 2180 Italia
1208 2138 1430 2176 historiam
1463 2149 1569 2173 con-

117 2200 344 2252 scripsisse.
388 2199 470 2250 (V.
496 2200 602 2239 Plan.
624 2198 731 2249 XII,
753 2203 792 2241 4.
814 2210 855 2238 et
878 2198 1080 2238 Plutarch.
1106 2201 1230 2243 1073,
1256 2195 1323 2244 2.)
1355 2194 1450 2231 1100
1473 2205 1568 2229 cum

120 2266 192 2296 aut
211 2257 394 2294 nesciret
413 2254 702 2304 Boni-clcloiizi.s·‚
719 2265 790 2293 aut
811 2270 973 2293 crucem
997 2250 1290 2292 Grammaticis
1314 2248 1434 2286 fixam
1457 2247 1568 2284 hanc

116 2315 260 2361 vellet,
273 2312 460 2350 leurium
476 2311 596 2349 nobis
611 2321 798 2349 oratorem
811 2326 888 2363 pro
902 2309 1104 2349 Herodoto
1119 2308 1256 2345 finxit.
1289 2306 1384 2357 Ipse
1399 2302 1568 2354 quidem

117 2370 321 2410 Lucianus
340 2365 552 2420 λογοποιὸν
572 2370 756 2418 appellat
775 2367 1034 2416 HerocZotmn,
1065 2370 1159 2408 411.
1183 2364 1211 2404 f.
1245 2362 1301 2416 (i.
1318 2375 1351 2400 e.
1372 2358 1565 2398 Macrob.

120 2441 155 2468 c.
181 2424 272 2477 10.)
322 2424 402 2462 Sed
423 2426 646 2476 scriptorem
675 2432 785 2462 recte
809 2423 1006 2470 verteris,
1041 2436 1127 2460 non
1151 2430 1354 2459 oratorem.
1409 2416 1475 2452 An
1499 2429 1571 2452 au-

123 2492 205 2521 tem
228 2480 399 2519 Thuriis
430 2482 584 2531 scripta
616 2479 745 2516 fuerit
774 2479 822 2516 ab
847 2478 1048 2517 Herodoto
1082 2476 1286 2521 historia,
1318 2472 1418 2510 alibi
1446 2484 1571 2523 quae·

126 2539 254 2576 situm
285 2545 346 2575 cst
373 2550 395 2573 a
426 2535 549 2573 nobis
579 2534 692 2572 Nota
723 2534 773 2572 ad
804 2534 1011 2572 Herodot.
1039 2548 1072 2571 c.
1094 2539 1129 2574 1.
1162 2532 1299 2569 Imm.
1361 2527 1570 2566 Thurium

128 2603 332 2631 oratorem
355 2602 478 2629 vocat
506 2589 646 2630 b'ourtl.
707 2590 764 2628 At
784 2591 878 2642 quis
899 2599 959 2627 est
981 2588 1255 2626 'l'huriusjlle
1281 2583 1452 2623 orator?
1486 2582 1570 2621 Ne-

130 2648 256 2686 scivit
275 2647 569 2691 Boumlcloiius,
606 2645 847 2685 Herodotum
870 2646 926 2682 ita
949 2644 1093 2682 vocari
1120 2643 1169 2683 ab
1193 2641 1396 2695 antiquis.
1446 2639 1569 2679 Illius

130 2712 229 2745 sunt
249 2703 350 2745 haec
375 2704 498 2745 verba
524 2704 575 2744 L.
599 2704 633 2742 1.
655 2717 688 2743 c.
711 2707 749 2745 8.
790 2703 861 2741 LA
888 2702 1051 2742 Cnozn.
