1834 3188
433 171 1241 203 rxflnnmo'rrmum.
1472 160 1573 207 467

109 287 265 324 συνην,
299 270 489 324 κατέλαβε
510 267 786 322 δικαιοσύνην.
848 268 914 308 Ad
947 283 1052 323 quae
1079 268 1207 308 verba
1233 269 1283 312 L.
1304 269 1389 309 Bos
1408 284 1449 323 p.
1476 276 1570 316 114.

108 338 190 367 att:
223 325 398 369 Διωκειν
421 327 593 380 proprie
613 327 792 376 dicitur,
826 327 902 380 qui
923 327 1157 380 fugientem
1180 327 1472 380 persequitur:
1503 347 1573 370 κα·

106 388 288 438 ταλαβεῖν
306 398 431 429 vero,
467 384 542 437 qui
564 398 673 435 eum,
706 397 829 436 quem
850 382 1122 449 persequitur
1141 384 1267 422 celeri
1294 397 1433 432 cursu,
1459 399 1572 424 com·
1624 387 1628 395 ’

106 439 346 494 prehendit.
417 441 522 479 Duo
551 440 655 479 haec
686 439 813 478 verba
846 442 1032 492 juncta,-
1059 438 1126 477 uti
1158 438 1251 489 hic,
1296 441 1572 493 reperiuntur

106 497 218 549 apud
245 496 481 537 Comicum
470 511 516 534 111
547 495 856 549 Thesmophor.
904 493 997 536 ’Ἐπ’
1022 493 1073 537 α“ν
1101 494 1367 550 καταλαβοις,
1409 499 1444 538 εἰ
1471 497 1573 538 διώ-

104 571 190 602 κεις
211 553 356 608 ταύτῃ,·
396 553 547 594 Adhuc
574 555 700 606 ipsum
731 551 1089 605 comprehenderes,
1131 555 1165 592 si
1184 555 1433 607 insequereris
1460 554 1574 596 hac?

106 610 233 663 Apud
261 611 379 650 Βιοη.
411 609 550 651 Halic.
576 610 628 650 L.
651 609 701 648 V.
729 623 769 660 Ρ.
790 614 885 652 313·
917 607 946 662 ἢ
966 611 1007 650 οἱ
1027 607 1238 658 διώκοντες
1258 609 1570 664 κατελάμβανον.

107 668 166 706 Et
192 665 479 708 A1-temicl.L
507 666 543 706 I.
577 679 671 719 pag.
692 668 789 708 295.
823 662 916 707 οὐδὲ
941 667 1138 719 δραπέτην
1163 663 1321 708 διώκων
1339 665 1569 722 καταλάβοι.

108 724 226 763 Haec
245 723 331 762 ille.
390 722 463 763 Sic
480 722 631 761 Latini
647 724 844 776 persequi.
874 736 973 774 pro,
1005 722 1155 761 hostili
1174 724 1316 762 animo
1335 724 1571 778 fugientem

107 779 332 833 persequi,
368 788 410 817 et
433 777 596 831 aliquid
620 778 766 831 sequi,
802 777 940 817 donec
964 779 1180 832 acquiras,
1225 779 1270 817 in
1299 779 1449 819 bonam
1473 796 1577 833 par—-

108 846 219 887 tem·
250 835 337 874 vid.
362 834 568 887 Ambigua
592 846 760 882 nostra,
795 833 870 872 ubi
895 845 937 874 et
968 839 1158 886 exempla
1191 835 1393 890 quaedam
1417 836 1575 876 Graeca

110 892 230 931 verbi
262 889 421 933 διώκειν
451 890 667 940 dedimus,
720 866 927 943 pluraque
956 894 1039 943 jam
1071 890 1168 930 dare
1198 905 1442 944 possemus,
1491 894 1577 932 nisi

110 948 214 986 haec
233 948 333 986 satis
353 957 454 986 nota
476 947 787 988 arbitraremur.
848 948 1037 987 NIinime
1058 958 1194 987 tamen
1216 948 1408 1001 vulgaria
1431 960 1575 996 erant,

110 1018 219 1054 quae
241 1003 398 1044 ibidem
433 1019 485 1043 ex
522 1003 695 1042 doctiss.
727 1003 976 1043 consobrini
1004 1004 1217 1045 Abresckii
1250 1004 1492 1046 Observatt.
1524 1005 1577 1045 ad

106 1060 279 1115 Hesych.
301 1059 484 1113 petenda
509 1058 817 1107 indicavimus;
855 1074 1046 1113 quaeque
1076 1060 1305 1099 videantur
1330 1061 1374 1099 in
1414 1061 1576 1102 Obser-

109 1127 215 1155 vatt.
241 1118 484 1156 Miscellan.
510 1116 560 1155 ab
589 1115 769 1155 eruditis
798 1117 1022 1156 Britannis
1054 1116 1294 1167 inchoatis,
1327 1118 1426 1159 Vol.
1448 1119 1500 1160 V.
1525 1122 1573 1159 T.

104 1173 191 1212 III.
220 1173 323 1211 anni
348 1177 471 1217 1735.
495 1187 535 1225 p.
558 1177 623 1215 92.
656 1172 730 1211 ubi
767 1172 992 1224 docemur,
1034 1172 1196 1215 διώκειν
1223 1174 1475 1227 generaliter
1508 1176 1574 1214 si-

105 1229 309 1283 gnificare
330 1229 501 1269 celeriter
512 1245 685 1280 currere
716 1228 908 1293 adeoque
927 1228 1139 1269 interdum
1165 1231 1291 1269 etiam
1313 1229 1364 1269 de
1376 1231 1573 1298 fugiente

105 1285 219 1334 dici,
253 1288 371 1325 velut
391 1286 564 1340 Hesyclz.
603 1285 762 1327 διώκειν
793 1288 920 1325 etiarn
956 1286 1281 1338 interpretatur,
1324 1283 1422 1338 μεθ’
1449 1285 1574 1342 ὁρμῆς

107 1340 297 1397 φεύγειν,
330 1356 377 1380 ac
412 1341 593 1396 leucycl.
617 1342 738 1382 V.III
766 1357 799 1381 c
827 1341 1047 1394 102-113512
1075 1344 1209 1392 δίωξιν
1229 1339 1353 1392 ευθυς
1379 1345 1572 1396 ποιούμε-

102 1412 193 1440 νοι·
255 1398 369 1453 quod
406 1399 503 1436 aliis
537 1399 748 1451 exemplis
788 1399 943 1451 probat
984 1400 1096 1438 idem
1133 1400 1376 1440 Abreschius
1414 1401 1571 1440 ibidem

100 1457 266 1495 errrz.
329 1454 458 1508 Quod
494 1453 620 1493 modo
655 1465 962 1507 praecesserat,
1011 1454 1194 1509 αἱρήσειν
1231 1455 1416 1505 διωκων,
1460 1458 1571 1506 (ubi

100 1510 391 1550 animadverte
415 1510 662 1562 adjunctum
685 1509 894 1564 τυγχάνειν
914 1526 992 1565 pro
1013 1526 1088 1557 e0‚
1121 1511 1238 1565 quod
1272 1512 1472 1566 deinceps
1496 1529 1572 1567 po·

100 1568 219 1606 nitur
257 1564 606 1620 καταλαμβάνειν)
651 1569 845 1607 conferas
887 1584 979 1606 curn
1020 1570 1148 1621 αῖοεῖν
1189 1567 1402 1610 διώκουσα
1433 1570 1569 1610 Diall

100 1625 235 1664 Deor.
265 1623 396 1674 XIX,
452 1622 546 1663 .de
567 1624 714 1662 Diana
746 1623 933 1676 dictum,
968 1639 1077 1679 quae
1103 1625 1258 1664 studeat
1283 1640 1429 1697 capere
1447 1628 1570 1666 feras.

94 1681 254 1720 LEHM.

213 1736 318 1776 Eacl.
341 1739 372 1776 1.
397 1740 437 1778 9
471 1731 590 1777 Ἀλλα
622 1738 690 1778 καὶ
717 1735 941 1790 κατάλαβε)
992 1737 1101 1777 Satis
1132 1737 1313 1777 absurde
1350 1738 1575 1794 Obsopoeus

102 1803 307 1843 verter,at
349 1793 417 1831 secl
438 1804 538 1842 esto,
571 1795 605 1832 si
629 1794 781 1832 videtur
800 1805 834 1832 ie
857 1795 1207 1846 comprehendisse,
1240 1795 1360 1849 quasi
1391 1798 1574 1849 κατέλαβε

103 1854 338 1904 legeretur3
371 1848 487 1902 quod
514 1860 652 1888 tamen
677 1864 764 1888 non
789 1864 911 1901 posse
941 1850 1052 1897 fieri,
1087 1864 1303 1904 sequens
1291 1853 1350 1904 ἔχε
1372 1852 1471 1890 satis
1494 1852 1574 1891 do-

107 1920 200 1946 cere
221 1915 416 1972 poterat:
449 1915 489 1943 at
513 1908 655 1944 forsan
683 1905 848 1956 voluit,
882 1909 916 1944 si
940 1906 1110 1957 uidetur,
1154 1918 1190 1945 ie
1221 1908 1572 1961 comprehendisse,

106 1977 183 2016 pro
204 1965 239 2000 si
257 1961 400 2000 videris
419 1962 771 2015 comprehendisse,
802 1938 978 2015 uimque
1003 1964 1128 2001 nimis
1153 1963 1362 2017 ambigue.
1406 1966 1571 2005 Rnuz.

218 2018 320 2057 Ead.
340 2021 369 2057 l.
394 2024 458 2062 14.
498 2024 554 2073 Tr]
578 2023 710 2075 σορῶ)
755 2018 971 2059 Idymum
1002 2033 1116 2069 esse,
1150 2023 1230 2072 jam
1263 2020 1354 2058 dixi
1377 2035 1499 2073 supra
1526 2021 1572 2059 in

107 2075 298 2138 Ap010g3
324 2089 414 2127 cap.
439 2082 502 2119 13.
534 2076 658 2115 Brod.
692 2076 822 2115 Μὶεσ.
855 2075 942 2126 JX,
975 2080 1038 2119 16.
1067 2077 1097 2114 f.
1128 2078 1212 2116 ait.
1254 2076 1351 2115 Hoc
1377 2079 1572 2115 enucleat

103 2132 260 2171 Erwasm
287 2129 330 2168 in
350 2131 605 2183 proverbio,
639 2131 800 2170 alterum
819 2132 988 2185 pedem
974 2150 1014 2171 m
1037 2149 1083 2187 c)
1077 2132 1175 2171 mbo
1196 2132 1402 2173 Char-omns
1421 2132 1571 2171 habet-‚e

105 2186 192 2228 Sed
212 2200 290 2239 pro
311 2192 360 2242 τῇ
377 2191 488 2242 σορῷ
508 2187 656 2226 scribit
673 2193 720 2245 τῇ
740 2194 877 2244 σοφῷ,
913 2203 998 2228 11011
1020 2204 1117 2235 sua,
1148 2189 1219 2229 sed
1242 2203 1461 2242 operarum
1483 2191 1569 2227 cul·

102 2258 169 2298 pa.
230 2243 407 2281 Interim
435 2257 567 2298 genus
592 2254 705 2284 recte
730 2243 790 2282 ibi
814 2245 1034 2297 expressit.
1068 2219 1229 2284 Rizr'rz.

220 2298 324 2338 Ibid.
345 2297 489 2341 ’Ἀλλον
518 2322 573 2330 --
603 2296 719 2353 βίὸν)
754 2302 851 2338 Hoc
871 2315 969 2340 vero
995 2312 1076 2352 est,
1119 2302 1233 2356 quod
1255 2316 1331 2341 nos
1353 2300 1566 2341 Christia-

106 2355 470 2406 ni,fi1missimis
504 2353 620 2394 ducti
653 2356 914 2405 rationibus,
959 2368 1128 2399 auctore
1151 2359 1246 2410 ipso
1270 2361 1397 2407 Deo,
1421 2373 1565 2410 spera-

103 2425 218 2452 mus:
253 2426 358 2476 qu.⁰⁵
384 2411 487 2451 adeo
514 2410 623 2449 nihil
646 2427 816 2463 eorum,
851 2427 958 2466 quae
980 2413 1051 2452 hic
1070 2430 1092 2453 a
1124 2415 1307 2454 Iuciano
1340 2390 1566 2453 adducun-

106 2479 199 2518 tur,
234 2468 284 2507 ab
304 2468 505 2507 instituto
526 2467 736 2508 retrahere
766 2483 946 2523 aequum
973 2480 1057 2520 est,
1091 2486 1183 2509 cum
1208 2486 1260 2510 ne
1289 2486 1366 2510 nos
1394 2470 1563 2524 quidem

107 2535 300 2579 tangant.
365 2524 629 2578 Quamquam
668 2539 804 2588 neque
837 2535 996 2563 tantam
1033 2529 1122 2579 ejus
1155 2527 1395 2566 rationibus
1429 2526 1566 2565 inesse

109 2582 224 2631 vim,
266 2596 350 2621 rem
384 2591 497 2620 recte
528 2590 727 2632 reputans
762 2581 979 2630 invenies,
1034 2593 1082 2620 ut
1112 2586 1178 2622 vel
1212 2598 1232 2622 a
1265 2581 1567 2636 philosophiae

110 2636 252 2676 studio
293 2637 489 2676 homines
527 2636 736 2675 Ethnicos
772 2636 979 2676 deterrere
1019 2653 1190 2691 prorsus
1232 2643 1411 2680 valeant.
1472 2638 1569 2677 Etsi

111 2693 224 2733 enim
246 2693 551 2746 perfectionem
575 2693 687 2732 illam
711 2693 910 2732 omnibus
935 2694 1022 2734 suia
1045 2695 1228 2733 numeris
1250 2696 1486 2736 absolutam
1509 2707 1569 2734 as-

1151 2752 1294 2806 Gg2
