1834 3188
403 195 470 242 96
893 205 924 235 1.
959 205 992 235 U
1031 206 1057 234 c
1095 206 1113 237 1
1150 205 1183 235 A
1219 205 1252 236 N
1287 209 1305 236 1

259 329 298 362 p.
311 321 390 355 810,
403 304 596 361 ’ὖπᾶρχειν
615 319 678 347 σοι
695 305 762 346 καὶ
783 306 832 354 g)
864 301 964 345 κατὰ
981 300 1077 352 τούς
1089 298 1462 358 ἀργυρογνώμονας
1483 302 1789 361 διαγιγνώσκειν

407 375 455 428 δι’,
470 393 508 417 τε
530 372 674 427 δόκιμα
703 375 769 415 καὶ
798 369 1012 427 ἀκίβδηλα,
1043 374 1109 413 καὶ
1130 369 1157 413 (ἲ
1172 374 1523 426 παρακεκομμένα·
1557 375 1622 415 καὶ
1643 376 1791 417 εἴποτε

403 442 592 496 τοιαύτην
611 441 698 483 τινὰ
717 440 886 495 δύναμιν
902 442 967 482 καὶ
985 441 1124 493 τέχνην
1145 437 1422 494 πορισάμενος,
1453 439 1540 497 ᾐέις
1559 438 1604 497 ¹¹)
1635 444 1697 484 ἐπὶ
1715 440 1789 495 τὴν

404 514 575 563 ἐξέτασιν
590 515 668 561 τῶν
686 511 926 565 λεγομένων·
962 511 997 550 εἰ
1014 509 1054 551 δὲ
1074 507 1142 562 μή,
1177 503 1222 551 εὖ
1241 510 1328 549 ι’σθι
1348 504 1401 556 ὥς
1422 506 1540 552 ουδὲν
1558 508 1730 552 κωλύσει
1745 507 1786 562 i)
1832 544 1834 559 ;

407 597 451 623 σε
472 585 543 633 τῆς
563 578 675 633 ῥινὸς
698 579 880 619 ἕλκεσθαι
903 573 983 630 ’ὕφ’
1005 576 1203 628 ἑκάστων,
1236 595 1260 630 η
1295 582 1433 631 θαλλῷ
1451 573 1503 629 k)
1531 580 1790 633 προδειχθέν-
1833 583 1834 590 ’

401 667 439 691 τι
461 645 505 700 l)
538 643 802 696 ακολουθεΐν,
836 643 962 700 ὥςπερ
985 663 1032 687 τα
1059 645 1252 701 πρόβατα.
1284 649 1430 699 μᾶλλον
1449 646 1490 688 δὲ
1506 651 1560 701 τῷ
1581 649 1787 702 ἐπιτραπε-

989 710 1050 726 ,ΓΙ

402 719 470 774 ζίῳ
497 714 610 757 ὕδατι
639 712 777 762 ἐοικώς
809 715 897 766 ἔσῃ,
931 715 981 766 ἐφ
1029 733 1072 765 ο,
1090 733 1126 756 τι
1143 718 1201 767 ¹¹¹)
1234 713 1285 755 ἄν
1316 715 1435 769 μέρος
1466 712 1610 771 ἑλκύσῃ
1634 716 1676 756 σέ
1704 732 1785 765 τις,

401 784 511 837 ἄκρῳ
543 787 598 833 τῷ
628 781 810 838 δακτύλῳ
844 778 1063 836 ἀγόμενος·
1095 779 1123 834 ’ἧ
1155 783 1242 833 καὶ,
1275 782 1327 836 νὴ
1359 786 1458 833 Δία,
1493 782 1656 840 καλάμῳ
1685 784 1785 833 τινὶ,

401 850 467 895 ἐπ’
492 851 594 907 ὄχθῃ
615 852 900 906 παραποταμίᾳ
921 848 1141 902 πεφυκότι,
1172 852 1238 892 καὶ
1257 850 1357 905 πρὸς
1375 857 1457 893 πᾶν
1478 849 1521 893 τὸ
1542 851 1665 892 πνεόν
1686 867 1787 903 καμ-

256 935 385 976 p.811.
400 922 596 976 πτομένῳ,
628 917 705 976 κᾷν
724 917 846 974 μικρά
865 936 924 967 τις
944 915 1047 972 αὔρα
1064 919 1117 969 ³³7⁵)
1150 918 1436 973 διαφυσήσασα
1456 924 1518 970 ¹¹),
1551 917 1787 976 διασαλεύσῃ

321 1003 375 1042 69
401 984 536 1031 αὐτόν.
594 984 664 1035 Ὡς
695 989 734 1029 εἴ
756 989 798 1043 γε’
825 1004 912 1029 τινα
932 984 1129 1038 εὗροιςο)
1171 987 1434 1038 διδάσκαλον,
1468 986 1513 1037 δς
1534 988 1584 1042 P)
1617 984 1789 1028 ἀποδεί-

401 1062 498 1109 ξεως
515 1057 627 1109 πέρι,
660 1057 726 1098 καὶ
745 1060 816 1108 τῆς
844 1059 923 1096 τῶν
950 1053 1340 1110 αμφιςβητουμὲνων
1361 1059 1616 1111 διακρίσεως,
1649 1055 1789 1108 τέχνην

399 1125 489 1168 τινά
516 1123 651 1174 εἰδώς,
686 1121 853 1173 διδάξειέ
873 1138 938 1173 σε,
971 1125 1103 1177 παύσῃ
1133 1125 1284 1177 δηλαδὴ
1307 1122 1516 1180 πράγματα
1536 1125 1644 1177 ἔχων.
1677 1121 1787 1164 αὖτί-

399 1212 451 1238 κα
470 1192 544 1250 γάρ
564 1208 627 1236 σοι
644 1190 686 1235 τὸ
706 1193 906 1247 βέλτιστον
926 1199 1125 1246 φανεῖται,
1147 1194 1213 1235 καὶ
1232 1189 1405 1246 τάληθὲς
1421 1190 1603 1246 ’ὑπαχθὲν
1619 1197 1667 1248 τῇ
1684 1187 1784 1234 ἄπο-

446 1311 495 1354 g)
523 1307 630 1351 καὶ]
657 1319 675 1341 a
698 1309 815 1340 Reztz.
837 1313 873 1340 et
894 1312 1050 1341 recentt.
1072 1307 1251 1340 omissum
1275 1306 1420 1339 restitui
1443 1318 1461 1339 e
1479 1312 1565 1338 vett.
1586 1306 1682 1340 Edd.
1703 1316 1781 1339 om-

490 1356 613 1388 nibus.
664 1355 745 1390 Vid.
769 1355 903 1386 Adnot.
963 1354 1008 1397 h)
1033 1351 1163 1399 ᾑεις]
1190 1350 1318 1407 „dyszg
1338 1354 1375 1385 P
1383 1355 1406 1372 “
1442 1350 1690 1397 πορισάμενος
1707 1353 1783 1395 εἴης

491 1414 510 1435 2
514 1410 594 1445 954.
615 1401 802 1433 mendose.
861 1400 901 1442 1')
929 1400 1160 1442 κωλύσει]
1189 1397 1361 1444 ,,κωλυ’σῃ
1383 1400 1470 1431 «V‘4
1517 1400 1565 1439 k)
1591 1400 1779 1444 θαλλῷ]

488 1448 578 1492 „Sic
602 1446 654 1479 ΡΙ.
678 1448 723 1478 H.
747 1447 1086 1492 Ρ31κ<610.)θαλῷ
1105 1447 1162 1481 J.“
1208 1446 1245 1487 1)
1272 1435 1646 1489 προδειχθέντι]
1672 1457 1782 1488 προς-

488 1474 645 1533 ειςθέντι
665 1492 762 1533 conj.
788 1493 981 1524 ΗεηιςιενΙι.
1002 1493 1047 1524 ad
1073 1494 1161 1524 sz.
1177 1491 1315 1523 Ruhnl.
1334 1503 1369 1535 p.
1396 1502 1467 1535 139
1479 1502 1720 1546 quamquam
1745 1498 1782 1523 et

488 1540 680 1583 vulgatam
697 1538 792 1570 bene
820 1537 955 1570 habere
984 1539 1133 1570 fatetur.
1200 1540 1262 1581 m)
1293 1533 1335 1579 ὅ,
1350 1540 1419 1578 τι]
1451 1534 1548 1582 ,,ὅτῳ
1568 1538 1624 1570 W.
1676 1536 1781 1569 Nihil

487 1590 637 1618 mutant
652 1584 692 1615 Fl
725 1585 756 1618 J
776 1585 820 1617 H.
834 1585 927 1616 Par.
920 1585 942 1601 ‘
963 1583 1064 1626 (etc.)
1089 1579 1161 1628 ότῳ
1182 1591 1214 1615 e
1220 1584 1293 1616 iam
1313 1594 1414 1626 5011.
1436 1583 1557 1616 habet.
1611 1585 1655 1623 [)
1683 1583 1782 1616 Scri

487 1632 645 1664 bebatur
661 1624 769 1674 αὖρα.
801 1631 844 1662 G
866 1632 929 1670 Ι).]
979 1632 1027 1672 n)
1054 1627 1428 1673 διαφυσήσασα]
1457 1626 1672 1673 διαφησασα
1691 1630 1731 1662 Β.
1744 1640 1778 1672 3.

489 1680 534 1720 o)
563 1673 752 1721 εὕροις]
787 1677 845 1708 Ita
871 1678 918 1707 Bt
919 1676 996 1707 luzo
1026 1685 1311 1720 praemonente,
1347 1676 1490 1708 correxi
1516 1676 1781 1708 soloecismum

483 1724 678 1767 vulgatum
704 1722 1107 1766 εὕρης.Ρ61·ηιιιῑ3ῖ33
1137 1723 1280 1755 vocales
1303 1734 1339 1755 οι
1360 1728 1395 1754 et
1415 1734 1436 1765 η
1458 1722 1602 1765 saepius
1632 1732 1709 1754 esse
1729 1721 1776 1754 oh

482 1769 755 1814 pronuntiandi
773 1767 956 1801 rationem
977 1780 1127 1811 piorsus
1148 1768 1314 1811 eandem,
1341 1768 1398 1800 vel
1417 1768 1505 1800 haec
1525 1768 1692 1812 exempla
1713 1767 1777 1800 do-

487 1823 591 1849 cent:
620 1826 730 1869 snpra
750 1826 778 1847 e.
794 1821 825 1853 8.
847 1813 910 1847 ubi
929 1814 1002 1849 vid.
1024 1815 1159 1848 Adnot.
1181 1821 1216 1848 et
1239 1826 1336 1859 c.13.
1357 1813 1422 1848 ubi
1440 1814 1510 1848 vid.
1535 1815 1639 1847 Varr.
1655 1815 1775 1847 Leczt.

484 1863 531 1906 P)
561 1859 633 1901 ὃς]
662 1858 767 1900 ωςΒ·
788 1873 820 1905 5·

1114 1969 1283 2009 cunque
1304 1963 1344 1992 te
1367 1953 1411 1991 in
1432 1964 1592 2006 partem
1613 1967 1775 1992 summo

393 1954 474 1995 tibi
505 1955 583 2005 sit,
619 1955 754 2008 qualis
785 1955 1056 2008 argentario-

1115 2013 1211 2064 quis
1248 2009 1385 2064 digito
1423 2010 1586 2060 trahat,
1620 2024 1776 2064 sequa-

393 2028 508 2061 rum,
542 2011 823 2065 dignoscendi
856 2011 983 2063 proba
1012 2021 1054 2050 et

1626 2075 1774 2105 enatae

393 2069 555 2106 fraudis
574 2068 763 2119 expertia
782 2067 831 2105 ab
851 2067 930 2117 his,
947 2082 1053 2121 quae
1113 2083 1177 2115 re;

393 2124 624 2164 adulterata
642 2134 755 2162 sunt.
782 2125 851 2173 Et,
867 2125 901 2161 si
922 2139 1052 2177 quan-

394 2180 448 2220 do
474 2181 676 2219 facultate
711 2180 782 2218 illa
812 2190 941 2233 atque
963 2191 1052 2218 arte

390 2247 646 2290 comparata,
681 2236 731 2273 ad
753 2251 911 2287 eorum,
946 2250 1052 2289 quae

390 2293 620 2342 dicuntur,
653 2307 828 2332 examen
853 2292 1048 2342 accedas,

390 2350 481 2388 benc
501 2350 638 2389 habet:
670 2349 735 2386 sin
761 2363 860 2388 vero
886 2349 1049 2395 minus,

389 2406 525 2454 nihil,
576 2404 681 2444 mihi
716 2405 861 2453 crede,
909 2405 1052 2443 obsta-

388 2461 476 2510 bit,
513 2477 595 2514 quo
619 2462 757 2499 minus
779 2460 952 2499 naribus
971 2471 1052 2499 tra-

389 2516 503 2554 haris
545 2518 594 2555 ab
639 2531 921 2572 unoquoque,
979 2528 1052 2556 aut

389 2573 587 2611 fruticem
669 2584 1050 2626 praemonstratum

389 2630 580 2680 sequaris
605 2631 671 2667 uti
696 2644 863 2681 pecora.
897 2631 1048 2669 Potius

388 2698 488 2722 vero
522 2686 641 2723 susae
681 2699 754 2736 per
788 2700 971 2725 mensam
1002 2700 1049 2723 a-

388 2754 494 2794 quae
514 2741 668 2779 similis
686 2741 781 2787 eris,
799 2743 887 2795 qui,
906 2756 1049 2796 quam-

1212 2077 1296 2114 am,
1328 2081 1403 2119 per
1420 2067 1591 2116 Jovem‚

1113 2124 1164 2161 ad
1188 2122 1375 2161 fluminis
1400 2124 1531 2174 ripam
1554 2121 1772 2170 arundini,

1112 2179 1164 2219 ad
1190 2180 1378 2234 quemvis
1404 2180 1601 2231 spiritum
1629 2178 1774 2230 flexae,

1113 2251 1234 2289 quam
1256 2245 1295 2274 et
1319 2236 1480 2273 minuta
1503 2236 1676 2288 quaevis
1701 2249 1773 2273 au-

1111 2308 1155 2331 ra
1208 2291 1310 2329 flatu
1361 2305 1436 2330 suo
1492 2300 1768 2330 commoveat.

1111 2350 1262 2401 Itaque
1297 2349 1332 2386 si
1372 2362 1494 2400 quem
1526 2348 1770 2400 magistrum

1111 2405 1320 2454 invenias,
1345 2405 1416 2457 qui
1442 2402 1491 2440 de
1515 2402 1770 2441 demonstra-

1111 2463 1231 2500 tione
1254 2471 1380 2512 atque
1405 2458 1630 2497 dubiorum
1656 2458 1771 2512 diju-

1111 2517 1326 2556 dicatione
1363 2524 1512 2561 artem,
1543 2530 1665 2568 quam
1692 2529 1768 2554 no-

1109 2575 1190 2623 rit,
1221 2581 1261 2610 te
1287 2570 1460 2619 doceat,
1493 2571 1681 2610 laborare
1703 2571 1769 2609 ni-

1108 2629 1257 2668 mirum
1303 2626 1483 2670 desines,
1544 2628 1692 2666 Statim
1727 2641 1766 2666 e·

1107 2686 1193 2722 nim
1217 2681 1329 2736 quod
1355 2682 1563 2735 optimum
1592 2693 1656 2723 est
1685 2682 1767 2722 tibi

1107 2739 1375 2795 apparuerit,
1427 2748 1470 2777 et
1509 2753 1655 2779 verum
1689 2739 1767 2779 de-
