1834 3188
395 230 498 280 254
886 241 1294 275 Luc1AN1

227 358 380 401 p.90.25
395 342 555 389 ἐπειδάν
582 338 766 399 ῥιγῶσιν)
804 341 844 391 εἷς
871 339 1022 394 ταύτην
1045 337 1287 384 ἰ’ἷποδῦεται.4
1332 336 1484 395 Ἐσθὴς
1516 342 1559 384 δὲ
1591 347 1676 392 τοῖς
1706 343 1777 397 μὲν

269 835 376 870 P·91·

301 1109 357 1149 26

391 416 602 462 πλουσίοις
629 408 795 464 ὑαλίνη,
829 407 1038 465 μαλθακή·
1067 417 1152 459 τοῖς
1181 412 1323 463 πένησι
1352 412 1412 461 δὲ,
1443 415 1572 464 χαλκῆ
1589 408 1775 463 ὑφαντή·

391 481 626 536 πολύχαλκα
642 477 716 535 γάρ
736 478 783 520 τά
805 481 885 521 ἐκεῖ
897 481 1043 534 χωρία,
1076 480 1144 521 καὶ
1162 476 1390 534 ἐργάζονται
1408 478 1479 521 τὸν
1498 476 1643 533 χαλκὸν
1658 478 1777 521 ὕδατι

389 548 705 605 ὖποβρέξαντες,
746 545 873 598 ὥςπερ
905 545 953 588 τὰ
987 549 1082 602 ἔρια.
1137 550 1227 602 περὶ
1259 549 1392 601 μέντοι
1420 552 1500 589 τῶν
1530 546 1773 600 ὀφθαλμῶν,

390 620 504 666 οἵους
524 619 701 671 ἔχουσιν,
734 613 840 657 ὀκνῶ
867 616 936 670 μὲν
964 618 1109 665 εἰπεῖν,
1143 614 1197 669 μή
1228 633 1286 664 τις
1305 633 1351 668 με
1371 618 1516 672 νομίσῃ
1544 614 1777 669 ψεύδεσθαι
1833 625 1834 630 ’

390 684 458 727 διά
478 684 520 726 τὸ
541 682 711 726 ἄπιστον
729 689 800 726 τοῦ
821 683 956 740 λόγου.
979 683 1084 738 ὅμως
1104 684 1145 725 δὲ
1164 685 1230 725 καὶ
1251 689 1367 726 τοῦτο
1387 686 1476 738 ἐρῶ·
1507 682 1600 733 τούς
1617 681 1776 736 ὀφθαλ-

390 752 491 808 μοὺς
509 752 784 807 περιαιρετοῦς
809 756 963 807 ἔχουσι·
994 754 1060 794 καὶ
1088 749 1109 794 ὅ
1131 751 1399 807 βουλόμενος,
1430 750 1569 802 ἐξελών
1589 751 1682 802 τοὺς
1704 749 1775 793 αὖ·

390 826 486 873 τοῦ,
519 820 708 874 φυλάττει
731 817 807 871 ἐ’ςτ’
842 819 891 863 ἂν
912 825 1040 877 δεηθῇ
1061 823 1175 862 ἰδεῖν.
1221 819 1325 862 οὕτω
1349 821 1390 862 δὲ
1415 821 1648 873 ἐνθέμενος,
1681 816 1775 876 ὁρᾷ·

387 891 457 932 ’καὶ
477 892 617 932 πολλοὶ
634 889 727 940 τοὺς
750 892 965 945 σφετέρους
986 885 1270 939 ἀπολέσαντες,
1300 884 1400 943 παρ’
1430 886 1559 929 ἄλλων
1581 884 1777 941 χρησάμε-

386 976 453 1000 νοι
489 955 658 1013 ὁρῶσιν·
704 962 781 1002 εἰσὶ
810 957 846 1001 δ’
882 963 922 1001 οἳ
953 959 1021 999 καὶ
1045 955 1216 1006 πολλοὺς
1250 954 1481 1005 ἀποθέτους
1513 958 1695 1010 ἔχουσιν,
1739 958 1781 998 οἷ

385 1025 582 1068 πλούσιοι.
630 1025 678 1069 τὰ
709 1022 788 1069 εἶτα
810 1029 870 1078 δὲ,
904 1024 1117 1069 πλατάνων
1142 1024 1273 1078 φύλλα
1294 1026 1396 1066 ἐστὶν
1419 1023 1575 1077 αὐτοῖς,
1606 1022 1714 1077 πλήν
1731 1038 1781 1079 γε

384 1101 469 1144 τοῖς
491 1093 571 1136 ἀπὸ
593 1100 673 1137 τῶν
697 1095 905 1150 βαλάνων·
937 1097 1081 1137 ἐκεῖνοι
1103 1092 1178 1149 γάρ
1199 1093 1318 1147 μόνοι
1337 1092 1474 1143 ξύλινα
1495 1095 1641 1146 ἔχουσι.
1699 1093 1775 1135 Καὶ

382 1161 465 1217 μὴν
488 1165 557 1204 καὶ
573 1162 664 1204 ἄλλο
685 1170 829 1217 θαῦμα
855 1166 896 1206 ἐν
914 1170 999 1212 τοῖς
1030 1165 1246 1217 βασιλείοις
1265 1160 1520 1214 ἐθεασάμην·
1551 1159 1775 1216 κάτοπτρον

380 1232 566 1286 μέγιστον
588 1238 715 1273 κεῖται
731 1230 829 1287 ὑπὲρ
855 1233 1039 1287 φρέατος,
1074 1228 1120 1273 οὗ
1143 1228 1250 1271 πάνυ
1274 1230 1437 1284 βαθέος.
1471 1226 1521 1270 ἂν
1538 1231 1606 1282 μὲν
1630 1223 1703 1270 οὖν
1722 1231 1777 1281 εἰς

381 1297 427 1341 τὸ
451 1301 580 1354 φρέαρ
605 1304 760 1357 καταβῇ
787 1319 867 1351 τις,
903 1297 1040 1342 άκοὺει
1060 1297 1223 1341 πάντων
1245 1304 1322 1340 τῶν
1347 1295 1445 1352 παρ’
1469 1296 1565 1351 ἡμῖν
1595 1298 1637 1339 ἒν
1656 1302 1706 1353 τῇ
1727 1301 1778 1355 γῇ

379 1369 626 1422 λεγομένων·
671 1366 741 1410 ἐὰν
774 1369 814 1410 δὲ
844 1371 900 1418 εἰς
936 1366 979 1410 τὸ
1011 1365 1238 1422 κάτοπτρον
1268 1366 1501 1421 ἀποβλέψῃ,
1547 1364 1680 1414 πάσας
1705 1367 1775 1420 μὲν

379 1434 540 1486 πόλεις,
571 1434 703 1477 πάντα
733 1436 773 1477 δὲ
799 1438 899 1488 ἔθνη
935 1433 1033 1493 δρᾷ,
1078 1435 1206 1490 ὥςπερ
1238 1434 1413 1488 ἐφεστώς
1442 1431 1646 1484 ἑκάστοις·
1687 1432 1776 1477 τότε

378 1505 448 1545 καὶ
468 1504 562 1552 τούς
583 1506 758 1552 οἰκείους
787 1502 861 1558 ἐγώ
883 1503 1136 1558 ἐθεασάμην,
1170 1505 1237 1545 καὶ
1265 1508 1400 1544 πᾶσαν
1418 1501 1492 1555 τὴν
1513 1505 1705 1558 πατρίδα·
1740 1505 1777 1545 εἰ
1820 1555 1821 1558 ¹

378 1570 421 1612 δὲ
449 1567 633 1627 κᾷκεῖνοί
657 1590 703 1625 με
735 1571 896 1627 ἑώρων,
939 1571 1012 1616 οὐκ
1043 1575 1122 1624 (ἔτι
1144 1570 1213 1627 t))
1244 1573 1316 1625 ἔχω
1350 1569 1394 1612 τὸ
1423 1566 1599 1624 ἀσφαλὲς
1630 1572 1768 1613 εἰπεῖν.

424 1672 462 1714 t)
490 1670 536 1706 ἔτ
549 1673 586 1715 ι]
613 1672 713 1706 deest
731 1673 769 1706 in
785 1684 887 1716 3011.
908 1685 977 1707 nec
995 1673 1209 1719 negandum
1228 1685 1304 1707 esse
1324 1673 1506 1718 ineptum.
1560 1672 1666 1706 Unde
1687 1684 1774 1706 cum

375 1778 522 1803 recens
564 1765 678 1815 nati,
733 1781 825 1804 cum
858 1766 1041 1820 frigent,

375 1822 421 1859 in
444 1836 538 1859 eum
563 1821 763 1873 irrepant.
813 1822 954 1861 Vestis
979 1823 1040 1861 di·

373 1877 536 1916 vitibus
551 1892 599 1915 ex
615 1880 728 1917 vitro
742 1880 902 1926 mollis;
937 1895 1040 1933 pau-

371 1933 546 1986 peribus
567 1935 731 1972 textilis
751 1950 801 1974 ex
822 1950 938 1974 aere:
973 1951 1041 1974 ae-

372 1991 431 2028 ris
457 1991 568 2028 enim
594 1991 752 2029 feraces
779 1993 875 2029 illae
900 1993 1038 2046 regio·

371 2060 473 2094 neS,
506 2055 772 2101 tractantque
806 2048 937 2097 illud,
974 2049 1040 2085 ef-

372 2103 467 2139 fusa
486 2106 668 2154 paucula
691 2118 814 2156 aqua,
835 2114 1037 2157 tanquam

370 2161 524 2197 lanam.
588 2159 743 2197 Verum
781 2160 830 2199 de
873 2161 1034 2208 oculis,

371 2217 518 2268 quales
541 2213 723 2252 habeant
740 2247 750 2264 ‚
786 2217 905 2269 piget
925 2216 1038 2254 dice-

366 2285 436 2321 re,
469 2285 522 2309 ne
548 2271 642 2323 quis
672 2273 843 2309 mentiri
866 2287 930 2311 me
951 2287 1036 2325 pu-

365 2337 453 2376 tet,
487 2326 593 2364 adeo
615 2341 636 2364 a
663 2327 746 2365 fide
769 2327 968 2367 abhorret
991 2343 1035 2367 o-

364 2385 489 2423 ratio.
533 2386 690 2421 Tamen
714 2383 795 2422 hoc
817 2385 942 2423 etiam
971 2384 1034 2422 di-

365 2453 471 2478 cam.
532 2439 705 2478 Habent
727 2442 860 2493 igitur
885 2445 1029 2480 oculos

365 2496 600 2545 exemtiles,
635 2506 689 2545 et,
726 2497 799 2549 qui
824 2500 929 2546 vult,
962 2513 1034 2536 ex-

365 2562 499 2590 emtos
535 2567 632 2591 suos
659 2563 819 2603 servat,
855 2553 951 2591 dum
979 2569 1032 2592 o-

362 2619 444 2657 pus
472 2609 528 2646 sit
559 2607 702 2647 videre
731 2609 919 2662 aliquid,
954 2610 1030 2648 ubi

363 2662 569 2713 imposito
605 2665 686 2702 sibi
724 2669 849 2704 oculo
886 2666 1029 2704 videt:

363 2730 413 2755 ac
436 2720 583 2769 multi,
616 2735 707 2758 cum
747 2735 847 2759 suos
881 2721 1028 2773 perdi-

1103 1767 1281 1805 aliorum
1304 1765 1439 1805 oculis
1452 1774 1643 1804 cernunt.
1659 1766 1771 1804 Sunt
1816 1772 1819 1804 J

1102 1834 1242 1862 autem
1281 1821 1460 1872 divites,
1502 1821 1575 1875 qui
1598 1823 1770 1874 reposi-
1816 1854 1817 1863 ,

1101 1890 1167 1918 tos
1206 1888 1375 1918 servent
1411 1882 1563 1930 plures.
1633 1879 1768 1918 Aures

1101 1937 1207 1989 ipsis
1257 1945 1357 1974 sunt
1409 1935 1515 1973 folia
1561 1937 1769 1986 platano—
1814 1943 1815 1948 ’

1098 2008 1204 2040 rum,
1240 2001 1531 2045 praeterquam
1553 1989 1634 2038 his,
1659 2005 1764 2043 quos

1101 2062 1122 2086 e
1147 2047 1376 2102 glandibus
1407 2047 1521 2084 nasci
1550 2046 1764 2087 diximus:
1812 2047 1814 2056 ’

1097 2105 1261 2158 ligneas
1308 2104 1417 2141 enim
1468 2103 1549 2141 soli
1592 2102 1762 2142 habent.

1098 2160 1201 2199 Vidi
1251 2160 1376 2199 etiam
1417 2159 1534 2197 aliud
1569 2158 1613 2196 in
1647 2159 1762 2213 regia

1095 2217 1359 2254 miraculum.
1421 2217 1645 2268 Speculum
1674 2216 1761 2253 im-

1096 2273 1286 2324 positum
1315 2282 1376 2310 est
1417 2272 1644 2309 maximum
1671 2286 1761 2323 pu-

1096 2339 1167 2368 teo
1194 2343 1278 2367 non
1304 2329 1409 2367 adeo
1432 2327 1662 2380 profundo,
1712 2328 1759 2367 Si

1097 2386 1191 2438 quis
1216 2386 1348 2438 igitur
1371 2383 1595 2422 descendat
1614 2383 1657 2419 in
1681 2397 1757 2434 pu-

1094 2452 1232 2488 teum,
1267 2441 1410 2484 audit,
1447 2452 1552 2491 quae
1578 2439 1620 2475 in
1646 2449 1754 2477 terra

1092 2508 1235 2536 nostra
1258 2495 1483 2543 dicuhtur,
1520 2494 1683 2533 omnia:
1717 2495 1754 2533 si

1091 2568 1191 2592 vero
1218 2554 1260 2590 in
1282 2554 1500 2604 speculum
1525 2550 1753 2602 inspiciat,

1090 2610 1213 2647 urbes
1255 2621 1397 2646 omnes
1444 2616 1570 2659 atque
1605 2617 1750 2660 gentes

1088 2679 1175 2702 non
1201 2664 1338 2701 minus
1364 2661 1504 2712 videt,
1550 2675 1674 2714 quam
1711 2662 1749 2701 si

1087 2719 1271 2758 adstaret
1296 2719 1492 2772 singulis.
1554 2720 1662 2757 Tum
1686 2720 1748 2757 fa-

363 2772 485 2824 dere,
538 2776 807 2816 commodato
840 2777 1026 2830 acceptis
1084 2775 1268 2814 minares
1304 2789 1383 2828 ego
1421 2788 1593 2830 quoque
1630 2774 1745 2823 vidi,
