1834 3188
431 208 485 238 rx
521 206 687 237 VERAE
727 207 992 238 ms'romAE
1030 209 1122 239 mn.
1162 213 1193 241 r.
1448 201 1544 246 641

81 303 213 344 bitrio
235 303 281 343 in
311 302 378 344 his
400 318 545 360 egere,
579 319 670 343 cum
696 304 985 358 antiquissimi
1007 306 1191 347 Codices
1213 308 1389 361 spiritus
1416 321 1458 350 et
1481 328 1547 351 ac·

79 370 228 401 centus
252 361 452 415 ignorent
468 392 479 410 ‚
513 361 670 401 dehinc
689 365 854 415 regulas
876 363 1180 403 Grammaticas
1202 365 1545 415 observabimus.

78 431 227 471 parum
248 428 456 470 curantes,
492 418 596 472 quid
620 417 781 457 scribae
805 419 886 457 sibi
907 419 1163 459 indulserint
1183 422 1227 460 in
1247 422 1313 460 his
1332 424 1544 466 minutiis.

80 473 243 513 Confer
265 484 405 514 tamen
430 489 555 527 supra
590 489 610 512 a
641 488 704 512 me
730 473 843 513 dicta
869 475 920 514 ad
941 491 973 517 c.
996 483 1064 521 33.
1085 477 1241 531 Quom.
1265 494 1422 521 consor.
1446 481 1548 523 hist,

81 540 123 569 et
141 545 240 570 mox
260 545 295 571 c.
321 536 383 575 15.
444 531 641 570 Ceterum
663 527 807 579 αὖτοὺς
828 547 904 584 pro
923 533 1088 582 ἑαυτούς
1109 534 1179 572 hic
1200 538 1314 574 valet
1332 551 1409 589 pro
1428 534 1545 590 ἡμᾶς,

77 590 146 626 vel
170 585 275 640 ἡμᾶς
299 584 458 636 αὐτούς,
518 588 772 640 Exemplum
804 603 933 626 unum
957 589 1074 630 dedit
1096 590 1148 629 L.
1173 592 1279 641 Bos,
1313 594 1392 632 etsi
1427 596 1546 634 aliud

78 657 230 698 agens,
276 644 328 683 ad
362 644 457 686 Act.
495 645 647 697 Apost.
681 644 899 694 XXVIII,
926 652 988 690 16.
1020 661 1071 685 ex
1101 647 1132 685 I.
1157 649 1260 703 Reg.
1280 649 1450 700 XXVI,
1484 659 1545 696 11,

78 699 319 754 ἀπέλθωμεν
337 698 451 755 ἡμεῖς
473 696 574 742 καθ’
599 699 781 750 ἑαυτούς.
842 701 1158 757 Reliqua'enim
1174 736 1184 751 ‚
1220 720 1328 758 quae
1349 706 1452 748 ibid,
1476 708 1547 747 ad-

77 757 162 796 fert
183 758 235 796 ad
261 755 657 806 demonstrandum,
689 753 789 799 καθ’
812 757 956 800 ἑαυτὸν
979 759 1222 814 significare
1242 779 1390 815 perse,
1424 782 1546 818 sepa-

78 816 219 865 ratim,
250 830 434 864 seorsum,
467 814 551 852 huc
571 827 659 852 non
679 814 909 867 pertinent,
943 817 1042 871 quia
1061 818 1210 857 tertiae
1227 833 1433 870 personae
1457 837 1546 860 ver-

77 869 122 908 bi
143 873 402 926 junguntur3
435 871 480 908 in
502 869 584 909 hoc
610 880 748 909 autem
773 871 933 924 primae
952 874 1076 911 etiam
1100 888 1232 927 aeque
1256 889 1304 913 ac
1328 876 1371 913 in
1395 876 1546 916 Lucia-

76 942 128 965 no
154 926 401 980 adjunctum
428 936 505 966 est.
560 925 683 966 Adde
716 927 881 980 Catapl.
907 932 944 977 Ο.
968 933 1008 971 9.
1039 932 1107 971 καὶ
1139 935 1274 983 μνῆμα
1296 934 1424 986 ἑαυτῷ
1444 952 1545 987 παμ-

75 984 240 1037 μέγεθες
263 980 510 1035 οἷναστήσας,
550 980 786 1040 ἔπιγράψῳ·
830 984 904 1022 ubi
940 987 1069 1042 ἑαυτῷ
1101 988 1225 1025 etiam
1257 1003 1331 1041 pro
1363 991 1543 1042 ἐμαυτῷ,

74 1040 178 1078 licet
200 1039 372 1079 Solemus
390 1040 434 1078 id
459 1048 667 1078 mutatum
693 1041 808 1080 velit.
868 1039 984 1081 Idem
1009 1052 1096 1082 erat
1123 1044 1168 1081 in
1190 1047 1412 1084 nonnullis
1433 1047 1544 1088 Edd.

75 1095 122 1133 in
146 1094 197 1135 de
215 1096 406 1136 Merced.
429 1095 550 1136 cond.
577 1100 616 1145 0.
635 1102 702 1141 30.
761 1096 846 1138 Sed
868 1099 967 1151 quia
989 1100 1096 1139 aliae
1116 1099 1224 1141 Edd.
1251 1111 1291 1140 et
1317 1102 1451 1141 Codd.
1480 1103 1543 1142 ibi

73 1151 290 1191 habebant
312 1151 508 1206 ἐμαυτὸν,
540 1152 623 1191 hoc
642 1154 893 1206 recepimus.
953 1156 1080 1194 Licet
1107 1156 1218 1195 enim
1240 1167 1281 1196 et
1306 1158 1367 1196 ibi
1392 1162 1544 1199 tolera·

74 1208 161 1247 bile
185 1208 349 1247 dixeris
374 1207 541 1258 ἑαυτὸν,
574 1219 712 1249 tamen
734 1224 819 1249 non
846 1225 1009 1264 semper
1030 1212 1176 1251 eodem
1198 1214 1332 1261 redit;
1368 1230 1461 1254 cum
1482 1219 1545 1269 ἐμ-

75 1261 202 1306 αυτὸν
225 1265 439 1304 interdum
468 1266 657 1320 ambigui
681 1265 848 1304 vitandi
879 1269 1014 1321 gratia
1035 1269 1361 1321 praeferendum
1383 1273 1466 1324 sit,
1498 1283 1546 1312 ut

74 1320 161 1363 vid.
185 1321 235 1359 ad
257 1322 470 1361 Herodoti
493 1323 584 1361 sive
606 1322 804 1361 Aetionis
828 1338 915 1376 cap.
937 1327 1013 1363 ult.
1046 1325 1209 1364 Rm'rz.

190 1378 290 1419 Eacl.
311 1382 339 1417 l.
364 1384 402 1422 9.
437 1377 834 1432 Προςσχόντες]
866 1381 916 1419 In
951 1382 1169 1434 prioribus
1198 1382 1307 1424 Edd.
1343 1384 1545 1424 omnibus

75 1434 216 1473 minus
237 1434 468 1489 diligenter
491 1436 695 1488 scriptum
718 1446 806 1474 erat
824 1435 1088 1490 προσχόντες,
1123 1438 1237 1492 quod
1263 1454 1390 1492 quum
1412 1442 1545 1481 offen·

74 1491 190 1530 sioni
213 1501 321 1531 esset
343 1492 614 1541 Schmieclero,
646 1507 735 1531 non
757 1503 895 1533 tamen
917 1493 1112 1533 dubitare
1132 1495 1166 1532 is
1188 1494 1380 1543 debebat,
1401 1508 1544 1537 utrum

72 1548 345 1601 προςὲχοντες,
377 1563 429 1588 an
447 1548 725 1602 προςσχόντες;
756 1549 1053 1604 corrigendum
1078 1561 1198 1591 esset.
1234 1554 1408 1592 Aoristo
1430 1555 1542 1594 enim

76 1619 184 1657 opus
214 1615 318 1645 erat.
379 1604 592 1654 Eandem,
635 1608 704 1644 vel
730 1606 915 1659 ejusdem
951 1608 1142 1660 generi5‚
1176 1609 1469 1662 librariorum,
1502 1622 1545 1651 et

73 1661 325 1708 Editorum‚
359 1661 663 1716 negligentiam
687 1662 731 1700 in
761 1662 970 1715 Sophoclis
993 1663 1146 1716 Oedip.
1167 1665 1274 1718 Reg.
1300 1680 1338 1706 V.
1360 1671 1426 1709 79.
1448 1683 1545 1707 cor-

75 1726 280 1757 rexerunt
292 1717 474 1773 Erfurdt.
489 1728 529 1757 et
543 1718 745 1775 Sclzacfer.
772 1733 848 1770 pro
866 1723 1150 1772 προστείχοντα
1169 1722 1403 1761 scribentes
1424 1741 1546 1775 προς-

75 1775 292 1827 στείχοντα.
337 1773 446 1813 Vide
471 1773 651 1813 eundem
677 1775 878 1830 Sclzaqfi‘r.
899 1775 950 1814 ad
972 1776 1123 1817 Julian.
1146 1792 1186 1829 p.
1209 1778 1350 1819 XXII.
1383 1780 1544 1820 LmrM.

189 1829 290 1872 Eacl.
323 1832 350 1869 l.
377 1835 439 1873 11.
471 1825 642 1881 Αὐτῶν)
673 1830 926 1885 Legendum
957 1833 1128 1872 videtur
1157 1831 1303 1885 αὐτοῦ,
1344 1835 1418 1885 ihi,
1461 1837 1545 1875 nisi

74 1900 248 1941 prorsus
271 1887 390 1925 malis
413 1886 644 1929 obliterari.
678 1887 844 1928 SOLAN.
903 1888 1068 1927 Neutra
1088 1889 1196 1929 ratio
1219 1893 1370 1943 placet.
1400 1890 1547 1945 ΓΗμών

77 1939 211 1985 αὐτῶν
234 1943 410 1995 pluralis
436 1953 498 1983 est
521 1943 639 1982 vocis
665 1945 863 1995 ἐμαυτοῦ,
897 1946 1073 2001 ἐμαυτῷ,
1108 1946 1298 1998 ἐμαυτὸν,
1332 1958 1374 1988 et
1406 1953 1542 1989 valet:

76 2016 131 2039 ex
152 2000 247 2053 ipsis
264 2000 394 2050 nobis,
427 2016 482 2039 ex
513 2001 683 2053 ipsorum
705 2012 877 2056 nostrum
899 2019 1076 2050 numero,
1109 2017 1181 2042 aus
1204 2019 1376 2044 unserer
1396 2007 1543 2054 Mitte.

75 2057 230 2109 Neque
264 2056 369 2097 adeo
399 2056 613 2109 redundat
649 2053 807 2109 αὐτῶν,
853 2073 993 2113 neque
1022 2055 1151 2101 αὐτοῦ
1181 2059 1542 2104 substituendum.

73 2113 233 2154 LEnM,

190 2168 293 2213 Εαιῖ.
317 2172 346 2210 l.
373 2176 438 2214 12.
470 2166 700 2225 Ἆνελθεῖν)
734 2171 805 2211 Sic
839 2173 886 2212 P.
920 2173 1102 2223 rectius,
1139 2188 1263 2228 quam
1292 2173 1542 2226 ἐπανελθεῖν,

77 2225 195 2282 quod
218 2227 263 2265 in
287 2227 484 2267 omnibus
505 2228 719 2280 impressis
742 2230 923 2282 reperio.
957 2231 1127 2271 SOLAN.

192 2283 288 2337 Pag.
313 2286 457 2328 2351.
482 2288 522 2326 2.
557 2286 748 2336 Χαλκοῦ)
790 2287 1021 2335 Genitivus
1052 2287 1275 2337 materiae,
1310 2297 1357 2326 ut
1387 2287 1542 2327 Gram-

76 2339 224 2380 matici
246 2343 389 2391 ajunt,
420 2348 468 2378 ut
489 2354 588 2379 mox
607 2347 643 2384 2.
668 2341 763 2380 Ver.
788 2342 902 2384 Hist.
926 2357 961 2383 o.
985 2349 1051 2388 33.
1080 2340 1254 2396 κεράμου
1276 2347 1538 2398 πεποιημένη.

79 2398 151 2438 8ὶο
174 2397 306 2449 Long.
327 2397 440 2435 Past·
464 2397 557 2447 ῙῙῙ,
585 2402 678 2441 109·
697 2395 833 2453 πήραν
853 2397 1031 2451 ἐλάφου,
1061 2417 1194 2453 peram
1215 2418 1234 2438 e
1248 2400 1350 2454 pelle
1367 2404 1536 2441 cervina.

83 2454 249 2494 lecocr.
282 2452 430 2503 Eidyl.
465 2456 530 2497 25·
565 2456 644 2505 (al.
670 2459 767 2506 26.)
790 2470 826 2497 V.
846 2461 938 2500 206.
968 2455 1145 2510 βάκτρον
1173 2459 1406 2510 ἐπηρέφεως
1435 2462 1541 2500 κοτί-

79 2527 188 2552 νοιο.
247 2509 327 2549 Sed
349 2509 453 2549 haec
470 2510 595 2549 nimis
617 2521 729 2552 nota.
771 2511 899 2553 Conf.
925 2523 1060 2552 tamen
1083 2513 1225 2551 fratris
1254 2513 1298 2555 G.
1327 2514 1373 2554 O.
1394 2514 1541 2553 Reilzii

78 2567 198 2621 Belg.
225 2568 370 2607 Graec.
391 2581 432 2618 p.
456 2571 552 2609 322.
613 2568 720 2607 Vere
747 2578 884 2608 autem
908 2578 971 2608 est
1000 2570 1162 2622 ellipsis
1191 2571 1421 2624 praeposit.
1446 2569 1538 2619 ἀπὸ,

81 2636 206 2691 quam
233 2623 376 2663 Noster
403 2622 506 2660 alibi
539 2622 677 2673 addit,
711 2634 758 2662 ut
781 2624 824 2662 in
855 2625 992 2664 Asino
1014 2640 1050 2666 c.
1072 2630 1138 2670 53.
1165 2629 1276 2679 κλίνη
1311 2621 1364 2680 ἦν
1391 2627 1539 2682 μεγάλη

80 2676 161 2720 and
192 2678 366 2733 χελώνης
392 2675 571 2733 Ἰνδικῆς
610 2681 874 2734 πεποιημένη.
934 2681 1013 2722 Vel
1040 2682 1185 2736 potius
1217 2684 1352 2738 ellips.
1379 2691 1455 2727 τοῦ
1484 2686 1538 2727 ἐκ,

82 2734 182 2776 Vid.
206 2736 308 2775 Jcns.
328 2737 450 2776 Lect.
474 2736 584 2777 Luc.
602 2751 643 2791 p.
664 2742 762 2782 344.
803 2737 968 2779 Ram-z.

129 2804 275 2834 Luc-iun.
305 2802 382 2836 Vol.
412 2805 477 2836 ll'.
1206 2795 1265 2835 SS
