1834 3188
220 564 258 598 p.
271 555 351 596 851·

357 155 454 203 120
841 164 1250 198 Luc1AN1

449 543 990 594 HPOAOTOZ
1052 543 1115 590 H
1179 539 1665 603 AETJJzNa).

455 748 603 792 Argum.
653 746 828 778 Herodoti
853 746 1086 791 exemplum,
1111 745 1142 778 si
1166 743 1206 777 in
1225 743 1306 777 aliis
1327 743 1437 776 rebus
1459 742 1542 777 fieri
1568 755 1645 777 non
1663 755 1751 789 pos-

366 804 436 845 sit,
459 802 497 835 in
518 814 559 835 eo
583 808 682 836 certe
703 813 741 835 se
762 803 903 836 imitari
927 803 1016 836 dicit
1035 807 1188 844 auctor,
1217 802 1335 849 quod,
1361 802 1673 847 quemadmodum
1690 802 1754 836 ille

367 860 569 904 Olympiae
587 860 626 893 in
646 861 842 894 universae
868 860 1045 894 Graeciae
1063 861 1241 894 concione
1255 887 1265 903 ‚
1289 860 1340 893 ita
1360 860 1438 904 ipse
1455 872 1556 893 nune
1576 861 1615 894 in
1626 862 1754 894 Mace-

365 917 502 951 doniae
534 919 626 952 urbe
652 918 851 963 primaria,
885 917 1140 963 praesentibus
1165 918 1422 951 eruditissimis
1458 918 1578 951 omnis
1607 918 1754 961 generis

365 975 476 1019 viris,
512 976 653 1020 scripta
681 987 747 1008 sua
774 977 918 1009 recitet.
981 975 1114 1008 Obiter
1138 982 1173 1008 et
1199 976 1262 1009 alii
1293 981 1656 1016 commemorantur,
1692 974 1756 1020 qui

365 1039 453 1076 post
482 1034 717 1067 Herodotum
744 1034 843 1068 idem
876 1033 1077 1067 consilium
1109 1033 1306 1077 Olympiae
1333 1034 1451 1067 secuti
1482 1034 1578 1075 sint3
1607 1033 1755 1066 uberius

368 1096 493 1124 autem
512 1092 556 1124 de
572 1094 738 1131 Aetione,
765 1092 942 1126 Lucianei
963 1090 1041 1123 aevi
1072 1091 1216 1135 pictore
1237 1091 1577 1135 praestantissimo,
1602 1091 1756 1134 exponi-

370 1152 451 1190 tur,
476 1148 540 1193 qui
561 1154 598 1181 et
617 1148 694 1193 ipse
713 1149 1004 1197 pulcherrimam
1023 1149 1192 1183 tabulam
1213 1160 1338 1194 suam,
1363 1149 1562 1182 Alexandri
1582 1156 1617 1182 et
1636 1150 1759 1183 Roxa-

371 1216 437 1238 nes
464 1206 613 1250 nuptias
641 1214 936 1251 proponentem,
971 1208 1097 1251 palam
1126 1207 1326 1251 Olympiae
1354 1206 1574 1248 ostenderit,
1607 1207 1761 1252 ejusque

370 1263 582 1308 praemium
601 1264 828 1298 Proxenidae
857 1265 1106 1298 certaminum
1132 1264 1264 1306 judicis
1285 1263 1402 1296 filiam
1420 1263 1457 1296 in
1477 1264 1762 1301 matrimonium

372 1319 573 1364 acceperit.
624 1321 699 1354 Sub
720 1320 836 1359 finem
863 1328 994 1355 auctor
1013 1321 1193 1355 blandam
1213 1321 1342 1362 adjicit
1360 1322 1678 1365 comparationem
1699 1333 1764 1356 au-

373 1376 540 1411 ditorum
573 1389 727 1411 suorum
760 1389 846 1411 cum
878 1379 1087 1424 Olympicis
1115 1379 1191 1412 illis
1223 1379 1487 1421 conventibus,
1519 1379 1764 1424 modesteque

373 1434 584 1478 significat,
613 1446 656 1470 ex
675 1446 742 1467 suo
762 1446 799 1467 se
819 1436 1070 1481 qualicunque
1087 1436 1261 1477 modulo,
1287 1447 1363 1467 non
1383 1446 1425 1468 ex
1441 1447 1668 1480 magnorum
1683 1437 1766 1471 ath.-

373 1490 535 1525 letarum
555 1491 845 1536 Olympicorum
865 1504 1062 1538 mensura,
1086 1493 1245 1536 judicari
1265 1493 1371 1528 velle.

374 1585 385 1598 ‹

327 1617 349 1658 1
392 1584 655 1661 Ηροδότου
684 1609 768 1650 εἴθε
791 1609 860 1661 μὲν
880 1609 948 1650 καὶ
974 1606 1095 1651 τὸἔλλα
1126 1607 1379 1663 μιμήσασθαι
1408 1606 1584 1650 δυνατὸν
1606 1603 1672 1662 ἦν.
1713 1607 1765 1653 ου’

378 1674 512 1716 πάντα
533 1677 655 1728 φημὶ,
690 1674 764 1718 ὅσα
784 1682 940 1731 προςῆν
968 1673 1099 1734 αὐτῷ,
1135 1681 1293 1730 (μεῖζον
1314 1675 1388 1731 γὰρ
1417 1673 1534 1729 εὐχῆς
1553 1675 1670 1719 τοῦτό
1693 1679 1764 1733 γε)

383 1740 480 1784 ἀλλὰ
501 1741 578 1784 κᾶν
595 1746 642 1786 ὲν
667 1745 711 1785 ἔκ
740 1749 820 1785 τῶν
842 1741 1055 1797 amimam,
1090 1743 1199 1795 οἷον,
1231 1763 1256 1797 η
1290 1743 1432 1792 κάλλος
1448 1749 1526 1785 τῶν
1554 1742 1709 1800 λόγων,
1739 1743 1770 1798 ὴ

239 1827 276 1865 p
289 1825 368 1866 852.
383 1809 583 1868 ἇομονίαν
604 1809 755 1863 αὐτῶν,
785 1810 815 1865 ἢ
832 1811 877 1854 τὸ
903 1815 1054 1856 οἰκεῖον
1071 1819 1121 1870 τῇ
1139 1810 1277 1867 Iovia
1296 1808 1368 1864 b),
1400 1829 1467 1854 και
1482 1829 1708 1867 προςφυες,
1738 1810 1769 1866 ἢ

429 1915 472 1957 a)
502 1914 858 1949 ΗΡΟΔΟΤΟΣ
881 1916 917 1948 Η
940 1917 1197 1958 ΑΕΤΙΩΝ]
1221 1910 1435 1957 Ηροᾶότου
1456 1913 1632 1957 ἐγκώμιον
1656 1913 1766 1950 Gorl.

474 1960 602 2004 inepta
620 1960 829 2004 inscriptio.
889 1959 1064 2003 1))Ἰων
1077 1963 1151 2007 ίᾳ]
1175 1987 1201 2006 „
1204 1959 1325 2010 Ἰονίᾳ
1344 1961 1442 1995 male
1461 1961 1508 1994 H.
1527 1966 1562 1993 et
1579 1961 1623 1996 Β
1645 1970 1678 1994 2.
1704 1961 1768 2005 (et

477 2006 603 2049 B.1,)
631 2008 783 2041 Ceterae
804 2012 907 2042 recte
926 2004 1067 2056 Ἰωνίᾳ.
1072 2008 1096 2028 “

429 2228 1000 2282 HERODOTUS
1071 2234 1280 2282 SIVE
1351 2232 1721 2282 AETION.

387 2446 579 2508 Utinam
623 2471 840 2512 Herodoti
883 2472 1050 2525 reliqua
1110 2471 1301 2527 quiddam
1324 2469 1373 2510 de
1396 2469 1618 2520 omnibus,
1649 2469 1770 2509 verbi

393 2523 519 2562 etiam
559 2528 717 2566 imitari
747 2529 918 2570 liceret!
963 2544 1050 2567 non
1112 2543 1282 2578 caussa,
1324 2537 1587 2565 venustatem
1611 2526 1770 2565 oratio-

393 2581 534 2618 omnia
561 2582 681 2633 dico,
717 2599 824 2637 quae
854 2585 950 2624 viro
982 2584 1052 2623 ad·
1111 2585 1202 2634 nis,
1263 2592 1334 2620 aut
1390 2582 1768 2634 compositionem,

391 2646 534 2686 erant,
568 2643 700 2691 majus
723 2641 835 2678 euim
866 2652 970 2680 voto
1002 2641 1053 2677 il-
1111 2649 1183 2677 aut
1206 2638 1479 2677 domesticam
1504 2640 1618 2676 illam
1647 2638 1773 2676 Ioni-

389 2689 463 2727 lud
497 2692 690 2744 quidemn
719 2696 792 2735 sed
822 2699 889 2736 vel
918 2711 1052 2734 uuum
1113 2708 1183 2734 cae
1201 2695 1374 2748 linguae
1397 2704 1438 2733 et
1462 2694 1650 2735 nativam
1671 2710 1771 2734 sua—
