1834 3188
217 185 314 231 548
574 186 1328 224 ADNOTATIONES

218 299 338 348 cujus
369 290 562 333 meminit
585 288 805 343 Xenophon
835 285 899 329 ed.
932 285 992 324 St.
1019 298 1059 338 p.
1079 288 1184 332 276,
1214 283 1312 341 29.)
1341 283 1542 325 Nostrum
1571 287 1668 328 Ver,

218 355 332 393 Hist.
353 351 412 389 ΙΙ.
434 362 525 401 cap.
551 353 618 390 22.
652 343 816 397 Quintil.
833 344 900 393 II,
923 347 962 386 8.
992 341 1102 380 circa
1128 340 1251 380 finem
1267 371 1277 388 ,
1310 356 1361 380 ex
1389 356 1473 394 quo
1495 354 1536 382 et
1555 353 1671 383 aeta-

218 419 303 448 tem
325 410 413 460 ejus
435 405 581 443 discas.
615 402 758 454 (Cilix
785 409 886 440 erat.
929 398 998 439 Ol.
1024 398 1175 437 CCIV.
1196 398 1314 437 vicit.
1355 398 1446 437 Afr.
1468 396 1605 454 ἆναγρ.
1628 409 1671 439 et

218 466 389 505 Pausan,
411 461 545 500 Eliac.
566 461 630 509 I.)
660 456 790 511 Loyd.
823 456 990 494 SOLAN.
1050 453 1169 492 Mihi
1184 454 1388 494 Lucianus
1410 469 1486 494 nec
1510 456 1560 494 de
1572 457 1669 494 Dio·

220 521 308 561 (lori
341 518 486 565 Siculi,
519 531 595 555 nec
629 515 680 553 de
702 514 943 561 Pausaniae,
976 511 1221 551 Nicostrato
1251 512 1457 564 cogitasse
1484 512 1668 561 videtur,

218 577 289 616 secl
316 576 451 629 egisse
480 571 530 610 de
551 569 716 621 aequali
741 567 921 623 quodam
953 571 1042 621 ejus
1063 566 1248 605 nominis
1272 567 1430 606 athleta
1453 568 1670 608 celeberri-

216 648 310 681 mo,
354 640 402 669 ut
432 639 474 669 et
501 627 748 667 Scholiasta-e
776 625 912 663 visum
943 634 1017 665 est.
1090 623 1343 664 Interiorem
1377 633 1514 663 autem
1544 624 1670 678 hujus

217 690 303 728 loci
326 700 492 726 sensum
516 684 688 736 despero
704 695 819 720 nunc
840 681 955 719 omni
971 696 1022 720 ex
1036 688 1154 733 parte
1169 679 1372 733 explicari
1389 694 1527 732 posse,
1544 694 1672 733 quum

221 743 357 784 omnis
387 745 476 795 ejus
512 744 629 779 color
662 737 871 791 ejusmodi
904 738 984 787 sit,
1020 748 1068 775 ut
1101 736 1305 788 respicere
1333 745 1503 785 auctor,
1535 746 1583 775 ut
1611 737 1672 775 ait

218 798 477 851 Rudolp'hus,
513 796 708 836 videatur
736 795 787 833 ad
808 808 891 832 rem
913 794 957 832 in
981 794 1095 831 facto
1114 792 1319 844 positam,
1350 807 1472 848 quam
1495 793 1674 846 ignora-

218 871 324 895 mus.
388 853 515 908 Quod
536 863 675 891 autem
703 849 752 888 ad
784 849 933 899 verba,
966 845 1041 901 ἀφ’
1073 847 1324 902 ”Ηρακλεόυς
1354 851 1541 903 γενέσθαι,
1571 849 1676 888 atti-

218 923 311 962 net,
344 911 388 948 in
420 909 617 949 versione
650 906 889 947 Wielandii:
930 906 1058 956 „aber
1086 905 1157 943 das
1190 905 1338 945 Wiirde
1357 906 1478 945 nicht
1499 905 1676 945 verbin-

220 968 312 1007 dert
330 967 491 1015 haben,
525 964 619 1003 dass
642 965 870 1013 Hercules,
902 977 1032 1002 wenn
1052 962 1321 1000 Nicostratus
1346 962 1581 1013 (Wiewohl
1605 962 1675 1000 ei-

219 1039 293 1063 ner
315 1023 386 1062 der
415 1021 694 1060 hasslichsten
723 1020 986 1065 Menschen,
1021 1018 1208 1057 die¹man
1231 1017 1359 1057 sehen
1379 1017 1569 1072 konnte)
1596 1018 1674 1055 mit

221 1081 313 1120 dem
334 1078 522 1118 schonen
545 1078 724 1116 Alcaeus
755 1090 839 1114 von
863 1076 1014 1124 Μίὶεῒ,
1049 1074 1122 1113 der
1144 1074 1234 1113 sein
1252 1074 1457 1128 Liebling
1477 1088 1675 1129 gevvesen

221 1151 324 1188 seyn
345 1137 448 1185 soll,
483 1147 699 1187 gerungen
721 1131 853 1180 hatte,
887 1131 1008 1170 nicht
1032 1129 1122 1169 dem
1143 1139 1314 1179 erstern,
1346 1133 1406 1168 als
1431 1131 1521 1169 dem
1544 1130 1679 1169 stark-

220 1203 313 1231 sten
338 1190 426 1229 und
449 1190 681 1242 tapfersten
715 1202 798 1226 von
821 1187 1012 1240 heyden,
1046 1186 1124 1226 den
1148 1186 1264 1224 Preis
1284 1186 1519 1225 zuerkannt
1536 1187 1675 1225 haben

221 1247 424 1296 wiirde,“
455 1270 507 1277 —
537 1246 612 1284 vix
633 1244 893 1283 divinaveris
915 1244 1108 1292 Luciani,
1143 1241 1193 1281 de
1214 1242 1367 1295 quibus
1386 1244 1547 1297 agitur,
1580 1240 1682 1282 ver?

220 1306 283 1347 ba.
342 1304 434 1343 Nec
454 1302 643 1342 Palmcrii
670 1301 1000 1352 explicationem
1032 1309 1072 1338 et
1092 1301 1400 1352 conjecturam,
1434 1299 1512 1339 etsi
1535 1298 1678 1338 admo-

222 1361 321 1399 dum
352 1359 616 1414 ingeniosam
646 1366 687 1396 et
718 1356 1010 1405 artificiosam,
1043 1357 1153 1395 tanti
1178 1354 1319 1403 facio,
1351 1365 1401 1393 ut
1421 1370 1678 1410 magnopere

221 1416 447 1457 curandam
470 1414 721 1454 existimem.
752 1414 885 1452 Recte
902 1412 1065 1452 Belinus
1086 1411 1236 1451 vertit:
1266 1411 1411 1460 „Rieu
1432 1411 1679 1464 n'empeche

222 1488 304 1527 que
323 1476 362 1513 le
389 1472 453 1510 fils
483 1470 744 1518 d’Isidotus,
778 1469 1043 1518 Nicostrate,
1073 1483 1127 1507 ne
1151 1467 1237 1507 soit
1258 1468 1304 1506 de
1329 1467 1370 1507 Za
1389 1485 1476 1508 race
1508 1468 1679 1508 cZ’Her-

221 1529 318 1571 cale,
377 1529 435 1566 Et
454 1528 516 1565 sic
535 1527 659 1565 etiam
677 1525 914 1579 Rudolphus
937 1525 1146 1577 explicuit
1166 1520 1240 1577 ἀφ’
1257 1521 1507 1577 ΓΗροικλεόυς
1525 1525 1570 1564 in
1583 1524 1676 1566 Iud.

223 1600 256 1627 8.
278 1601 316 1627 V.
336 1581 436 1633 vind,
471 1582 656 1622 Herculis
672 1593 915 1632 sectatorem,
947 1581 1328 1636 imitatoremficisse.
1370 1581 1569 1620 Contulit
1591 1582 1678 1620 for-

224 1645 377 1680 mulam
409 1643 449 1681 οἷ
469 1637 547 1680 ἀπὸ
581 1636 801 1687 Πλάτωνος
829 1648 909 1677 etc.
935 1647 976 1678 et
1005 1638 1257 1690 provocavit
1287 1637 1338 1675 ad
1364 1637 1495 1691 Viget·.
1520 1638 1608 1688 IX,
1632 1643 1677 1687 1,

225 1705 290 1742 13.
314 1696 520 1750 probante
542 1695 675 1747 ipsius
698 1694 882 1734 Censore
906 1695 949 1732 in
972 1694 1191 1748 Ephemm.
1214 1694 1404 1735 Jenenss,
1427 1708 1551 1747 supra
1584 1696 1679 1733 lau-

224 1754 337 1795 dato,
396 1754 448 1792 In
476 1752 532 1791 N.
551 1753 598 1792 T.
630 1749 680 1789 de
709 1749 851 1790 eadem
878 1750 1056 1790 notione
1079 1749 1319 1803 promiscue
1348 1759 1608 1802 usurpantur
1637 1751 1680 1792 ἔκ

221 1828 331 1859 τινος
359 1809 482 1858 εἶναι,
513 1806 625 1857 viiiv,
665 1820 697 1845 s.
726 1807 885 1856 τέκνον,
919 1805 1020 1848 εἶναί
1048 1824 1176 1857 τινος,
1205 1814 1255 1844 ut
1281 1807 1324 1848 ἐκ
1359 1805 1546 1860 διαβόλου
1576 1805 1676 1849 εἶναι

224 1867 313 1906 ΙοῘι.
339 1867 421 1906 Εν.
443 1865 571 1914 VIII,
597 1868 664 1907 44.
689 1872 767 1902 etc.
826 1864 884 1902 H.
906 1866 933 1903 1.
954 1863 1174 1903 verterim:
1205 1861 1394 1902 Herculei
1419 1879 1497 1902 esse
1513 1863 1678 1904 roboris.

229 1922 335 1962 Guil.
359 1922 540 1975 Langius
568 1920 613 1958 in
637 1918 892 1960 Animadvv.
920 1919 970 1958 ad
989 1920 1168 1959 Lucian.
1201 1919 1368 1971 saepius
1389 1921 1472 1970 jam
1492 1919 1677 1957 laudatis

224 1979 419 2029 eandem,
454 1978 629 2030 opinor,
662 1976 1028 2030 interpretationis
1053 1978 1238 2030 regulam
1263 1984 1454 2026 secutus,
1485 1975 1679 2029 explicat

211 2035 363 2092 fortem
380 2052 471 2074 esse.
511 2034 669 2072 LmrM.

336 2091 440 2131 ΕαιΖ.
464 2093 491 2128 l.
519 2095 583 2133 13.
612 2084 818 2140 Ἀλκαῖος)
846 2090 916 2128 De
934 2088 1018 2128 hoo
1040 2097 1197 2129 tacent.
1239 2089 1405 2130 SOLAN.

336 2147 433 2200 Pag.
456 2149 548 2189 177.
572 2148 598 2183 l.
621 2151 660 2188 2.
693 2147 772 2187 Καὶ
795 2147 931 2186 τοίνυν
961 2141 989 2198 ’ἧ
1018 2147 1194 2199 ἱστορία,
1228 2148 1264 2187 εἰ
1287 2145 1358 2198 μὲν
1383 2144 1510 2192 ἄλλως
1530 2141 1573 2186 τὸ
1597 2161 1680 2198 τερ-

225 2201 329 2246 πνὸν
358 2200 745 2257 παρεμπορεύσαιτο,
787 2199 960 2249 πολλοὺς
991 2198 1040 2242 ἂν
1062 2200 1164 2249 τοὺς
1195 2200 1360 2255 ἐργάτας
1394 2199 1679 2253 ἐπισπάσαιτο)

225 2261 438 2312 Interpres
463 2259 786 2297 salmuriensis:
815 2257 986 2296 Proinde
1008 2259 1194 2307 historia,
1226 2261 1260 2297 si
1278 2257 1494 2311 jucundum
1512 2259 1681 2297 auctarii

225 2319 308 2356 vice
329 2316 504 2364 haberet,
536 2314 700 2365 multos,
731 2330 756 2353 α
777 2314 915 2369 quibus
932 2314 1178 2364 scriberetur,
1211 2314 1396 2354 alliceret.
1436 2315 1586 2366 Inepta
1607 2327 1679 2351 ra-

229 2374 304 2415 tio.
361 2372 463 2411 Non
486 2374 626 2424 plures
647 2370 933 2410 invitarentur
952 2370 1003 2409 ad
1029 2370 1270 2411 scribendas
1294 2370 1513 2420 historias,
1546 2370 1595 2408 de
1612 2369 1677 2407 hi-

229 2428 480 2468 storicorum
507 2428 620 2466 enim
650 2425 927 2465 multitudine
956 2428 1252 2480 conqueritur,
1284 2425 1356 2467 sed
1386 2426 1436 2464 ad
1463 2425 1672 2479 legendas.

229 2484 450 2524 Historiae
469 2484 580 2523 enim
602 2483 711 2533 illae,
746 2496 852 2536 quae
876 2482 1123 2534 posthabito
1143 2498 1242 2522 vero
1267 2483 1345 2522 soli
1368 2481 1592 2521 studebant
1614 2484 1677 2533 ju-

230 2540 391 2589 cundo,
423 2539 611 2579 ludibrio
635 2549 676 2578 et
704 2538 847 2578 taedio
871 2539 1068 2593 gravibus
1087 2539 1189 2578 viris
1213 2549 1352 2589 erant,
1387 2547 1429 2576 et
1461 2552 1482 2575 a
1509 2538 1675 2576 nemine

228 2596 497 2648 legebantur,
529 2596 615 2634 nisi
650 2595 910 2635 mulierculis
942 2605 984 2635 et
1005 2594 1364 2644 adolescentibus,
1398 2602 1446 2631 ut
1474 2592 1551 2631 hac
1570 2604 1676 2632 tem-

228 2660 389 2704 pestate
408 2651 755 2703 Romanensium,
786 2660 835 2690 ut
857 2660 1027 2704 vocant,
1056 2651 1291 2690 fabularum
1315 2649 1553 2702 scriptoreS.
1595 2650 1677 2690 Ve-

229 2721 322 2746 rum
348 2706 474 2760 hujus
492 2709 578 2746 loci
608 2706 857 2761 scripturam
876 2707 1002 2748 nobis
1027 2708 1212 2748 servavit
1233 2704 1378 2746 Codex
1396 2706 1672 2760 Anglicanus,
