1834 3188
444 202 1248 235 JNHERMOTIMUM.
1485 195 1586 242 445

122 314 210 341 sese
230 299 384 340 habere
400 332 411 350 ‚
444 316 539 340 cum
565 315 650 340 non
676 299 789 338 sieut
809 300 852 338 in
872 314 959 339 uno
986 299 1106 340 dolio
1134 301 1298 341 vinum
1309 301 1393 341 sibi
1412 316 1486 357 per
1509 314 1586 344 to—

124 367 212 395 tum
237 356 398 395 dolium
425 358 564 398 simile
587 367 674 403 est,
706 357 765 394 ita
787 370 932 396 omnes
961 367 1098 397 sectae
1128 357 1241 398 inter
1272 373 1317 398 se
1350 359 1438 398 sint
1467 363 1587 414 ejus-

122 412 216 451 dem
238 414 416 482 generis.
478 413 578 468 Quo
606 423 746 452 autem
776 413 931 451 clarius
961 412 1005 452 id
1024 413 1242 465 ostendat,
1271 416 1386 469 Age,
1408 415 1582 492 inquit,

125 466 148 510 ὁ
167 472 236 522 μὲν
255 487 330 537 γαρ
350 473 506 519 πίθος’
494 472 547 512 ε’τι
567 471 713 523 μενέτω
736 482 822 518 σοι,
863 471 930 511 καὶ
947 467 968 512 ὅ
987 469 1187 524 κάπηλος,
1219 473 1358 514 ἐνέστω
1381 471 1421 514 δὲ
1443 472 1496 526 μὴ
1518 480 1588 515 οι-

123 542 217 575 νος,
249 522 350 567 αλλὰ
367 529 615 581 πανσπερμία
632 543 691 575 τις
706 523 836 577 πυρὸς
856 521 954 581 ὑπὲρ
975 525 1072 569 &vem
1104 529 1173 570 καὶ
1198 527 1293 581 μετὰ
1314 533 1432 571 τοῦτο
1446 559 1457 577 ,
1489 529 1587 572 κύα-

123 599 205 636 μοι.
238 581 320 625 εἶτα
338 586 493 633 κριθαί.
531 585 598 625 καὶ
625 580 705 624 ὑπὸ
736 581 916 632 ταύταις,
959 586 1097 635 φακοί.
1138 583 1222 627 εἶτα
1251 586 1477 654 ἐρέβινθοι,
1516 590 1586 630 καὶ

121 638 221 680 α’λλα
237 643 397 681 ποικίλα
403 637 530 709 πρός.
572 641 608 681 εἰ
638 637 688 692 δη
712 653 762 680 συ
785 633 1032 695 ωνήσασθαι
1055 641 1206 683 ἐθέλων
1220 659 1302 683 των
1319 657 1580 695 σπερματων,

120 697 189 737 καὶ
210 694 256 744 ὃς
280 693 440 747 ἀφελών
463 701 535 739 τοῦ
530 700 720 769 πυροῦ,
752 695 875 762 οὗπερ
894 696 968 748 ἠν,
1000 695 1178 740 ἀνέδωκέ
1201 713 1266 741 σοι
1287 701 1464 753 δεῖγμα’
1446 717 1486 748 ες
1509 701 1584 754 τὴν

119 758 254 807 χεῖρα,
290 751 343 802 ὥς
366 756 486 803 ἴδοις,
518 754 597 806 ἄρα
617 754 691 794 οὐν
707 753 810 805 ε’χοις
825 748 876 793 ὂὶν
894 755 1018 794 εἰπεῖν
1034 756 1090 802 εἰς
1107 756 1232 822 ε’,κεῖνο
1253 752 1491 809 ἀποβλέπων
1504 789 1515 805 ,
1551 760 1587 799 εἰ

120 811 190 850 καὶ
218 812 260 850 οἷ
285 810 490 864 ἐρέβινθοι
516 810 720 861 καθαροὶ,
764 809 829 850 καὶ
861 811 903 850 οἱ
931 811 1061 860 φακοὶ
1084 807 1259 860 ευτακεῖς
1282 814 1585 853 etc.D0Zi1mr.

120 865 276 919 quidem
294 877 330 904 et
350 881 475 919 caupo
496 876 750 914 retmeaniur,
784 875 899 919 atque
916 867 1009 905 znsit
1029 882 1107 905 non
1129 870 1281 916 vinum,
1313 868 1381 907 secl
1398 873 1586 909 seminum

123 924 248 960 omnis
267 924 417 974 generis
438 924 608 973 mixtio,·
633 924 804 960 triticum
827 921 1007 975 desuper,
1045 898 1347 977 postea-jodae,
1380 924 1467 963 dein
1488 926 1587 964 hor-—

122 977 257 1027 (lenm,
288 989 322 1016 et
340 978 410 1016 sub
431 978 491 1016 his
521 977 661 1026 lenies,
701 993 801 1016 mox
831 980 951 1027 cicer,
995 990 1149 1032 praeter
1177 983 1291 1019 varia
1315 980 1398 1019 alia
1425 985 1585 1020 semina.

123 1032 215 1071 Jam
238 1036 273 1072 si
296 1045 337 1072 iu
370 1036 516 1073 semina
544 1051 663 1072 emere
692 1033 808 1083 velis,
851 1045 885 1071 et
911 1037 1067 1074 inszztor
1079 1065 1090 1083 ‚
1134 1048 1294 1090 accepto
1322 1039 1477 1086 tritico,
1517 1039 1591 1077 tibi

123 1091 314 1142 specimen
333 1090 654 1143 inspiciendum
639 1107 680 1129 ιη
699 1106 838 1128 manus
859 1090 1066 1132 indiderit:
1093 1108 1273 1146 possesne
1299 1104 1363 1143 iu,
1394 1094 1531 1133 illncl
1519 1113 1590 1134 ιη-

119 1148 259 1194 τιιίίιιε,
294 1145 419 1185 dicem
446 1163 498 1185 an
522 1150 622 1186 cicer
644 1145 856 1195 mundum,
900 1163 952 1185 αη
981 1147 1098 1187 lentes
1117 1160 1318 1189 macerata
1311 1150 1486 1219 faciles
1508 1161 1587 1193 etc

119 1201 337 1241 Mamilius
355 1202 426 1240 hic
446 1204 552 1257 legit
568 1236 578 1254 ,
609 1204 674 1244 καὶ
700 1200 796 1243 ἅλλα
816 1206 989 1244 ποικίλα.
1020 1203 1123 1257 πρὸς
1146 1207 1182 1246 εἰ
1203 1203 1252 1257 δη
1274 1204 1322 1247 σύ
1348 1203 1587 1258 &misacam

117 1258 280 1299 ἐθέλων.
338 1260 449 1297 Puto
473 1274 568 1298 eum
597 1259 782 1298 voluisse
800 1258 954 1309 πρόςει.
1020 1262 1082 1299 Ίιι
1105 1277 1193 1301 vero
1220 1261 1362 1312 adeas,
1393 1263 1582 1312 accedas,

119 1330 238 1352 emere
256 1314 400 1354 volens.
459 1314 540 1355 Sed
564 1318 681 1354 nulla
702 1314 998 1355 emendatione
1022 1331 1143 1370 opus.
1204 1318 1315 1356 Satis
1334 1333 1435 1357 sana
1456 1330 1518 1358 est
1542 1331 1585 1358 et

118 1379 354 1420 structura,
387 1381 430 1410 et
451 1372 691 1419 sententia3
726 1372 971 1424 praesertim
1003 1373 1040 1411 si
1071 1374 1297 1427 sequentia
1324 1374 1582 1416 consideres

119 1425 250 1478 Quod
270 1436 409 1466 autem
429 1428 586 1467 Noster
606 1428 689 1476 ait,
723 1429 792 1469 καὶ
811 1427 908 1469 α’λλα
926 1431 1084 1470 ποικίλα
1102 1429 1223 1483 πρὸς,
1258 1430 1302 1468 id
1325 1440 1437 1470 recte
1455 1432 1583 1470 inter-

116 1495 233 1534 pres,
261 1494 457 1536 yar-aetctea
475 1486 588 1522 varia
606 1483 706 1532 alia,
740 1485 900 1523 semina
917 1486 1096 1525 scilicet.
1154 1486 1221 1524 Ita
1238 1487 1349 1525 enim
1368 1486 1470 1540 πρὸς
1487 1489 1585 1525 sim·

115 1537 288 1589 pliciter
308 1552 383 1592 pro
401 1542 556 1593 insupe1
579 1540 623 1577 in
653 1550 844 1578 extremo
875 1541 1044 1593 periodi
1075 1541 1160 1581 fine
1189 1542 1379 1595 ponitur,
1439 1544 1583 1582 Demo-

114 1594 262 1634 sthenes
279 1595 312 1636 I.
337 1606 483 1634 contra
509 1595 775 1649 Philippum,
805 1594 1020 1638 Τάλαυτα’
1003 1595 1271 1652 εννενήκοντα
1293 1601 1363 1642 καὶ
1381 1599 1528 1654 μικρόν
1548 1618 1585 1642 τι

114 1650 233 1706 πρός.
290 1652 538 1707 Ασεοῖι)ἷιιε”
529 1667 570 1690 1n
593 1653 846 1692 Pbometheo
872 1668 909 1694 v.
929 1659 998 1698 73

329 1707 486 1761 Ἠμην
507 1707 706 1758 κελεύσω,
737 1705 989 1764 καπιθωυξω
1009 1728 1053 1765 γε
1076 1709 1192 1765 πρός

116 1763 393 1817 Persequitur
413 1764 495 1803 hoc
515 1774 806 1818 argumentum
829 1766 1072 1817 Lucianus,
1106 1768 1272 1832 atitque,
1304 1766 1585 1821 philosophi-

119 1835 183 1858 am
204 1833 378 1883 quoque
404 1834 490 1860 non
514 1834 639 1873 posse
667 1820 718 1858 ab
751 1836 866 1884 uno?
909 1822 1024 1875 quod
1060 1825 1156 1877 quis
1187 1825 1370 1875 primum
1401 1823 1582 1873 dixerit,

118 1877 321 1930 cognosci
336 1909 349 1926 ,
393 1875 745 1931 quemadmodum
784 1877 981 1917 universa
1019 1879 1090 1919 sit.
1150 1880 1302 1934 Neque
1342 1880 1454 1918 enim
1495 1896 1584 1919 eam

118 1947 250 1970 unum
276 1932 377 1986 quid
402 1948 512 1983 esse,
544 1933 673 1971 sicuti
695 1933 840 1971 vinum
866 1948 1049 1987 quocum
1073 1949 1160 1974 eam
1189 1945 1451 1989 compararat
1470 1936 1587 1976 Her-

119 1988 345 2039 metimus,
379 1989 553 2029 eandem
570 1989 795 2058 specimini
817 1990 995 2030 similem
1019 2005 1108 2030 esse
1129 2002 1258 2032 ratus.
1326 1992 1380 2033 Τὸ
1401 1992 1463 2040 δὲ,
1495 2008 1587 2046 per·

118 2045 180 2098 git
195 2076 205 2093 ‚
240 2044 414 2097 ἑτεροῖόν
430 2063 468 2087 τι
491 2044 640 2099 ὤφθη,
674 2042 723 2087 ου’
743 2048 844 2099 παρὲ
846 2063 946 2100 ργου
963 2064 1034 2099 της
1055 2046 1268 2097 ἐξετάσεως
1290 2047 1498 2101 δεομενον
1531 2056 1587 2091 οἰ-

116 2118 191 2141 νον
213 2101 282 2152 μὲν
301 2100 375 2156 γὰρ
398 2107 558 2154 φαῦλον
587 2105 807 2155 πρίασθαι,
839 2105 881 2144 έν
902 2106 1018 2145 δυοῖν
1044 2101 1204 2158 ὀβολοῖν
1225 2102 1246 2147 ὁ
1267 2109 1471 2154 κίνῦυνος.
1507 2105 1588 2146 αὐ-

117 2155 186 2198 τὸν
208 2158 249 2198 δέ
267 2174 352 2198 τινα
373 2160 415 2200 ἐν
435 2163 490 2213 τῷ
508 2163 698 2226 συρφετῷ
723 2164 1074 2226 παραπολεῖσθαι,
1108 2159 1162 2210 ὥς
1187 2163 1254 2203 καὶ
1279 2160 1399 2211 αὐτὸς
1423 2163 1464 2204 ἐν
1486 2160 1589 2218 ἆρχιῖ

116 2215 301 2266 ἔφησθα,
350 2231 397 2256 ου
431 2213 576 2267 μικρὸν
606 2220 707 2256 εἶναι
747 2213 885 2258 κακόν.
952 2217 1223 2256 subobscura
1266 2217 1395 2257 haec:
1446 2231 1586 2272 neque

117 2270 228 2309 enim
254 2271 392 2309 oratio
416 2271 487 2309 illa
507 2270 679 2309 infinita
710 2267 863 2326 (αυτὸν
885 2273 926 2314 δέ
946 2290 1035 2314 τινα
1056 2274 1096 2315 ἐν
1115 2278 1172 2344 τῷ
1193 2288 1377 2341 συρφετω
1401 2292 1586 2328 παραπο-

114 2324 301 2381 λεῖσθαι)
333 2327 490 2380 pendet
508 2326 557 2365 ab
579 2328 856 2379 sequentibus
871 2361 882 2378 ‚
915 2346 968 2377 ως
989 2330 1055 2370 καὶ
1080 2327 1200 2378 αὐτὸς
1220 2332 1261 2371 ἐν
1282 2326 1386 2386 αρχῆ
1407 2333 1582 2383 ἔφησθα,

118 2396 211 2420 cum
233 2382 336 2423 haec
359 2382 480 2421 verba
500 2397 686 2422 seorsum
705 2383 792 2422 sint
810 2385 1138 2435 consideranda,
1172 2396 1214 2425 et
1234 2397 1470 2438 separatum
1492 2403 1584 2428 sen-

116 2451 208 2476 sum
231 2438 435 2478 habeant:
468 2439 647 2477 nimium
668 2448 806 2476 tamen
826 2440 898 2478 illa
920 2442 1133 2493 separavit
1154 2441 1388 2495 interpres;
1421 2444 1584 2498 quippe

119 2494 193 2546 qui
213 2509 260 2533 ea
277 2498 402 2547 plane
422 2495 578 2533 omisit.
637 2496 694 2532 At
713 2495 748 2531 si
770 2494 875 2534 bene
897 2497 1163 2547 attendatur,
1196 2508 1384 2550 apparet,
1417 2513 1583 2540 omnem

120 2551 353 2590 orationem
386 2550 568 2603 pendere
602 2551 652 2588 ab
683 2550 818 2602 ὤφθη.
879 2552 949 2590 Sic
986 2552 1130 2604 itaque
1163 2553 1445 2605 interp1·:etor
1487 2557 1583 2597 Hoc

118 2620 204 2643 vero
223 2607 325 2646 alius
344 2624 421 2646 esse
438 2619 597 2645 tzalurae
617 2623 743 2659 appar
747 2609 800 2644 ui!
813 2637 823 2653 ‚
857 2624 975 2661 neque
993 2608 1303 2663 pmsuncioriam
1332 2610 1582 2665 disquisitio—-

120 2676 203 2698 nem
221 2665 395 2715 (YigCICJ
427 2680 518 2702 710771,
538 2665 667 2701 ῖίΙΠιῚΙῙ
692 2662 845 2717 qllldenl
871 2680 1004 2703 emlssc
1023 2676 1225 2714 ἱίῘῑΟὸἹίῚη,
1260 2666 1359 2705 (Iuor
1353 2684 1423 2706 'um
1446 2669 1540 2708 ObOZ
1541 2685 1580 2708 Ο·

122 2732 205 2756 rum
227 2734 302 2758 esse
316 2722 540 2772 jacturam,
572 2718 806 2775 (κονὸύλην
837 2729 1000 2760 tantum
1027 2720 1254 2776 intelligit,
1301 2732 1349 2762 ut
1378 2734 1496 2777 patet
1526 2740 1578 2765 ex
