1834 3188
374 183 427 215 nv
464 182 705 222 Quomono
741 181 976 213 rns'romA
1014 181 1090 214 sn·
1126 182 1327 215 consen.
1477 167 1582 216 615-

114 278 423 332 κολακευτικὸν,
457 278 574 323 οὐδὲν
603 281 897 333 δουλοπρεπὲς,
927 275 1016 322 ἄλλ’
1043 276 1217 333 damiana
1239 281 1302 323 ἐπὶ
1317 285 1428 322 πᾶσι.
1483 279 1578 333 Ap-

112 340 253 394 posite
279 338 404 378 etiam
436 337 574 393 Polyb.
595 339 647 377 L.
671 343 710 381 2.
735 353 777 391 p.
801 342 893 380 197.
918 347 959 377 et
981 338 1036 377 L.
1061 343 1100 381 3.
1124 352 1165 390 p.
1187 341 1282 382 257.
1312 336 1436 375 Adde
1462 351 1577 391 quo-

114 412 196 450 que
228 395 384 449 Joseph.
404 395 459 433 L.
476 396 514 436 ·1.
539 403 686 435 contra
705 394 866 449 Apion.
887 409 930 448 p.
957 397 1077 439 1035·
1111 393 1305 448 Quorum
1336 393 1463 432 verba
1492 393 1575 432 Bos

110 452 310 500 adducit,
345 466 452 505 quae
468 451 567 506 quia
589 450 743 500 nimia,
773 465 860 491 non
886 461 1047 503 repeto.
1106 451 1188 490 Sed
1219 451 1329 491 addo
1361 465 1414 490 ex
1446 464 1575 504 marg.

109 509 215 550 Αἶά.
236 508 421 547 Historia
439 511 489 547 sit
508 512 660 562 κτῆμα,
691 523 770 547 ηοη
797 503 1016 566 α’γώνισμα.
1078 507 1198 548 Citat
1219 507 1329 549 idem
1345 507 1499 547 Plinius
1517 507 1572 545 L.

106 567 158 607 V.
179 567 261 620 Ep.
286 564 338 606 ad
365 565 634 619 Capitonem.
665 565 828 608 Rari-z„

223 644 328 684 Ibicl.
356 640 424 693 Ἐς
440 641 483 688 τὸ
499 641 631 699 παρὸν
644 639 748 700 ἀγ.)
778 643 950 685 Nobilis
970 647 1090 689 locus
1112 658 1168 684 ex
1189 644 1235 694 Ι,
1257 649 1324 688 23.
1354 657 1477 697 quem
1497 656 1575 681 su-

111 717 184 756 pra
207 705 286 756 jam
310 716 362 740 ex
383 711 502 752 parte
526 700 686 756 tetigit,
718 701 794 742 ubi
813 712 934 742 vetus
953 702 1080 744 etiam
1099 701 1358 744 scholiastes
1377 699 1577 739 Herodoti

106 760 276 801 Medica
295 767 417 795 notat
438 757 576 795 innui.
637 758 701 797 Ea
723 757 920 798 nimirum
944 754 1153 813 ἀγώνισμα
1171 759 1210 808 ἐς
1228 757 1272 799 τό
1293 757 1448 815 παρὸν,
1480 759 1573 805 vel,

112 826 158 856 ut
186 825 249 857 est
275 812 388 867 apud
422 813 709 869 Thucydidem,
754 815 794 863 ἐς
821 813 864 856 τὸ
885 814 1150 870 παρὰχρῆμα,
1189 815 1371 867 sciptum
1401 812 1454 851 ad
1489 811 1573 851 hoc

108 871 393 926 compositum
411 898 421 915 ,
454 880 503 909 ut
524 873 568 908 in
599 870 896 925 Olympiorum
919 872 1167 915 celebritate
1189 872 1412 910 recitatum
1443 871 1576 921 plau-⁴

108 944 179 969 sus
202 938 245 967 et
268 927 491 966 victoriam
522 927 686 965 auctori
707 942 784 966 suo
805 938 996 980 paura,
1029 928 1144 987 quod
1166 942 1299 982 genus
1321 927 1543 967 commissio
1568 947 1574 954 ι

108 1003 172 1025 nes
195 983 340 1023 vocari
367 992 534 1021 constat
556 997 578 1022 e
599 982 759 1024 Sueton.
782 983 919 1039 Calig.
945 999 980 1023 c.
999 989 1066 1030 53.
1089 984 1162 1023 ubi
1187 985 1270 1023 hoc
1290 983 1431 1038 ipsum
1455 982 1574 1021 Thu--

106 1041 262 1097 cydidis
296 1035 502 1094 ἀγώνισμα
530 1039 610 1078 hac
641 1054 749 1080 voce
781 1040 1044 1083 reddendum
1079 1040 1338 1084 Casaubonus.
1368 1036 1572 1078 ostendit.

108 1096 360 1153 Thucydides
382 1109 457 1134 sua
478 1095 563 1137 sibi
582 1096 738 1150 scripta
757 1112 846 1137 esse
868 1101 960 1136 vult
978 1103 1106 1151 κτῆμα
1125 1099 1163 1146 ἐς
1183 1095 1258 1147 ἀεὶ,
1276 1097 1571 1151 possessionem,

103 1155 145 1196 h.
170 1169 205 1195 e.
227 1162 565 1201 monumentum,
599 1152 713 1206 quod
733 1164 940 1206 perpetuo
966 1154 1102 1208 ipsius
1120 1152 1339 1208 proprium
1359 1153 1428 1191 sit.
1457 1152 1572 1189 Lau·

106 1213 180 1250 dat
208 1210 334 1249 etiam
369 1207 484 1248 hunc
512 1211 651 1248 locum
679 1209 836 1248 Plinius
864 1210 926 1260 V,
958 1216 1004 1260 8,
1036 1217 1100 1255 11,
1132 1211 1271 1250 Οεεκ.
1331 1232 1388 1244 -ψ-
1415 1208 1571 1247 Utrum

107 1266 379 1307 Herodotum
406 1268 573 1307 occulte
596 1266 945 1319 perstrinxerim,
978 1267 1142 1322 (Thuc.
1163 1277 1204 1307 et
1224 1267 1360 1317 Luc.)
1392 1278 1479 1305 non
1500 1278 1574 1304 sa·-

107 1325 162 1364 tis
196 1323 358 1374 liquet3
399 1335 493 1364 eum
531 1331 644 1363 certe
675 1321 896 1375 deceptum
928 1324 1096 1377 potius,
1143 1338 1266 1376 quam
1296 1321 1572 1360 mentientem

104 1382 208 1420 falsa
232 1378 389 1416 dixisse
410 1388 569 1430 putem.
600 1379 719 1422 RUD.
778 1380 849 1418 De
869 1380 1100 1423 veracitate
1116 1378 1329 1419 Herodoti
1348 1376 1479 1420 hodie
1502 1390 1574 1415 ne-

105 1452 173 1476 mo
207 1434 334 1473 facile
368 1433 547 1481 dubitat.
607 1434 690 1478 Sed
722 1444 833 1477 tecte
866 1445 1031 1488 tamen,
1080 1451 1221 1490 neque
1257 1433 1573 1481 inhumaniter,

105 1489 384 1543 Thucydides
401 1523 411 1539 ‚
447 1500 488 1530 et
517 1493 600 1544 jam
625 1491 848 1531 Lucianus
871 1507 1069 1547 quoque,
1102 1492 1349 1547 significant
1378 1488 1575 1529 Herodo-

104 1560 194 1590 tum
221 1562 307 1586 non
333 1546 508 1588 omnino
533 1547 583 1588 ab
606 1547 839 1587 ambitione
864 1549 1045 1602 quadam
1071 1559 1112 1589 et
1131 1547 1272 1591 laudis
1296 1546 1442 1589 studio
1465 1546 1575 1585 alie—-

106 1621 208 1646 num
229 1605 386 1653 fuisse,
417 1603 636 1657 magisque
666 1604 778 1642 forte
803 1606 1044 1656 aequalium
1065 1608 1313 1658 applausum
1334 1612 1375 1642 et
1398 1601 1576 1640 admira-

107 1663 298 1710 tionem,
333 1674 456 1713 quam
487 1670 753 1714 posterorum
782 1661 969 1713 judicia,
1010 1662 1054 1700 in
1075 1660 1300 1700 scribendo
1325 1659 1574 1712 respexisse.

107 1720 232 1758 Hanc
255 1716 469 1758 IVielanclii,
489 1717 740 1757 sententiam
755 1749 766 1767 ,
797 1717 832 1757 si
859 1718 954 1770 quis
984 1717 1230 1773 Thucydidis
1251 1719 1391 1756 locum
1414 1723 1576 1755 attente

109 1779 266 1815 lectum
290 1788 383 1811 cum
408 1772 524 1811 hisce
546 1773 723 1812 Luciani-
751 1773 890 1818 verbis
918 1775 1255 1828 comparaverit,
1297 1787 1384 1815 uon
1415 1769 1575 1824 poterit

113 1846 201 1871 non
223 1844 363 1872 veram
387 1842 630 1884 agnoscere.
661 1829 819 1873 mer.

222 1909 325 1954 Ead.
347 1912 376 1949 1.
395 1913 460 1958 12.
508 1905 559 1950 T&
581 1911 798 1962 μυθῶδες)
829 1906 940 1948 Vide
969 1907 1148 1953 eundem
1175 1906 1352 1962 Thucyd.
1375 1915 1417 1945 et
1441 1907 1573 1947 Tacit,

110 1969 192 2014 An,
214 1967 299 2016 IV,
319 1972 387 2010 33.
449 1965 672 2009 Caeterum
692 1975 740 2008 ut
755 1965 1009 2022 profutura,
1042 1965 1103 2009 ita
1123 1965 1301 2003 nimium
1325 1961 1576 2002 oblectatio·

108 2025 176 2069 nis
200 2023 399 2069 afferunt.
431 2023 599 2067 SOLAN.
806 2031 829 2043 ⁴

224 2091 325 2145 Pag·
346 2094 488 2138 215.1.
509 2097 546 2135 1.
582 2085 805 2145 Ἱστορίας2
847 2085 934 2142 ὥς)
974 2088 1153 2145 leucyd,
1180 2088 1225 2139 Ι,
1251 2092 1292 2131 2.
1328 2096 1371 2127 et
1398 2085 1573 2135 11,·43.

110 2150 283 2191 Soram.

227 2203 334 2243 Ibld.
360 2199 441 2251 Ὣς
465 2204 502 2243 εἷ’
517 2205 636 2253 ποτε)
670 2203 789 2241 Haec
821 2202 947 2241 verba
979 2201 1093 2256 apud
1128 2200 1306 2256 Thucyd.
1337 2214 1424 2239 non
1452 2211 1576 2250 repe-

112 2262 203 2310 rio,
242 2260 314 2299 sed
345 2259 413 2298 his
442 2259 613 2300 similia.
651 2258 771 2297 *Vid.
800 2260 843 2307 I,
869 2265 938 2303 22.
958 2259 990 2298 f.
1013 2259 1084 2306 II,
1107 2263 1174 2302 48.
1212 2268 1252 2297 et
1274 2257 1384 2298 VII.
1406 2258 1474 2299 56.
1506 2254 1575 2293 Sic

111 2320 202 2358 ].ι”υ.
227 2317 271 2355 in
294 2317 434 2369 operis
457 2317 589 2369 praef,
648 2315 745 2356 Inde
771 2316 844 2360 tibi
864 2327 1026 2371 tuaeque
1044 2315 1161 2370 Reip.
1185 2313 1292 2370 quocl
1311 2315 1480 2360 imitere,
1510 2327 1575 2351 ca·

123 2378 211 2414 iias.
243 2372 415 2412 SOLAN.
1224 2373 1244 2393 ’ν’
1366 2390 1367 2393 =

109 2393 125 2430 1
224 2429 328 2472 Εαᾶ.
353 2431 378 2470 l.
403 2434 442 2471 2.
476 2427 589 2481 Πρὸς
607 2426 655 2469 τὰ
683 2446 723 2469 π.
758 2426 1077 2482 ἀποβλέποντες)
1113 2427 1182 2468 Ne
1210 2426 1306 2480 quis
1337 2423 1575 2477 imperitior

113 2486 256 2526 credat
275 2486 547 2539 ἐπιβλέποντες
567 2485 788 2538 legendnm
806 2517 816 2528 ,
849 2500 990 2523 rursus
1009 2484 1190 2524 monebo
1213 2486 1425 2536 eleganter
1441 2494 1574 2534 oppo-

115 2545 237 2582 sitam
265 2542 492 2595 praeposit.
516 2545 650 2580 solere
680 2542 775 2579 addi
803 2541 1012 2592 ejusmodi
1045 2540 1211 2588 verbis,
1252 2549 1300 2578 ut
1335 2536 1457 2578 Diod.
1491 2537 1573 2576 Sic.

120 2601 170 2638 l..
190 2599 308 2641 XIX.
332 2613 371 2652 p.
392 2603 488 2640 297.
508 2597 572 2637 ed.
599 2598 690 2638 Bas.
725 2595 950 2650 ἀπέβλεπον
968 2596 1069 2650 πρὸς
1088 2595 1158 2645 τὰς
1189 2594 1383 2648 εὐμενοῦς
1405 2595 1573 2641 ἐλπίδας.

118 2656 244 2709 Long.
264 2658 376 2695 Pant.
397 2655 480 2693 111.
505 2669 545 2705 p.
573 2660 662 2697 118.
686 2654 751 2692 ed.
776 2654 974 2705 Jungcrm.
1005 2656 1060 2701 εἷς
1085 2651 1156 2704 τὴν
1176 2651 1386 2694 θάλασσαν
1415 2647 1574 2703 ἆπὲβλε·

122 2729 183 2753 πε·
240 2714 401 2761 Noster,
445 2712 554 2750 Gall.
578 2727 610 2751 c.
636 2716 700 2754 18.
732 2713 785 2760 εἰς
811 2708 985 2751 Ἰταλίαν
1015 2707 1240 2759 ἐκπλεύσας.
1298 2707 1413 2747 ldem
1448 2719 1573 2760 supra
