1834 3188
337 236 661 269 HERMO‘HMUS
698 235 801 268 SIVE
838 233 904 266 DE
940 233 1114 265 sec'ms.
1363 225 1428 271 83

37 354 108 390 το,
139 337 208 380 καὶ
239 332 359 380 οὐδὲν
393 334 444 379 ἂν
473 337 593 392 ἔγωγέ
616 353 652 377 τι
678 331 868 376 α’ντεῖπον
887 335 937 383 e).
983 330 1059 388 δ’ρα
1086 330 1135 387 δὴ
1170 333 1238 376 καὶ
1263 331 1308 375 τὸ
1331 332 1429 387 μετὰ
1442 355 1478 390 p.
1493 356 1574 393 799,

38 411 183 458 τοῦτο,
217 408 456 459 φιλοσοφία,
490 407 557 447 καὶ
593 407 636 447 οῖ
655 406 993 457 φιλοσοφοῦντες,
1028 400 1118 445 οἷον
1148 398 1169 444 ὁ
1191 400 1432 453 διδάσκαλος

38 471 63 517 ὁ
83 473 175 524 σὸς,
205 476 284 530 ἆρα
303 470 428 516 ταύτὰ
449 469 490 526 f)
521 471 623 527 πρὸς
644 469 749 525 ὑμᾶς
774 473 874 526 λέγει
897 467 1112 525 ὁσημέραι,
1145 472 1214 512 καὶ
1237 473 1327 525 περὶ
1352 490 1431 514 των
1445 498 1480 531 p,
1492 493 1573 528 300

39 539 200 594 αύτῶν,
240 540 269 597 ἢ
306 541 403 584 ἄλλα
447 542 608 593 α’λλοτε,·
652 539 776 584 πολλα
797 544 839 592 g)
870 557 948 596 γαρ
987 541 1088 621 ἐστξ,
1130 539 1361 594 πρόδηλον,
1404 536 1435 582 ὠ

39 612 192 666 ἑταῖρε·
224 607 253 664 ἦ
274 607 350 653 ούκ
373 610 423 653 ἂν
444 614 594 654 εἴκοσιν
613 610 677 663 ἔτη
700 605 747 659 ¹¹)
779 612 996 664 παρέμενες
1015 606 1126 666 αύτῷ
1141 607 1242 651 κατὰ
1262 608 1332 652 τὸν
1360 606 1435 652 'O-

40 681 191 722 ὂυσσέα
219 685 485 734 περινοστῶν,
517 681 584 721 καὶ
612 676 985 732 περιπλανώμενος,
1017 681 1053 721 εἰ
1079 676 1126 720 τὰ
1152 675 1256 720 αὕτὰ
1289 680 1436 735 ἔλεγεν,

41 744 134 791 ἄλλ’
168 745 316 802 οἷπέχρη
337 747 387 790 α’ν
410 763 472 791 σοι
489 749 558 790 καὶ
578 745 681 797 α’παξ
703 743 937 789 ἀκούσαντι.

157 822 299 859 ΕΡΜ.
336 821 435 866 Πῶς
460 835 535 872 γαρ
560 813 631 867 0v'3

153 890 290 927 AYK.
326 890 425 934 Πως
453 887 528 927 οὐν
558 883 651 927 οἶόν
681 884 722 926 τέ
752 898 817 926 σοι
848 878 924 938 ἦν,
958 880 1038 926 από
1059 886 1135 925 τοῦ
1159 900 1325 938 πρωτου
1347 880 1441 938 γεύ-

1461 833 1518 874 60

40 970 164 1008 ματος
184 955 333 996 εἰδέναι
350 952 397 996 τοὶ
419 972 573 1006 παντα,·
607 950 658 996 ου’
678 971 754 1009 γαρ
777 971 824 994 τα
847 970 946 994 αντα
967 969 1030 1008 γε,
1064 947 1151 993 αλλ’
1177 969 1238 993 αει
1255 947 1295 1003 ¹)
1327 951 1440 1004 ε’τερα

39 1039 161 1064 καινα
179 1023 243 1064 ἐπὶ
271 1029 430 1072 καινοῖς
455 1023 628 1078 ἐλέγετο,
663 1020 734 1076 οὔχ
757 1019 885 1075 ω’ςπερ
917 1017 937 1063 ὅ
962 1019 1075 1069 οἶνος
1097 1017 1158 1063 αεὶ
1188 1016 1209 1061 ὅ
1230 1015 1352 1067 αὐτὸς
1372 1013 1438 1071 ἧν.

42 1087 163 1141 ω’ςτε,
196 1091 226 1132 ὦ
255 1091 382 1144 ἑταῖρε
403 1086 525 1143 k)‚
506 1090 558 1145 ἢν
581 1090 634 1145 μή
670 1089 765 1133 ὅλον
790 1091 930 1145 ἕκπιῃς
955 1087 1026 1130 τὸν
1045 1090 1196 1139 πίθον,
1229 1088 1297 1129 καὶ
1314 1084 1442 1136 α’λλως

40 1157 209 1213 μεθύων
235 1157 414 1216 περιῄεις
433 1156 496 1211 1)“
529 1156 700 1213 οἷτεχνῶς
730 1157 805 1214 γαρ
842 1160 883 1200 ἐν
915 1162 972 1215 τῷ
992 1158 1172 1211 πυθμένι
1203 1159 1317 1198 δοκεῖ
1331 1173 1399 1209 μοι
1419 1151 1442 1198 ὅ

42 1225 142 1276 θεὸς
159 1226 419 1282 κατακρύψαι
437 1226 481 1270 τὸ
507 1231 757 1281 φιλοσοφίας
779 1225 939 1283 ἀγαθὸν
962 1223 1040 1269 find
1060 1224 1132 1280 τὴν
1148 1222 1276 1279 τρύγα
1296 1220 1438 1277 αὐτήν-

429 1330 469 1372 e)
498 1325 761 1371 ἀντεῖπον]
791 1325 1007 1371 „cim-sium]
1035 1323 1212 1362 οἷντεῖπον
1234 1327 1294 1359 W.
1322 1332 1358 1358 et
1385 1325 1439 1359 Pl.

139 1376 341 1420 Vulgatam
365 1381 516 1409 tuentur
545 1377 723 1422 reliquae.
729 1380 752 1395 ‘
800 1374 992 1410 Αντεῑπον
1021 1381 1056 1407 et
1077 1385 1178 1418 2954.
1209 1372 1378 1413 exhibet,
1405 1377 1443 1404 et

137 1420 250 1463 lunc,
287 1422 470 1465 probante
500 1423 648 1464 Bel1'‚no
683 1423 824 1466 recepit
853 1422 1027 1455 Scfflzmzed
1099 1421 1138 1462 f)
1163 1415 1371 1461 vadum,
1378 1419 1442 1458 ‚Ut

136 1469 275 1500 Jensms
303 1473 537 1509 correxerat,
566 1469 618 1501 sic
647 1475 701 1501 est
722 1469 758 1501 in
784 1470 822 1501 L.
879 1467 1009 1501 Ταῦτα
1029 1466 1218 1499 habehant
1239 1465 1332 1497 Edd.
1358 1476 1445 1496 om-

135 1524 202 1546 nes
223 1519 259 1546 et
281 1515 335 1547 M.
361 1514 458 1546 male
477 1515 501 1532 “
561 1518 608 1559 g)
635 1511 814 1557 πολλεὲ]
843 1511 899 1549 ὅτι
919 1512 1036 1547 πολλὰ
1061 1513 1158 1553 conj
1181 1512 1320 1543 Jacobs.
1372 1509 1443 1543 Sed

137 1560 380 1615 Sc'lzmwderus
407 1560 558 1594 mallet:
601 1563 725 1595 EPM.
758 1559 980 1605 Πρόδηλον,
1010 1555 1040 1593 ω’
1067 1557 1199 1602 εταῖρε.
1249 1558 1366 1590 ΛΤΚ.
1394 1557 1449 1590 ’H

138 1603 209 1639 ov'n
240 1600 286 1639 ἂν
312 1612 382 1641 etc.
421 1611 467 1639 At
494 1607 571 1641 vid.
599 1608 733 1642 Adnot.
805 1608 853 1650 h)
882 1608 1069 1642 εἴκοσιν
1095 1605 1197 1649 ἔτη]
1223 1603 1350 1645 ,,εἰκο“ς
1368 1601 1443 1646 ε’τι]

140 1652 237 1685 Edd.
258 1654 368 1685 etM.
397 1652 582 1687 Εἴκοσιν
572 1666 632 1698 ετη
653 1655 786 1688 melius
808 1654 969 1687 Solanue.
977 1654 1000 1671 ‘⁶
1033 1654 1115 1684 Vors
1105 1661 1148 1698 ss.
1171 1650 1250 1694 εἰκῆ
1272 1648 1333 1684 ἔτι.
1360 1649 1444 1681 Vid.

136 1698 274 1733 Adnot.
299 1698 356 1753 1')
385 1695 480 1742 αἐὶ]
509 1699 668 1746 „deest
658 1713 698 1734 m
720 1701 807 1734 Μ.“
863 1701 908 1740 k)
939 1695 1075 1740 diste,
1104 1699 1131 1731 ω’
1160 1696 1320 1740 εταῖρέ
1346 1699 1443 1737 etc.]

141 1740 529 1790 Ῑονε1.ὧ’ςτεμηδὲν,
559 1747 586 1780 ὦ
615 1772 623 1780 .
725 1773 732 1780 .
760 1743 830 1792 κςὶν
848 1744 976 1785 ἄλλως.
1005 1771 1013 1779 .
1042 1771 1050 1778 .
1079 1769 1087 1777 .
1130 1747 1174 1776 At
1192 1743 1231 1775 in
1251 1743 1444 1786 vulgatam

140 1791 361 1844 conspirant
384 1792 476 1825 Reid.
499 1799 534 1825 et
556 1795 611 1827 M.
617 1793 641 1812 ‘⁶
689 1794 775 1826 Non
788 1782 1067 1837 corrigendum
1091 1802 1179 1832 esse,
1204 1788 1279 1823 vid.
1305 1788 1442 1821 Adnot.

138 1835 180 1880 l)
205 1834 447 1884 περιῃεις]
476 1839 538 1873 Sic
559 1840 698 1873 iterum
725 1849 811 1874 cum
835 1841 931 1884 δε)ὂ.
953 1838 1087 1883 scripsi
1105 1849 1174 1882 pro
1195 1835 1295 1881 vulg.
1312 1832 1446 1878 aeonf-

831 1934 969 1976 Iierm.
1030 1933 1121 1987 Qui
1149 1932 1261 1971 enim
1305 1929 1445 1986 possit

136 1340 237 1364 σεται
255 1338 356 1373 2954.

48 1936 131 1998 jam
159 1932 260 1973 vide
297 1932 449 1986 etiam,
505 1935 620 1989 quod
648 1949 718 1974 se-

51 1992 214 2044 quitur,
247 1989 530 2045 Philosophia
556 2002 598 2030 et
622 1991 716 2044 phi-

50 2046 237 2096 losophi,
261 2061 301 2090 v.
324 2061 361 2101 g.
382 2049 583 2103 magister
601 2058 716 2098 tuus,

50 2112 192 2141 utrum
239 2102 381 2143 eadem
434 2105 559 2144 vobis
612 2104 719 2143 dicit

55 2157 284 2213 qnotidie,
318 2170 359 2198 et
381 2160 432 2199 de
456 2161 632 2210 iisdem,
666 2175 719 2199 an

53 2215 156 2254 alias
172 2215 254 2252 alia
271 2215 290 2253 ἱ)
323 2217 463 2254 Multa
477 2218 588 2256 enim
604 2227 717 2258 sunt.

51 2272 338 2311 Manifestum
373 2271 415 2309 id
443 2273 637 2327 quidem,
670 2287 720 2311 a-

52 2330 185 2368 mice:
248 2327 444 2381 alioquin
499 2329 720 2381 probabile

54 2399 143 2424 non
179 2383 337 2431 fuerit,
384 2394 424 2424 te
457 2384 570 2437 apud
600 2386 717 2423 illum

53 2441 281 2491 mansisse,
315 2439 524 2496 (alioquin
547 2457 623 2479 non
653 2443 722 2479 vi—

53 2500 156 2552 ginti
183 2513 307 2536 annos
334 2498 442 2550 opud
461 2497 573 2536 illum
599 2513 721 2536 man-

57 2557 168 2594 sisses
189 2554 297 2606 etc.)
328 2554 494 2606 Ulyssis
517 2554 633 2591 illius
657 2554 719 2591 in·

61 2620 146 2648 star
176 2612 507 2650 circumeuntem
534 2620 573 2649 et
597 2610 720 2649 ober—
741 2648 747 2653 ,

59 2675 245 2716 tantem,
287 2667 323 2705 si
359 2666 502 2706 eadem
540 2666 719 2714 diceret,

61 2720 134 2816 {led
156 2726 280 2762 semel
312 2722 482 2763 audisse
511 2723 593 2762 tibi
624 2723 723 2762 suf-

97 2787 221 2817 ceret.

776 2004 840 2031 res
866 1991 1022 2030 habere
1049 1991 1172 2029 aliter
1189 1988 1209 2027 2

834 2048 935 2100 Lyc.
969 2046 1200 2101 Quomodo
1223 2044 1357 2099 igitur
1370 2058 1447 2098 po·

777 2106 900 2144 tuisti
924 2103 974 2143 de
999 2102 1137 2154 primo
1169 2111 1297 2156 gustu
1319 2115 1446 2140 nosse

779 2160 956 2201 omnia?
991 2160 1143 2211 Neque
1164 2159 1276 2198 enim
1299 2158 1444 2197 eadem

778 2218 1002 2272 profecto,
1052 2214 1123 2254 sed
1162 2215 1242 2253 alia
1283 2226 1447 2265 semper

778 2289 892 2314 nova
931 2287 1057 2326 super
1096 2285 1208 2309 nova
1241 2269 1446 2308 diceban-

779 2340 870 2378 tur;
923 2345 1038 2377 non,
1091 2325 1445 2381 quemadmodum

778 2387 954 2436 vinum,
1004 2398 1167 2435 sempe1
1196 2382 1308 2419 idem
1341 2391 1442 2421 erat

782 2443 954 2494 ltaque,
987 2440 1170 2484 sodalis,
1203 2439 1286 2475 nisi
1307 2446 1445 2476 totum

781 2498 925 2537 ebibas
970 2497 1158 2543 dolium,
1212 2493 1338 2532 etiam
1381 2503 1446 2532 te-

780 2569 890 2593 mere
919 2554 1058 2592 ebrius
1084 2550 1360 2590 oberraveris.
1393 2550 1446 2588 In

782 2611 875 2662 ipso
897 2609 1008 2648 enim
1031 2611 1154 2660 plane
1173 2606 1310 2645 fundo
1332 2605 1448 2644 vide-

782 2676 850 2704 tur
895 2665 997 2703 mihi
1046 2666 1166 2703 Deus
1213 2666 1449 2702 occultasse

783 2723 941 2760 bonum
985 2719 1317 2775 philosophiae,
1369 2718 1448 2756 sub

782 2778 894 2833 ipsas
917 2779 1067 2818 faeces.
1115 2775 1345 2829 Oportebit
1369 2775 1447 2829 igi-

1074 2834 1106 2871 F
1141 2838 1168 2876 2
