1834 3188
415 167 516 215 268

266 276 643 335 Ρ-Ιοῡιήντιοῖζομεν
662 278 732 328 l³),
765 276 835 319 καὶ
867 279 1127 331 συμμίξαντες
1158 284 1284 337 θυμῷ
1312 282 1378 324 καὶ
1411 280 1548 340 ῥώμῃ,
1591 284 1798 325 διεκινδυ-

409 346 591 401 νεῦομεν.
621 348 730 395 τέλος
748 347 813 396 δὲ,
846 344 1001 399 τροπὴν
1023 345 1156 389 αὐτῶν
1173 348 1459 403 ποιησάμενοι,
1492 349 1796 404 κατεδιώξαμεν,

908 178 1316 215 LUCIANI
1817 179 1823 209 «¹

409 416 500 472 α’χρι
518 414 621 471 πρὸς
639 431 732 463 τους
756 413 950 467 φωλεούς.
990 412 1201 456 ἀπέθανον
1221 416 1263 457 δὲ
1282 422 1361 459 τῶν
1381 418 1451 470 μὲν
1472 422 1698 472 πολεμίων,
1730 421 1796 473 ἕβ-

410 483 640 539 δομήκοντα
667 485 734 525 καὶ
767 482 927 534 ἑκατὸν,
968 478 1084 535 ’ἦμων
1116 483 1179 533 δὲ,
1216 482 1294 535 εἷς,
1337 487 1404 527 καὶ
1424 485 1470 537 q)
1503 483 1796 541 ὄκυβερνήτης

331 554 387 594 38
409 554 602 637 τρίγληςῖ
615 553 637 603 )
661 557 819 609 πλευρᾷ
835 553 1040 606 διαπαρεὶς
1058 549 1101 593 τὸ
1124 550 1386 606 μετάφρενον
1425 551 1608 608 Ἐκείνην
1630 555 1699 608 μὲν
1718 554 1794 596 οὖν

409 640 480 676 την
498 619 672 676 ἡμέραν,
705 620 773 660 καὶ
793 617 867 671 τὴν
895 619 1046 672 νύκτα,
1091 618 1392 673 ἐπηυλισάμεθα
1413 623 1457 670 ⁵)
1486 626 1534 678 τῇ
1561 620 1686 676 μάχῃ,
1722 622 1794 663 καὶ

265 708 393 743 p.101.
407 688 601 743 τρόπαιον
632 684 867 741 ἐστήσαμεν,
909 686 1024 741 ῥἀχιν
1050 686 1177 741 ξηραν
1210 692 1396 741 δελφῖνος
1427 686 1711 741 αναπηξαντες.
1742 694 1794 745 τῇ

405 757 595 814 ὑστεραίᾳ
627 759 668 798 δὲ
697 757 764 798 καὶ
793 758 833 797 οἷ
860 753 972 797 ἄλλοι
1005 755 1245 809 αἰσθόμενοι
1273 762 1481 810 παρῆσαν,
1511 755 1642 811 τὸμὲν
1662 754 1793 807 δεξιὸν

404 830 523 882 κέρας
542 829 697 881 ἔχοντες
719 827 760 866 οἵ
782 829 1023 878 Ταριχᾶνες,
1056 822 1188 879 ἡγεῖτο
1209 824 1249 866 δὲ
1273 821 1404 866 αὐτῶν
1431 823 1649 878 Πήλαμος,
1680 822 1726 866 τὸ
1748 819 1789 865 δ’

404 894 636 948 εὐώνυμον,
676 896 717 936 οἵ
740 893 1043 944 Θυννοκέφαλοι
1059 891 1099 946 t)
1114 927 1126 944 ,
1156 891 1199 935 τὸ
1221 894 1341 945 μέσον
1363 893 1427 942 δὲ,
1462 896 1503 935 οἵ
1522 890 1790 946 Καρκινόχει-

404 981 484 1019 ρες.

401 1037 621 1086 συμμαχεῖν
653 1027 979 1086 προαιρούμενοι.

400 1101 493 1153 περὶ
513 1102 562 1147 ¹¹)
592 1096 636 1139 τὸ
658 1094 953 1146 Ποσειδώνιον,
986 1100 1273 1150 προςεμίξαμεν
1289 1096 1360 1150 x)‚
1391 1102 1518 1154 πολλῇ
1538 1101 1620 1152 βοῇ
1639 1095 1788 1151 χρώμε-

399 1186 475 1210 νοι.
508 1164 669 1219 ἆντήχει
687 1166 727 1206 δὲ
743 1163 785 1206 τὸ
806 1169 926 1216 κῆτος
946 1165 995 1214 Ὺ)
1029 1163 1156 1218 ὥςπερ
1180 1163 1228 1205 τὰ
1251 1164 1437 1216 σπήλαια.
1482 1162 1725 1218 τρεψάμενοι
1743 1164 1785 1205 δὲ

400 1234 549 1284 αὐτούς
559 1267 571 1286 ,
605 1232 671 1276 ἅτε
689 1236 894 1288 γυμνῆτας
911 1233 978 1282 Ζ),
1009 1232 1077 1273 καὶ
1096 1231 1402 1282 καταδιώξαντες
1422 1234 1462 1282 ἐς
1477 1232 1548 1286 τὴν
1567 1230 1687 1285 ὅλην,
1719 1249 1784 1274 το-

531 966 572 1005 οἷ
598 960 673 1018 γὰρ
708 963 1071 1015 Τριτωνομένδητες
1095 960 1167 1014 τὴν
1196 959 1367 1014 ἡσυχίαν
1396 954 1523 1015 ἦγον,
1565 958 1790 1014 ου’δετέροις

1027 1026 1140 1082 ἡμεῖς
1166 1030 1207 1071 δὲ
1237 1026 1618 1083 προαπαντήσαντες
1647 1026 1787 1077 αὐτοῖς

442 1339 490 1384 p)
517 1332 837 1386 ἦντιαζομεν]
862 1330 1136 1387 vnnvuoc'gosscsv
1157 1345 1257 1379 2954.
1284 1346 1387 1378 5011.
1459 1335 1502 1380 q)
1526 1333 1627 1379 καὶ]
1655 1334 1781 1367 abesse

488 1383 619 1416 mallet
638 1385 680 1413 5·
676 1383 750 1414 ·lzm.
774 1381 904 1424 idque,
931 1386 973 1415 ut
996 1381 1067 1423 ait,
1096 1392 1181 1413 cum
1206 1383 1366 1416 Gesnero
1379 1392 1411 1414 8
1431 1383 1536 1423 cujus
1555 1381 1723 1414 versione
1739 1380 1780 1413 id

487 1428 714 1462 concludere
741 1426 900 1458 videtur.
949 1429 996 1458 At
1022 1427 1130 1460 scivit
1153 1427 1254 1460 haud
1286 1427 1396 1460 dubie
1430 1429 1620 1470 Gesnerm,
1645 1426 1707 1460 καὶ
1736 1432 1779 1461 ut

487 1486 616 1518 saepe,
640 1474 693 1505 ita
721 1479 756 1505 et
778 1472 814 1507 11.
837 1472 883 1514 1.,
910 1471 1120 1515 significare
1151 1475 1265 1516 isque,
1301 1472 1402 1517 quod
1431 1473 1526 1514 jam,
1561 1477 1602 1506 ut
1628 1472 1778 1505 fidelior

486 1520 616 1572 paullo
633 1519 804 1552 existeret
824 1518 962 1560 versio,
989 1517 1154 1551 indicaxe
1171 1518 1297 1550 saltem
1318 1518 1438 1550 libuit.
1488 1521 1534 1562 r)
1559 1519 1719 1561 τρίγλη
1733 1518 1772 1562 ς]

483 1565 572 1611 „Sic
592 1571 691 1597 reete
706 1567 784 1598 Pn-
802 1564 844 1595 B.
858 1575 887 1596 2
911 1569 947 1595 et
967 1563 1002 1596 S.
1034 1565 1120 1608 Τρί)
1121 1567 1192 1607 λης
1209 1566 1344 1604 majore
1360 1564 1467 1597 litera
1489 1577 1508 1598 τ
1527 1565 1622 1597 male
1645 1565 1673 1597 J.
1685 1564 1774 1598 Αἶά.

482 1592 540 1645 ΪΗ.
557 1614 614 1643 Fu
634 1611 709 1644 H.“
757 1610 796 1649 s)
824 1607 1223 1653 ἐπηυλισάμεθα]
1251 1608 1412 1655 επῃυλισ.
1430 1611 1507 1651 jota
1525 1612 1665 1644 subscr.
1688 1610 1768 1643 sola

466 1659 592 1703 ..Re-'111
666 1658 705 1695 t)
738 1654 1179 1700 Θυννοκέφαλοι]
1186 1658 1336 1692 Θυνοκ.
1359 1657 1401 1688 Β.
1425 1667 1455 1689 2
1481 1665 1663 1698 (necnon
1686 1668 1715 1691 1.
1737 1662 1774 1689 et

482 1704 533 1747 5)
563 1705 689 1736 Κυνοκ
694 1700 750 1744 §.tp
777 1701 984 1746 re11quae“
1056 1681 1260 1746 11)πέρὶ]
1293 1701 1394 1745 παραὶ
1421 1704 1771 1756 2954·30¹1·X)

482 1749 864 1793 προςεμίξαμεν]
891 1749 1108 1791 συνεμίεξαμ
1101 1749 1215 1781 viid.
1274 1751 1320 1793 y)
1347 1748 1514 1791 κῆτος]
1540 1745 1649 1788 κύτος
1672 1749 1771 1789 conj.

484 1798 579 1828 lV--es
579 1795 679 1838 ⁴³ng
684 1820 690 1827 .
723 1794 767 1825 ad
800 1796 940 1826 chlor
968 1805 1003 1836 p.
1033 1801 1108 1836 158.
1138 1805 1231 1838 quae
1256 1795 1400 1838 placuit
1423 1795 1657 1832 S.·hnu'·.eder0
1728 1795 1771 1837 z)

480 1841 748 1885 γυμνῆτας]
776 1834 885 1878 ὄντας
915 1839 1061 1874 addunt
1080 1852 1181 1885 2954..
1201 1846 1237 1873 et
1256 1852 1361 1884 5011.

386 1938 589 1977 moseque
617 1933 658 1962 et
689 1923 860 1961 foititet
890 1920 1050 1960 conssi-
1109 1922 1206 1977 qui)
1250 1922 1422 1977 cognita
1459 1936 1527 1971 re,
1586 1920 1766 1962 adsunt:

1109 1980 1302 2017 dextrum
1322 1994 1454 2017 cornu
1476 1988 1669 2018 tenentes
1689 1981 1770 2016 Ta-

1106 2035 1302 2074 richanes
1333 2034 1439 2074 duce
1469 2036 1664 2084 Pelamo,
1704 2035 1768 2072 si-

1105 2092 1285 2130 nistrum
1306 2106 1404 2130 vero
1425 2090 1770 2143 Thynnocepha·

1206 2147 1392 2186 medium
1427 2147 1764 2188 Carcinochires.

388 1992 535 2034 gentes
588 1994 676 2018 non
717 1979 808 2018 sine
855 1978 1047 2030 periculo

385 2037 683 2092 pugnavimus.
744 2033 1047 2073 Tande1nve10

386 2095 433 2131 in
474 2094 616 2146 fugam
658 2105 800 2130 versos
837 2090 1047 2142 persecuti

385 2164 529 2187 sumus
548 2148 598 2187 ad
617 2149 764 2186 foveas
787 2161 882 2184 suas
900 2160 1046 2198 usque.
1104 2148 1135 2186 li
1149 2180 1159 2196 ,

387 2204 647 2244 Ceciderunt
665 2203 853 2242 hostium
877 2202 1045 2256 quidem

385 2270 556 2300 centum
589 2270 630 2299 et
663 2259 957 2312 septuaginta:
995 2258 1046 2297 de

382 2318 540 2356 nostris
580 2331 680 2355 vero
728 2329 840 2353 unus
883 2317 1044 2368 (isque)

383 2373 665 2427 gubernator,
727 2382 841 2410 costa
895 2372 1044 2422 triglae

382 2432 583 2480 trajectus
609 2444 631 2467 a
654 2438 786 2482 tergo,
846 2428 929 2466 Illo
956 2427 1045 2480 igi-

381 2494 451 2522 tur
473 2485 541 2524 die
567 2500 617 2523 ac
644 2496 770 2523 nocte
803 2484 847 2522 in
873 2497 1043 2536 pugnae

382 2542 480 2579 loco
510 2541 758 2590 mansimus,
790 2550 1044 2592 tropaeum—

383 2610 462 2647 que
489 2597 738 2646 statuimus,
771 2597 893 2648 spina
926 2595 1042 2634 dorsi

383 2651 500 2688 arida
523 2651 718 2703 delphini
742 2662 891 2691 erecta.
942 2654 1043 2691 Pos-

383 2704 512 2745 tridie
532 2721 631 2747 vero
652 2708 778 2747 etiam
802 2708 891 2759 alii,
923 2708 1043 2760 (reli-

1105 2203 1502 2243 Tritonomendetes
1529 2204 1639 2242 enim
1662 2203 1766 2256 qui-

1104 2260 1321 2310 escebant,
1367 2261 1528 2299 neutris
1561 2259 1763 2297 auxiliari

1103 2319 1310 2356 volentes.
1370 2316 1462 2355 Nos
1485 2329 1584 2354 vero
1608 2329 1763 2353 occur-

1102 2382 1242 2412 rentes
1291 2373 1379 2410 inis
1425 2372 1533 2409 circa
1566 2371 1760 2422 Neptuni

1103 2428 1270 2476 aedem,
1304 2427 1355 2466 ad
1379 2441 1524 2465 manus
1548 2427 1757 2477 venimus,

1102 2488 1293 2523 clamore,
1312 2492 1476 2521 utentes
1498 2485 1658 2522 multo:
1689 2498 1760 2522 re-

1100 2540 1247 2579 sonuit
1283 2548 1421 2577 autem
1456 2536 1758 2589 {speluncarum

1100 2597 1234 2634 instar
1257 2604 1384 2633 cetus.
1428 2594 1532 2632 Illos
1551 2605 1687 2634 autem
1712 2596 1758 2634 in

1100 2653 1244 2703 fugam
1267 2663 1410 2688 versos
1442 2659 1593 2702 utpote
1616 2652 1755 2690 nudos

1099 2706 1309 2760 persecuti
1345 2706 1391 2743 in
1422 2705 1594 2757 silvam,
1641 2721 1757 2746 cam-
