1834 3188
311 181 413 226 410
669 188 1430 221 AnNo'rA‘rroNEs

302 290 333 340 (
346 290 469 328 Hanc
493 285 831 328 emendationem
856 287 969 325 inter
995 285 1256 340 insigniores
1283 285 1329 324 in
1358 285 1626 340 Specimine,
1661 288 1778 342 quod

310 360 425 384 anno
447 350 567 389 1708.
593 359 615 382 a
636 358 699 383 me
723 343 1026 396 Cantabrigiae
1050 343 1210 382 editum
1235 351 1323 392 est,
1353 345 1493 381 locum
1517 359 1637 383 suum
1667 345 1777 383 tueri

308 401 476 455 volui.)
507 402 674 441 SOLAN.
734 401 1042 451 Interpretatus
1065 413 1178 448 sum,
1214 411 1261 436 ac
1289 398 1325 436 si
1348 401 1558 452 legeretur
1588 415 1665 452 pro
1696 401 1774 440 illo

307 456 455 509 ἡδέως,
488 456 604 511 quod
626 457 676 495 ab
700 455 810 493 Aldo
840 454 941 494 inde
962 454 1129 494 obsedit
1158 454 1317 506 libros,
1359 456 1478 494 tenui
1510 458 1773 508 mutatione,

305 512 336 566 ’ἦ
357 516 447 555 δέον
471 532 507 555 κ.
533 531 565 554 τ
586 518 618 554 λ.
680 511 907 552 Simillima
936 512 1254 550 constructione
1288 526 1389 549 mox
1425 512 1561 550 utitur
1589 511 1639 551 de
1672 513 1775 552 Ho-

307 573 450 610 merico
473 569 707 623 sagittario.
770 567 990 606 Caeterum
1016 566 1274 606 Corinthum
1307 567 1378 606 hic
1405 569 1648 607 nominavit
1670 583 1774 619 pro-

308 630 378 665 cul
401 626 553 674 dubio,
586 635 649 663 ut
661 625 784 662 simu1
807 638 884 662 nos
903 622 1147 662 admoneret
1171 624 1287 661 illius
1308 641 1355 665 ου
1375 622 1524 672 παντὸς
1548 621 1695 677 ἀνδρὸς
1716 627 1774 674 εἰς

309 680 523 734 Κόρινθον
543 676 636 724 ἔσθ
662 678 682 722 ὅ
703 684 850 729 πλοῦς,
880 682 978 729 vel,-
1013 696 1089 719 non
1118 681 1240 719 cuivis
1269 680 1418 719 homini
1443 683 1632 734 contingit
1662 681 1773 720 adire

301 739 551 779 QCorinthum.
589 738 726 777 GESN.
778 734 846 778 ”H
866 737 958 778 δέον
982 734 1079 775 dare
1103 750 1155 775 ex
1179 735 1373 791 vestigiis
1402 737 1556 776 veteris
1582 737 1772 788 scriptu-

305 809 398 844 rae,
427 805 474 835 'et
491 803 690 833 monente
714 792 890 843 solano,
935 807 1023 832 non
1055 791 1277 841 dubitavi,
1322 793 1397 846 qui
1428 792 1474 830 in
1503 807 1632 857 marg.
1660 793 1771 835 Junt.

304 860 453 901 notat,
487 852 577 893 δέον
599 850 793 889 similiter
809 850 915 902 poni
936 863 1063 900 supra
1082 847 1164 886 hoc
1181 849 1298 889 Dial.
1323 863 1358 889 c.
1388 854 1451 891 10.
1475 849 1507 887 f.
1526 850 1627 888 item
1647 864 1680 891 c
1700 855 1769 893 28.

299 908 337 947 f.
362 922 441 946 nec
459 921 603 946 none.
625 911 692 950 73
719 907 750 946 f.
784 905 900 958 Quin
924 906 1069 957 potius
1095 903 1180 944 vid.
1203 903 1253 943 de
1270 906 1407 946 Mero.
1432 904 1556 944 cond.
1578 920 1613 946 c.
1640 911 1705 948 11.
1727 915 1771 944 et

303 969 373 1008 31.
396 963 505 1004 med.
528 962 602 1001 ubi
625 963 692 1004 καὶ
712 961 903 1010 πολλάκις
923 967 1183 1003 κατακεῖσθαι
1210 961 1324 1011 δέον,
1363 957 1456 1003 οὐδὲ
1478 963 1595 1003 τοῦτο
1626 976 1772 1017 συγκε-

301 1019 488 1074 χώρηται
520 1021 683 1060 RmTz
736 1018 951 1056 Eximiam
969 1017 1078 1055 hanc
1099 1016 1436 1057 emendationem
1458 1017 1634 1057 mirifice
1658 1033 1770 1057 com-

301 1076 477 1114 mendat
509 1075 749 1114 simillimae
771 1084 1008 1112 structurae
1031 1076 1151 1111 locus
1175 1073 1258 1111 Pro
1276 1074 1405 1125 Laps.
1429 1089 1462 1113 c.
1486 1080 1522 1116 1.
1554 1072 1652 1126 οἱπερ
1682 1071 1769 1126 ἆμ-

303 1132 457 1185 φότερα
476 1138 553 1172 νῦν
577 1133 662 1184 ἐμοὶ
684 1132 953 1184 συμβέβηκεν,
989 1127 1032 1177 ὃς
1049 1125 1294 1181 ἀφικόμενος
1312 1128 1421 1183 παρὰ
1443 1130 1505 1179 σὲ,
1539 1147 1590 1178 ως
1611 1133 1768 1184 προςεί-

300 1206 418 1241 ποιμι
437 1189 479 1230 τὸ
503 1188 698 1236 ἑωθινὸν,
733 1190 772 1228 δέ
777 1204 821 1228 ον
846 1204 917 1238 την
939 1183 1098 1238 συνηθη
1125 1183 1277 1237 ταύτην
1307 1185 1452 1238 φωνὴν
1480 1185 1665 1237 ἀφεῖναι,
1697 1188 1768 1228 καὶ

299 1249 454 1299 χαίρειν
476 1243 669 1293 κελεύειν,
702 1241 797 1298 ἐγώ
827 1244 878 1284 δὲ
909 1240 930 1283 ὅ
954 1247 1127 1295 χρυσοῦς
1155 1240 1468 1294 ἐπιλαθόμενος,
1498 1241 1696 1297 ὐγιαίνειν
1724 1258 1767 1285 σε

298 1301 440 1354 ἠξίουν
462 1312 539 1341 etc.
575 1301 730 1353 quibus
764 1299 935 1352 quidem
969 1298 1108 1337 verbis
1135 1312 1222 1336 non
1252 1302 1388 1336 solum
1422 1313 1520 1337 usus
1554 1301 1764 1339 formulae

299 1360 392 1400 δέον
417 1373 508 1396 cum
535 1357 760 1395 Infinitive
787 1356 1044 1403 illustratur,
1078 1353 1150 1393 sed
1181 1354 1385 1406 probatur
1413 1355 1539 1393 simul
1566 1355 1693 1394 etiam
1724 1356 1766 1397 δὲ

298 1415 343 1453 in
363 1411 542 1467 apodosi
565 1423 664 1465 post
682 1414 922 1450 Pronomen
943 1410 1198 1449 insolentius
1218 1413 1362 1462 paullo
1381 1412 1584 1463 positum.
1607 1412 1764 1463 Quem·

298 1470 526 1509 admodum
563 1479 700 1507 autem
730 1469 774 1505 in
804 1471 899 1505 loco
933 1466 1104 1505 laudato
1140 1468 1215 1520 ἐγώ
1248 1468 1290 1508 ὁὲ
1320 1467 1529 1518 apodosin
1563 1467 1760 1535 inchoat,

298 1528 359 1565 ita
388 1526 435 1567 σύ
466 1527 504 1567 δὲ
529 1526 636 1564 locis
668 1525 800 1564 Dian
833 1525 987 1563 Mortt
1019 1523 1152 1570 XIII,
1185 1528 1223 1565 6.
1251 1533 1293 1561 et
1324 1523 1434 1561 Piso
1460 1537 1494 1561 c.
1519 1529 1586 1566 23.
1610 1533 1652 1563 et
1678 1520 1700 1566 ἆ
1722 1524 1764 1565 δὲ

296 1581 763 1630 Dia11.Deor.VI,2.
791 1580 835 1617 in
860 1579 999 1618 verbis
1021 1580 1088 1619 καὶ
1120 1580 1249 1619 εἴποτε
1271 1583 1424 1620 πιοῦσα
1449 1582 1677 1633 παραδοίην
1706 1584 1763 1633 τῷ

298 1644 458 1691 Ιαενυμ
445 1640 517 1679 ἔδει
537 1635 579 1678 τὸ
601 1638 787 1687 ἔκπωμα,
822 1633 844 1677 ὅ
874 1635 922 1676 δὲ
949 1632 1034 1691 ᾐτει
1053 1636 1093 1676 ἐν
1115 1632 1224 1690 αυτῷ
1246 1636 1379 1688 ἐκείνῳ
1406 1642 1526 1676 πιεῖν.
1568 1636 1641 1673 ubi
1671 1636 1757 1678 vid

296 1695 456 1736 Adnot‚
480 1704 520 1733 et
545 1695 662 1732 Var.r
688 1694 829 1731 Lectt.
890 1692 958 1728 Ex
984 1705 1069 1743 quo
1094 1701 1307 1741 postremo
1332 1679 1429 1729 loco
1462 1692 1588 1729 simul
1617 1702 1758 1744 patet,

294 1754 338 1790 in
374 1751 489 1789 hisce
525 1750 662 1788 verbis
695 1748 857 1799 Lycini
891 1756 1002 1785 recte
1035 1746 1188 1786 labere
1218 1747 1367 1785 Reitzii
1399 1757 1441 1786 et
1476 1748 1759 1787 recentiorum

290 1808 520 1846 Editorum
545 1806 795 1873 scripturam
832 1800 853 1844 ὁ
885 1798 948 1853 δ’,
992 1817 1077 1841 non
1103 1818 1215 1852 eam,
1258 1817 1379 1856 quam
1403 1812 1505 1841 vett.
1529 1807 1757 1857 pleiaeque

291 1864 402 1903 Edd.
427 1862 625 1916 praebent
653 1857 729 1902 0'3'.
790 1861 884 1897 Hae
908 1859 1019 1897 enim
1045 1862 1302 1925 pleiumque
1323 1860 1673 1927 negligentiores
1688 1860 1759 1900 de-

290 1919 618 1973 prehenduntur
647 1918 692 1954 in
727 1914 1044 1967 distinguendis
1077 1915 1254 1953 vocibus
1289 1911 1378 1963 όδε,
1420 1916 1548 1963 hicce,
1581 1926 1622 1955 et
1650 1933 1670 1957 0
1692 1917 1753 1966 δὲ,

286 1977 356 2016 illc
382 1991 482 2016 vermo
545 1973 645 2013 Vid.
678 1971 728 2011 ad
760 1972 893 2010 Diall.
914 1973 1047 2012 Deor.
1069 1971 1195 2019 XVI,
1220 1976 1254 2012 1.
1281 1971 1400 2008 Van.
1426 1971 1559 2009 Lecct
1580 1981 1671 2011 not.
1693 1974 1753 2023 ⁰).

289 2033 385 2082 Cf,
420 2033 456 2070 si
473 2045 588 2084 opus
614 2029 691 2073 sit
725 2028 851 2067 etiam
875 2042 907 2069 c
933 2032 999 2070 28.
1027 2027 1205 2065 similem
1229 2030 1397 2064 locum·
1429 2025 1569 2078 τοξότῃ
1598 2052 1655 2059 .-
1686 2026 1752 2076 ὃς,

285 2091 407 2130 δέον
450 2085 521 2140 τὴν
545 2084 733 2127 πελειάδα
763 2086 1075 2133 κατατοξεῦσαι,
1118 2100 1138 2124 ο
1179 2081 1230 2123 δὲ
1270 2080 1340 2135 τήν
1371 2079 1577 2137 μήρινθον
1611 2085 1752 2138 ε’.τεμεν

284 2147 488 2241 LEmiE'iw
493 2204 591 2243 ‚41.
613 2202 642 2239 1.
664 2204 703 2242 2.
724 2197 860 2238 ’Ένθα
882 2214 933 2238 αν
957 2195 1136 2245 οἷπόὸες
1156 2196 1363 2251 φέρωσιν)
1404 2194 1558 2235 Era'sm.
1589 2197 1634 2235 in
1655 2211 1753 2250 pro·

286 2258 400 2300 verb,
424 2232 943 2318 qUOCIanUCPCCICSfCrUnt
976 2253 1119 2292 BROD.

398 2314 499 2353 Eacl.
518 2316 544 2354 1.
568 2317 608 2356 9.
639 2308 763 2364 Δεῖν)
805 2309 1113 2361 Recipiendam
1138 2307 1279 2348 credes
1302 2308 1554 2360 scripturam
1578 2306 1685 2347 Cod.
1704 2309 1749 2348 P.

286 2386 332 2409 ac
352 2369 578 2431 legendum
604 2366 680 2410 οὐκ
702 2373 831 2419 οἶμαι,
866 2370 924 2406 δε
891 2385 940 2415 ι,
974 2367 1008 2403 si
1033 2366 1228 2403 conf'eras
1254 2380 1352 2403 mox
1375 2378 1409 2404 c.
1435 2369 1503 2408 36
1528 2365 1558 2403 f.
1585 2363 1654 2400 ubi
1675 2362 1749 2415 μά.

282 2433 411 2477 λιστα,
446 2432 579 2490 οἰμαι,
614 2428 679 2466 δεῖ
694 2424 784 2462 sine
802 2421 1042 2462 variatione
1069 2421 1249 2473 legitur3
1265 2421 1317 2459 si
1341 2434 1440 2458 vero
1465 2420 1604 2457 minus
1626 2419 1746 2457 hian-

285 2493 365 2520 tem
401 2483 634 2521 orationem
655 2494 790 2530 amas,
823 2481 1036 2532 vulgatam
1063 2477 1484 2529 praeferes.R1z1Tz.
1545 2475 1747 2514 Alecto-

283 2540 340 2576 1is
363 2538 572 2590 judicisve
597 2550 736 2575 amore
770 2535 903 2574 nolim
934 2547 1183 2585 suspensum
1213 2532 1333 2571 reddi
1364 2531 1582 2583 judicium.
1641 2531 1748 2570 Ple-

284 2608 462 2646 rumque
485 2592 655 2646 quidem
685 2592 796 2643 οἶμαι
828 2590 1021 2629 absolute
1049 2589 1094 2627 in
1128 2588 1369 2641 parenthesi
1401 2587 1520 2639 quasi
1556 2587 1743 2636 positum

286 2651 835 2701 occur1it,nonnunquam
857 2656 994 2685 tamen
1015 2645 1141 2684 etiam
1165 2659 1258 2682 cum
1279 2644 1441 2696 reliqua
1460 2643 1653 2682 oratione
1673 2657 1744 2682 ne-

277 2719 409 2754 xum,
443 2705 518 2742 ubi
544 2709 667 2757 plena
697 2705 951 2742 instructum
988 2711 1049 2740 est
1078 2701 1120 2740 vi
1154 2713 1227 2737 sua
1261 2698 1432 2751 propiia
1463 2698 1742 2739 eris-rimandi.
