1834 3188
235 170 337 221 568
595 181 1356 216 AnNo'rA'ronEs

240 283 286 323 in
310 280 624 322 commentariis
648 279 700 319 de
723 279 835 320 bello
862 279 1030 320 Gallico
1051 288 1094 320 et
1115 278 1235 318 civili
1255 289 1423 319 secutos
1447 293 1558 328 esse,
1588 291 1702 323 vete-

237 353 303 379 res
323 339 528 378 referunt.
589 343 824 392 Προπονεῖν
844 346 909 376 est
931 335 1179 390 eleganter’
1168 350 1213 374 m
1242 336 1422 389 alicujus
1442 337 1618 390 gratiam
1636 341 1701 377 la-

237 395 411 444 borare,
446 392 614 447 operam
636 393 766 441 alicui
793 392 856 432 rei
882 406 1036 432 navare
1059 392 1232 431 alterius
1257 391 1502 446 commodo,
1534 394 1702 434 Jemand

236 467 334 493 voor
351 451 555 501 ‹tr-beiden,
588 460 638 489 ut
658 449 807 490 eodem
836 448 960 491 modo
977 452 1214 503 loquuntur
1235 449 1435 488 Germani
1457 459 1499 490 et
1520 450 1699 505 Belgae.

239 521 348 562 quae
379 508 504 547 notio
536 508 663 560 hujus
696 507 816 546 vocis
846 520 868 544 a
896 505 1154 545 Lexicorum
1175 505 1467 570 scriptoribus
1493 520 1580 546 non
1613 508 1702 546 fuit

240 565 475 606 observata.
521 564 672 603 Paullo
691 572 788 628 post
807 562 1031 616 Tragicam
1056 562 1380 614 inscriptionem
1400 562 1605 602 librorum
1626 579 1701 603 vo-

238 629 332 671 cat,
362 623 531 673 plenam
550 620 757 670 tumoris,
791 628 834 658 et
854 619 1013 670 fastus,
1045 633 1138 657 cum
1163 619 1258 672 quis
1281 619 1504 687 magnifica
1525 620 1701 660 nomina

237 676 322 717 sibi
343 687 384 716 et
402 677 513 716 libro
544 676 744 730 imponit.
810 680 939 717 Τοῦτο
954 673 1099 745 μόνον
1119 671 1347 743 η’τιασάμην
1367 672 1515 727 αυτοῦ,
1549 674 1609 718 ότι
1632 675 1702 718 ου’-

237 750 316 781 τως
339 733 538 788 ἐπέγραψε
566 732 614 776 τὰ
634 735 767 787 βιβλία
792 749 1106 788 τραγικωτερον,
1137 729 1165 786 ἢ
1184 731 1284 773 κατὰ
1308 730 1382 786 τὴν
1407 738 1485 775 τῶν
1503 746 1704 788 συγγραμ-

236 788 377 844 μάτων
407 789 554 844 τύχην,
587 789 876 845 Καλλιμόρφου
905 791 1046 843 ἰατροῦ
1071 793 1144 842 τῆς
1171 793 1251 831 τῶν
1285 787 1602 844 Κοντοφόρων’
1589 791 1704 844 ἕκτης

239 849 427 901 ἱστοριῶν
460 851 702 901 Παρθικων.
769 846 991 901 Tragicam
1031 845 1357 899 inscriptionem
1396 856 1545 897 vocat,
1588 847 1706 902 quod

239 917 319 943 suo
339 903 505 942 nomini
529 901 820 958 Καλλιμόρφου
842 902 1083 956 adjecerit'
1068 907 1207 954 ιατροῦ
1231 907 1301 955 τῆς
1323 909 1402 944 τῶν
1424 903 1705 968 Κοντοφόρων

236 960 375 1012 ἕκτης,
408 960 508 1014 quia
536 960 619 1000 hoc
650 970 694 1001 et
721 975 743 999 a
772 969 960 1000 veterum
983 958 1294 998 consuetudine
1325 969 1388 999 est
1418 960 1628 1008 alienum,
1661 970 1705 999 et

239 1017 396 1054 fastum
421 1030 521 1066 prae
541 1031 586 1055 se
608 1017 693 1056 fert
712 1015 921 1069 quendam
942 1015 1148 1068 tragicum
1163 1047 1172 1063 ,
1208 1016 1290 1054 hoc
1312 1026 1399 1066 est,
1432 1017 1569 1069 qualis
1589 1016 1706 1071 regi-

240 1071 350 1110 bus
339 1087 382 1110 m
401 1072 653 1127 Tragoediis
680 1072 897 1112 tribuitur.
937 1071 1046 1110 Inde
1066 1071 1173 1109 illud
1197 1071 1406 1125 Satyrici:
1442 1072 1600 1112 Grande
1619 1074 1705 1113 So-

235 1127 400 1182 plzocleo
423 1129 638 1170 bacchatur
660 1145 815 1170 carmen
834 1128 957 1167 hiatu.
1004 1127 1074 1166 Sic
1094 1127 1276 1166 inferius
1295 1143 1328 1166 c.
1347 1135 1417 1173 23.
1439 1131 1522 1170 Καὶ
1536 1128 1617 1183 μὴν
1638 1130 1708 1171 καὶ

239 1184 385 1233 ἄλλους
414 1187 518 1235 ἴδοις
550 1182 601 1227 ἂν
630 1203 679 1227 τα
713 1186 781 1238 μὲν
813 1186 1005 1238 προοίμια
1029 1182 1211 1237 λαμπρα,
1252 1202 1317 1226 και
1341 1183 1530 1240 τραγικοὶ,
1570 1186 1637 1228 καὶ
1667 1187 1708 1234 ἒς

239 1239 470 1295 υπερβολὴν
499 1241 634 1296 μακροὶ
666 1240 921 1308 γράφοντας,
960 1251 1003 1280 at
1025 1256 1113 1281 vero
1146 1241 1247 1280 alios
1274 1243 1389 1280 eiiam
1420 1245 1605 1296 reperias,
1640 1244 1709 1297 qui

237 1300 440 1352 prooemia
477 1298 708 1353 splendida,
753 1300 932 1352 tragica,
980 1307 1015 1336 et
1046 1314 1283 1351 summopere
1317 1298 1487 1353 prolioea
1516 1299 1706 1338 scrzbant.

241 1354 359 1408 Quid
382 1355 418 1393 si
438 1356 657 1395 Lucianus
685 1355 868 1395 vixisset
899 1363 1048 1395 nostro
1077 1364 1289 1406 tempore,
1322 1364 1364 1394 et
1385 1354 1562 1395 vidisset
1580 1365 1621 1394 et
1644 1356 1709 1393 in·

242 1411 496 1463 scriptiones
518 1411 725 1451 librorum
746 1420 1037 1465 portentosas,
1070 1410 1182 1449 nihil
1206 1425 1292 1449 non
1315 1410 1545 1465 grandibus
1569 1411 1710 1452 verbis

241 1467 556 1519 promittenteS‚
589 1478 631 1507 et
651 1479 871 1507 auctorum
892 1466 1116 1520 magnifica
1137 1467 1332 1518 nomina,
1366 1482 1455 1507 non
1475 1483 1562 1507 uno
1584 1482 1711 1507 versu

246 1533 470 1574 contenta,
503 1533 554 1563 ut
582 1524 708 1563 miser
729 1523 1043 1576 Callimorphus
1064 1537 1163 1575 prae
1192 1523 1259 1561 his
1279 1525 1334 1562 sit
1355 1523 1707 1574 modestissimus,

246 1589 454 1632 quantum
473 1580 587 1635 nigri
608 1581 706 1620 salis
727 1581 791 1620 illi
815 1580 966 1619 fuisset
982 1579 1266 1632 perdendum,
1299 1580 1349 1618 ad
1369 1579 1511 1619 hanc
1500 1581 1710 1619 insaniam

245 1634 588 1677 emendandam?
644 1637 752 1676 Cum
776 1635 884 1675 dicit
907 1634 1174 1690 κοντοφόρων
1196 1642 1267 1687 τῆς
1288 1637 1422 1689 ἕκτης,
1453 1636 1709 1676 subauditur

244 1690 413 1743 ταξεως,
449 1694 666 1733 centuriae
686 1703 829 1733 sextae
849 1692 1111 1731 hastatorum
1132 1692 1333 1734 medicus.
1401 1690 1515 1742 Τάξις
1533 1704 1595 1732 est
1615 1707 1712 1732 cen·

246 1748 381 1798 turia,
413 1758 463 1787 ut
494 1748 590 1788 ordo
624 1749 738 1803 apud
767 1749 962 1790 Latinos.
1020 1749 1138 1787 Hinc
1160 1749 1311 1789 ordinis
1341 1749 1482 1789 ductor·
1502 1750 1710 1789 centurio.

248 1803 391 1845 Justin.
427 1804 595 1845 Ordines
622 1822 755 1856 nemo,
795 1807 873 1844 nisi
896 1807 1200 1858 sexagenarius,
1232 1805 1365 1846 eluxit.
1423 1808 1551 1845 Duae
1583 1803 1715 1856 τάξεις

249 1870 368 1899 erant
387 1860 612 1916 σύνταγμα,
645 1862 728 1901 hnc
753 1871 834 1912 est,
868 1861 1133 1915 manipulus:
1164 1860 1272 1912 τάξις
1292 1877 1379 1901 non
1411 1872 1474 1901 est
1490 1864 1630 1915 legio,
1664 1871 1714 1900 ut

247 1917 434 1956 Latinus
459 1919 576 1971 cepit
598 1921 819 1972 interpres
853 1919 1029 1960 GnAnv.
1090 1918 1198 1959 Junt
1234 1921 1466 1987 Χαρίεν-τι,
1499 1917 1612 1988 quod
1638 1932 1716 1957 so-

248 1974 309 2011 let
331 1987 480 2027 saepe,
512 1984 561 2013 ut
576 1978 720 2029 paullo
742 1989 865 2036 supra
889 1976 948 2015 ἐν-
935 1975 1122 2028 -τρέψας,
1155 1984 1196 2013 et
1215 1974 1349 2025 infra,
1378 1971 1459 2039 pun
1479 1980 1550 2016 οἰ-
1570 1971 1608 2016 ὃ’
1634 1988 1712 2027 pro

251 2026 360 2078 οἶδα,
394 2030 495 2070 item
517 2030 613 2074 οἷ-οι
631 2047 716 2099 pro·
729 2035 807 2076 οἱα·
867 2031 960 2071 Neo
981 2041 1121 2070 tamen
1145 2040 1206 2071 est
1228 2030 1442 2085 suspicio,
1475 2044 1564 2069 eam
1581 2031 1713 2070 toties

250 2099 384 2124 unum
411 2087 668 2128 vocabulum
702 2088 748 2127 in
781 2088 866 2127 duo
905 2086 1141 2139 dispesceie
1168 2087 1367 2127 voluisse.
1428 2088 1499 2127 De
1529 2086 1714 2142 signific.

251 2155 346 2182 voc.
377 2146 549 2200 χαρίεις,
580 2159 658 2198 pro
689 2143 861 2194 erudito,
895 2144 1044 2182 confer
1076 2143 1187 2183 infra
1222 2145 1715 2198 M01t.Peregr.c.39.

253 2201 309 2239 Εἰ
326 2199 396 2251 μὲν
417 2201 490 2242 οὐν
519 2203 645 2255 ἴδοιμί
664 2218 752 2242 τινα
777 2201 979 2254 χαριέντα·
1012 2199 1088 2237 ubi
1110 2199 1257 2239 eodem
1289 2200 1561 2268 significatu,
1591 2214 1716 2255 quem

257 2254 390 2294 Graev.
416 2255 487 2295 hic
507 2256 705 2297 ostendit.
737 2258 900 2295 RmTz.
963 2255 1084 2309 Quae
1110 2255 1160 2295 de
1186 2272 1291 2297 voce
1312 2254 1600 2311 τραγικώτερον
1619 2270 1716 2308 pro·

253 2312 400 2363 posuit
427 2312 637 2364 Graevius,
671 2328 717 2353 ea
740 2312 956 2366 Rudolplzo
971 2315 1207 2366 μικρολογία
1228 2328 1317 2353 esse
1337 2313 1551 2354 videntur.
1611 2312 1718 2352 Vult

253 2368 401 2419 potius
430 2345 687 2423 reprehendi
716 2371 844 2409 istum
879 2370 932 2408 ob
963 2369 1234 2423 magnificum
1259 2366 1412 2423 ῤ’ήσεως
1432 2383 1606 2418 sonum,
1639 2368 1716 2421 qui

255 2421 306 2460 ad
337 2425 542 2479 tragicum
574 2441 710 2480 prope
747 2425 931 2466 accedat.
1007 2426 1124 2465 Haec
1156 2426 1266 2465 ratio
1301 2425 1405 2478 quid
1439 2440 1462 2465 a
1495 2423 1717 2465 Graeviana

254 2477 449 2532 differat,
480 2496 569 2521 non
603 2482 745 2524 video.
806 2482 894 2521 Aut
922 2483 957 2521 si
977 2481 1143 2530 differt,
1175 2482 1248 2521 illa
1272 2483 1420 2520 melius
1442 2496 1527 2520 rem
1556 2481 1715 2534 tetigit.

257 2532 374 2585 Quid
396 2537 453 2576 sit
478 2540 634 2591 tragica
664 2538 835 2579 dicendi
864 2540 996 2589 ratio,
1032 2537 1168 2577 discas
1195 2553 1218 2578 e
1239 2537 1578 2591 Necyomantiae
1601 2536 1718 2590 prin·

258 2590 399 2654 cipio,
432 2593 508 2632 ubi
539 2595 753 2659 Menippo
781 2595 895 2634 varia
925 2593 1138 2649 Euripiclca
1161 2609 1254 2633 cum
1283 2592 1505 2648 magnifica
1535 2592 1717 2645 quadam

259 2647 466 2698 gravitate
487 2651 597 2700 (mit
620 2651 873 2691 vornehmer
894 2651 1098 2690 Steifheit
1118 2650 1208 2689 und
1226 2648 1626 2714 Abgemessenheit)
1647 2647 1718 2687 de·

258 2703 456 2741 clamanti
477 2705 645 2745 tandem
663 2707 911 2748 Philonides
932 2710 1154 2747 acclamat:
1188 2711 1365 2757 Παῦσαι,
1395 2703 1576 2762 μακάριε,
1599 2722 1721 2761 τραγ-
