1834 3188
337 231 388 263 m
425 230 663 270 Quomono
698 229 934 261 111sT01uA
971 228 1046 260 sn·
1082 228 1282 263 cONscR.
1444 219 1542 266 619

82 329 184 370 ciat.
242 328 459 368 Existimo
487 327 706 382 scripsisse
731 328 980 368 Lucianum:
1013 329 1215 376 Κίνὸυνος
1242 326 1318 383 γὰρ
1341 324 1444 387 αὐτῇ
1461 326 1545 374 τότε

84 388 263 442 μέγιστος
285 390 554 439 παρακινῆσαι
567 417 579 436 ,
609 386 677 426 καὶ
696 389 985 438 κατενεχθῆναι
1007 386 1046 434 ἐς
1065 382 1136 427 τὸν
1155 390 1226 437 τῆς
1246 392 1462 439 ποιητικῆς
1477 405 1545 429 κο·

82 441 283 500 ρύβαντα,
311 442 530 496 periculum
562 452 654 482 tunc
682 443 902 480 maximum
927 452 1004 491 est,
1036 458 1083 481 ne
1112 453 1235 481 mente
1265 446 1477 493 movearis,
1509 456 1546 483 et

81 502 312 554 corripiaris
328 499 587 539 enthusiasmo
604 500 772 553 poztico.
819 498 1010 553 Κόρυβας
1032 497 1104 537 hic
1123 498 1453 554 κορυβαντισμὸς,
1485 502 1547 543 ε’ν-

81 554 351 609 θουσιασμός.
411 556 613 608 Sequitur
641 555 807 596 statimz
830 552 958 603 ’”.Ωςτε
977 553 1146 610 μάλιστα
1166 558 1345 598 πειστέον
1360 562 1547 610 τηνικαῦ·

82 632 131 656 τα
152 618 208 670 τῷ
225 616 372 667 χαλινῷ
383 645 394 662 ,
425 613 492 654 καὶ
514 612 822 664 σωφρονητέον,
856 611 1010 662 εἰδότας
1028 609 1081 661 ὧς
1100 615 1324 666 ἱπποτυφία
1341 631 1400 663 τις
1415 615 1482 655 καὶ
1504 616 1547 656 ἐν

82 669 221 726 λόγοις
250 668 389 718 πάθος
421 663 469 711 οὗ
504 668 649 722 μικρὸν
677 670 839 723 γίνεται.
910 669 1162 709 Verterunt:
1209 671 1338 722 Quare
1369 674 1547 710 maxime

83 738 179 768 tunc
193 726 342 783 fraeno
362 724 614 775 credendum,
647 736 681 764 et
697 726 848 764 ratione
865 725 1074 777 utendum5
1103 725 1206 766 illud
1226 730 1406 777 scientes,
1440 727 1548 782 quod

82 786 178 824 etin
202 783 327 822 verbis
355 798 433 822 non
455 781 649 821 mediocre
667 780 815 820 malum
836 792 911 832 est,
941 784 1073 821 inanis
1090 782 1245 835 gloria,
1277 801 1342 823 seu
1359 784 1549 838 hippoiy-

80 841 191 896 phia.
238 840 340 879 Non
364 847 530 891 poterat
557 837 790 878 infelicius,
852 838 1074 887 Nescivit,
1109 840 1213 891 quid
1232 840 1289 878 sit
1308 843 1549 893 ἱπποτυφία,

83 905 299 951 praeterea
321 897 428 934 male
447 896 488 936 ἐν
510 892 646 949 λόγοις
665 894 971 948 interpretatur
991 897 1032 933 in
1048 897 1185 945 verbis,
1201 910 1293 934 cum
1316 897 1373 935 sit
1390 898 1435 935 in
1456 911 1548 936 ora-

84 954 204 992 tione
235 950 417 1005 pedibus
447 953 614 998 soluta,
644 964 753 1004 quae
778 960 819 990 et
841 950 1048 1004 pedestris
1077 950 1258 1002 dicitur,
1292 963 1334 992 et
1364 954 1548 1006 opponi-

83 1020 154 1048 tur
172 1008 378 1062 poeticae.
433 1003 683 1060 Ἰπποτυφία
701 1007 915 1064 estfastus
934 1007 1003 1047 ille
1017 1009 1219 1061 po'e'ticus:
1246 1009 1309 1048 sic
1334 1010 1447 1049 enim
1473 1025 1549 1048 vo-

83 1065 199 1105 cavit
224 1062 399 1120 grandia
424 1063 578 1112 verba,
612 1062 768 1118 quibus
792 1069 946 1117 poetae
976 1074 1159 1103 utuntur
1181 1080 1274 1104 cum
1297 1065 1444 1117 laude,
1475 1065 1549 1105 sed

79 1135 188 1177 quae
217 1120 378 1160 vitiant
399 1120 637 1160 orationem
667 1134 850 1173 prosam.
909 1120 1198 1174 Aristophanes
1226 1133 1349 1161 vocat
1367 1122 1549 1177 ἱπποβά-

80 1195 187 1233 μονα
212 1175 390 1231 ῥήματα,
422 1176 506 1215 hoc
529 1187 614 1227 est,
645 1179 836 1231 equestria
867 1176 1004 1225 verba,
1037 1193 1136 1231 quae
1154 1195 1260 1218 more
1279 1195 1463 1233 equorum
1479 1182 1549 1218 in-

81 1234 246 1285 cedunt,
279 1233 361 1272 hoc
381 1242 466 1281 est,
498 1230 659 1286 ὖψηλᾶ,
692 1233 881 1286 grandia.
943 1232 1064 1271 Alibi
1089 1233 1200 1273 idem
1223 1234 1331 1274 dicit
1352 1233 1550 1289 ἴππόκρη.

81 1309 162 1344 μνα
181 1290 349 1343 ῥήματα,
376 1290 494 1328 verba
509 1290 685 1343 grandia
703 1292 830 1329 instar·
847 1289 1059 1344 grandium
1081 1293 1247 1344 rupium,
1281 1292 1451 1331 Latinis
1474 1309 1550 1331 ses·

82 1346 336 1403 quipedalia:
377 1346 489 1384 sicut
518 1347 630 1385 enim
660 1348 798 1384 soluta
829 1345 1035 1399 pedestris
1075 1357 1275 1397 vocatur,
1318 1349 1381 1387 sio
1411 1349 1549 1387 oratio

85 1403 265 1458 pedibus
288 1403 418 1458 ligata
444 1403 666 1456 equestris,
687 1400 838 1451 ’Ἵππος
857 1413 898 1441 et
920 1405 1018 1457 βοῦς
1039 1402 1150 1455 apud
1165 1404 1349 1443 Graecos
1371 1405 1414 1443 in
1438 1420 1550 1444 com-

85 1460 243 1515 positis
273 1458 458 1514 augendi
491 1459 575 1498 vim
604 1459 775 1501 habent.
838 1464 1021 1509 Βοώπις,
1055 1473 1162 1513 quae
1191 1460 1369 1514 grandes
1403 1464 1552 1500 oculos

88 1515 232 1556 habet.
293 1514 498 1566 Βούπαις,
531 1515 765 1564 catulaster,
799 1516 843 1554 in
880 1515 1032 1569 glossis
1060 1525 1101 1555 et
1133 1517 1244 1569 apud
1281 1517 1551 1564 orientium,

88 1572 133 1613 h.
154 1587 191 1612 e.
210 1574 345 1626 major
368 1586 494 1625 puer,
526 1572 600 1624 qui
623 1573 782 1624 incipit
805 1573 1012 1610 catullire.
1072 1572 1143 1611 Sic
1163 1572 1464 1628 ἵππαλεκτρύων
1490 1582 1554 1611 est

84 1642 264 1683 magnus
305 1631 467 1683 gallus;
518 1627 816 1683 ἷππογνώμων,
858 1625 1198 1682 μεγαλογνῶμων,
1250 1630 1324 1683 qui
1361 1633 1470 1669 elate
1512 1638 1555 1668 et

89 1685 312 1739 magnifice
335 1684 385 1724 de
410 1699 454 1725 se
484 1685 638 1734 sentit3
669 1694 710 1724 et
731 1685 812 1723 alia
836 1687 968 1723 multa
991 1684 1118 1738 hujus
1140 1696 1282 1727 notae.
1342 1687 1414 1727 Sic
1437 1689 1556 1728 ἱππο-

90 1744 216 1794 τυφία
237 1751 299 1780 est
323 1755 499 1794 magnus
517 1742 675 1791 fastus,
707 1751 748 1780 et
767 1741 811 1779 in
835 1741 1030 1780 oratione
1054 1744 1197 1781 nimius
1217 1754 1250 1782 et
1274 1745 1405 1782 inanis
1422 1742 1556 1782 verbo·

93 1815 177 1841 rum
205 1808 346 1836 tumor.
388 1798 567 1836 ΘΒΜ-ιν.
627 1796 981 1836 Emendationem
1012 1796 1168 1837 Graevii
1194 1799 1330 1837 firmat
1360 1798 1467 1837 Cod.
1501 1798 1557 1839 L.

91 1854 291 1908 Impressi
316 1853 510 1906 plerique
542 1854 730 1902 κίνδυνος
754 1877 801 1884 -
823 1855 1018 1907 μέγιστον.
1078 1855 1142 1893 Μ.
1166 1865 1206 1894 et
1238 1855 1274 1897 J.
1293 1856 1558 1897 κίνδυνον-

93 1912 289 1968 μέγιστον.
321 1910 489 1951 SOLAN.
548 1910 704 1951 Lectio
738 1912 932 1958 κίνδυνος
952 1910 1209 1965 -μὲγιστον
1234 1925 1321 1950 non
1354 1922 1417 1950 est
1437 1912 1557 1962 inep-

94 1978 161 2011 ta:
193 1981 288 2005 nam
312 1966 460 2008 Neutr.
479 1965 576 2019 Adj.
600 1976 707 2005 esset
737 1965 1038 2006 adverbialiter
1068 1967 1280 2019 positum,
1316 1977 1357 2006 et
1384 1977 1560 2006 verten-

93 2024 216 2074 dum,
250 2026 361 2065 non:
393 2039 460 2071 ne,
494 2021 601 2081 quod
619 2025 840 2062 maximum
862 2033 939 2072 est,
973 2022 1020 2061 cle
1037 2034 1142 2063 statu
1161 2028 1298 2064 meniis
1318 2034 1557 2074 emoveaiur;

94 2079 165 2120 sed
197 2079 365 2133 potius:
397 2096 442 2118 ne
473 2082 650 2119 maxime
670 2089 750 2120 etc.
782 2080 902 2119 Run.
964 2080 1034 2120 Sic
1059 2093 1143 2133 quo
1169 2081 1308 2118 minus
1335 2080 1558 2131 capiantur

94 2135 235 2185 verba,
259 2136 504 2191 gravissime
526 2136 729 2190 prohibet
747 2134 814 2186 τό,
841 2153 900 2183 τε,
934 2135 1048 2188 quod
1071 2137 1152 2177 vim
1177 2136 1458 2175 adverbialem
1482 2136 1559 2173 mi-

97 2193 210 2232 nime
232 2192 408 2245 patitur.
467 2192 537 2231 Anv
556 2191 644 2234 τότε
663 2193 748 2246 legi
771 2195 861 2231 vult
882 2192 1153 2245 Rudolplzus?
1183 2193 1289 2232 Dici
1311 2193 1392 2231 hoc
1412 2194 1557 2231 saltem

97 2247 293 2292 debebat,
350 2249 460 2288 Nam
481 2263 564 2287 una
591 2259 755 2292 tantum
778 2249 886 2288 Junt.
909 2249 971 2287 sic
991 2249 1180 2290 exhibet.
1241 2251 1299 2288 Et
1320 2249 1447 2287 unice
1466 2248 1559 2300 qui-

96 2305 190 2344 dem
212 2315 338 2344 recte.
396 2304 505 2344 Nam
532 2303 603 2355 τό,
631 2322 673 2347 τε
701 2306 903 2359 μέγιστον,
936 2305 980 2345 iel
998 2305 1106 2360 quod
1129 2308 1349 2346 maximum
1369 2315 1446 2353 est,
1478 2305 1560 2343 im-

96 2360 217 2416 pedit
238 2362 499 2410 orationem,
531 2376 610 2401 nec
630 2378 671 2403 τε
691 2361 867 2400 omnino
888 2364 1026 2400 locum
1049 2361 1200 2403 habere
1223 2363 1378 2415 potuit.

104 2420 106 2422 ’
210 2417 358 2462 Ead.1.
381 2422 446 2461 14.
482 2417 745 2472 Κορύβαντα)
779 2417 1152 2472 Κορυβαντιασμόν.
1195 2420 1373 2459 wa.

218 2474 320 2516 Ibicl.
366 2476 609 2516 Πειστέον
637 2498 694 2505 —
723 2480 787 2524 τῷ
815 2476 1034 2531 χαλινῷ]
1068 2475 1249 2529 Interpr.
1282 2476 1460 2528 inprimis
1487 2489 1561 2513 est·-

99 2531 321 2571 audiendae
339 2542 425 2570 sunt
448 2531 629 2571 habenae.
689 2530 768 2569 Sed
789 2531 891 2585 quid
924 2531 1005 2569 hoc
1031 2531 1112 2569 sibi
1136 2531 1260 2571 vult?
1295 2531 1390 2570 alii:
1409 2532 1560 2587 fraeno

104 2588 348 2630 credendum.
422 2587 659 2635 Nimirum,
709 2588 936 2639 plurimum
971 2588 1146 2626 habenis
1176 2599 1237 2627 est
1267 2585 1559 2635 tribuendum,

107 2644 288 2684 maxime
319 2653 417 2682 sunt
450 2643 725 2682 adhibendae.
769 2645 885 2682 Run.
958 2644 1006 2681 Id
1043 2644 1180 2696 ipsum
1212 2643 1397 2683 Gesner-us
1422 2643 1562 2682 voluit

111 2701 240 2741 verbo
264 2700 476 2749 exaudire,
509 2701 604 2738 licet
629 2699 870 2750 metaphora
898 2713 980 2755 non
1005 2700 1220 2750 aptissima
1244 2714 1356 2739 usus.
1403 2701 1560 2738 Lssum.

223 2758 321 2811 Pag.
346 2763 442 2802 217,
470 2760 497 2797 l·
523 2763 559 2800 1.
582 2754 828 2809 ’Ἄμεινον
860 2757 972 2808 οὐν]
1008 2757 1123 2798 Haec
1153 2756 1352 2811 allegoria
1383 2757 1562 2796 fortasse
