1834 3188
329 246 394 292 12

802 252 1209 286 LUCIANI

183 372 220 404 p.
235 368 312 405 745-
327 357 481 411 ἔσχετο,
513 350 563 397 οὗ
595 351 734 409 μόνον’.
760 350 911 406 σοφὸς,
945 349 1043 394 ἀλλὰ
1071 352 1140 394 καὶ
1167 351 1356 405 μαντικός
1387 351 1462 406 ὦν,
1491 350 1521 408 ἢ
1541 369 1709 412 χρησμο-

357 422 367 437 r
595 421 614 435 ’n
645 420 667 434 4-1
799 419 807 434 Ὶ
1000 424 1009 437 t
1087 420 1098 438 Ρ
1189 419 1199 433 ¹
1334 423 1345 438 ν
1383 424 1393 438 ι

322 430 442 480 λογος
473 441 554 472 τις,
586 441 611 476 η
645 437 734 464 οσοι
764 438 835 469 τας
855 424 1068 463 Χαλδαιων
1100 424 1300 475 μεθοδους
1328 437 1575 476 επιστανται,·
1608 425 1710 477 φασὶ

318 497 421 548 γοῦν
443 493 586 534 εἰδέναι
605 489 652 532 τὰ
673 494 850 531 τοιαῦτα.
885 485 933 530 οὗ
954 487 1029 544 γὰρ
1052 486 1101 541 δὴ
1122 490 1164 531 σέ
1184 506 1225 544 γε
1252 487 1371 538 εἰκός,
1398 491 1460 532 ἐπὶ
1481 497 1538 548 τῷ
1559 487 1708 545 οῗδήλῳ,

185 564 364 611 Ρ.74.6.εἰ
392 558 520 617 βιώσῃ
538 556 584 614 q)
615 558 724 612 μέχρι
752 555 854 611 πρὸς
880 555 953 610 τὴν
985 554 1154 612 ἀρετὴν,
1185 554 1401 606 τοςούτους
1433 555 1588 608 πόνους
1606 557 1707 602 ἀνέ-

323 636 483 684 χεσθαι,
513 629 579 670 καὶ
597 631 862 680 ταλαιπωρεῖν
881 623 1039 678 νύκτωρ
1061 625 1127 666 καὶ
1149 623 1246 678 μεθ’
1265 623 1430 679 ἡμέραν,
1465 622 1538 668 οὐκ
1559 626 1703 678 εἰδότα,

324 700 364 740 εἴ
387 712 430 739 σε
451 698 621 749 πλησίον
640 691 717 747 ἤδη
747 699 819 735 τοῦ
839 692 967 747 ἄκρου
994 691 1211 748 γενόμενον
1240 691 1283 735 τὸ
1304 693 1432 748 χρεών
1454 693 1614 737 ἐπιστὰν
1637 713 1708 738 κα-

323 761 540 814 τασπάσει,
573 761 797 818 λαβόμενον
815 765 888 803 τοῦ
913 759 1062 810 ποδὸς,
1092 762 1131 810 ἐξ
1148 759 1311 811 ἀτελοῦς
1331 768 1401 815 τῆς
1424 764 1594 811 ἐλπίδος.

441 860 580 897 EPM.
608 853 770 909 ’Ἄπαγε
810 850 995 906 δύςφημα
1015 850 1090 908 γὰρ
1108 857 1251 900 ταῦτα,

1615 852 1687 872 ²⁷1

1285 853 1496 895 ώΛυκῖνε.
1538 849 1610 895 ἆλλ
1647 871 1708 909 ειη

323 929 491 981 βιῶναι,
525 921 577 974 ὥς
596 925 690 976 μίαν
711 926 808 979 γοῦν
825 919 977 976 ’ἡμέραν
998 919 1275 975 εὐδαιμονήσω
1289 953 1300 971 ,
1335 919 1464 974 σοφὸς
1481 919 1708 977 γενόμενος.

435 1019 569 1056 ΛΤΚ.
613 1014 693 1055 Καὶ
721 1010 838 1066 ἱκανή
862 1027 927 1055 σοι
946 1010 1035 1054 αντὶ
1052 1030 1130 1054 των
1156 1010 1357 1061 τοςούτων
1381 1031 1569 1068 καματων
1588 1032 1614 1068 η
1637 1015 1708 1069 μία

321 1102 395 1138 ⁹15st
394 1101 473 1138 ’ἔρα

441 1159 578 1196 EPM.
605 1151 718 1208 Ἐμοὶ
740 1153 810 1207 μὲν
827 1153 894 1194 καὶ
914 1148 1126 1208 ἀκαριαῖον
1142 1149 1296 1195 οπόσον
1316 1152 1470 1195 ἱκανόν.

435 1239 568 1277 AYK.
620 1231 677 1274 To}
708 1233 749 1274 δὲ
775 1229 821 1284 δὴ
849 1231 933 1272 ἅνω
969 1231 1027 1273 ὅτι
1056 1228 1295 1285 εὐδαίμονα,
1333 1234 1400 1274 καὶ
1431 1237 1617 1283 τοιαῦτα,
1652 1231 1708 1283 ὥς

321 1302 456 1347 πάντα
475 1307 575 1357 χρῆν
605 1298 818 1353 ὑπομεῖναι
848 1296 904 1340 δι’
933 1297 1057 1350 αὐτὰ,
1089 1298 1219 1343 πόθεν
1246 1302 1343 1355 ἔχεις
1365 1301 1530 1353 εἰδέναις
1563 1296 1611 1344 οὗ
1632 1298 1709 1357 γάρ

323 1371 375 1428 δὴ
401 1367 519 1424 αὐτός
539 1387 602 1415 πω
627 1365 890 1423 ἀνελήλυθας,

413 1509 524 1552 τερον
542 1496 639 1529 male
657 1495 739 1528 F1.“

797 1494 845 1539 q)
865 1490 1044 1549 βιώσῃ]
1072 1490 1187 1540 βιῴης
1203 1495 1300 1537 conj.
1320 1495 1398 1528 Bel.
1416 1501 1458 1530 ut
1478 1495 1577 1530 infra
1594 1509 1626 1531 c.
1645 1505 1702 1541 55.

415 1542 534 1600 βιῴη,
560 1542 624 1575 ubi
655 1553 722 1586 pro
750 1536 797 1584 ἣν
824 1537 874 1583 μή
900 1559 943 1564 -
968 1538 1060 1586 βιῴη
1087 1541 1185 1574 idem
1215 1541 1361 1573 Belinus-
1390 1542 1463 1586 legi
1502 1544 1644 1576 mavult
1672 1545 1707 1578 εἰ

412 1589 463 1636 μή
491 1610 532 1614 -
556 1586 662 1635 βιῴη

413 1636 576 1681 get-rima
594 1634 719 1667 lectio.

711 1588 793 1619 Hoc
815 1587 964 1630 quidem
985 1587 1068 1619 loco
1091 1599 1168 1620 non
1197 1594 1272 1630 est,
1300 1587 1400 1632 quod
1419 1594 1584 1621 mutetur
1602 1597 1703 1622 mte-

772 1632 829 1665 Cf.
852 1632 981 1673 verba‚
1009 1644 1102 1677 quae
1122 1644 1207 1665 mox
1224 1640 1452 1678 sequuntur.
1479 1630 1547 1669 οὐκ
1563 1633 1702 1679 εἰδότα,

415 1685 454 1718 εἰ
470 1694 505 1717 σε
530 1701 574 1705 -
597 1676 842 1722 κατασπάσει,
868 1679 940 1712 nisi
960 1658 1058 1712 f⁷orte
1076 1679 1215 1712 ethaeo
1234 1691 1318 1712 cum
1340 1681 1483 1721 Belum,
1508 1682 1577 1714 sibi
1599 1683 1705 1715 scili-

414 1735 474 1762 cet
493 1732 698 1766 constante,
724 1725 949 1768 lesingenda,
978 1732 1013 1758 et
1033 1722 1258 1760 κατασπάσει
1279 1737 1317 1758 m
1338 1724 1537 1773 κατασπῴη
1555 1734 1705 1761 mutan-

415 1775 518 1819 dum,
544 1785 620 1807 esse
640 1772 757 1808 dicas'
784 1775 832 1804 At
845 1771 988 1805 intacta
1006 1778 1129 1805 tamen
1146 1772 1239 1805 haec
1257 1772 1409 1817 reliquit
1428 1785 1485 1806 ars
1495 1774 1702 1811 Be'lzniana.

319 1893 534 1933 victurum
556 1890 757 1944 magister
778 1889 860 1928 tibi
882 1899 980 1927 tuus

319 1948 540 2002 promisit,
587 1962 663 1986 ceu
691 1961 777 1984 non
811 1946 981 1998 sapiens

318 2005 469 2053 modo,
504 2003 574 2043 sed
607 2003 778 2041 divinus
809 2002 980 2055 quidam

321 2073 395 2099 aut
416 2060 635 2108 fatidicus,
671 2069 742 2097 aut
763 2073 815 2097 ex
837 2073 979 2097 eorum

319 2131 495 2155 numero
526 2115 709 2168 aliquis,
749 2115 820 2168 qui
852 2114 980 2153 Cha!-

321 2172 522 2211 daeorum
559 2172 744 2210 rationes
787 2170 979 2209 norunt?

321 2232 441 2280 ajunt
496 2230 654 2282 quippe
708 2228 813 2266 scire
863 2227 978 2267 talia.

319 2285 471 2338 Neque
494 2286 604 2324 enim
631 2285 721 2323 veri
743 2283 879 2321 simile
904 2293 979 2329 est,

320 2350 363 2378 te
387 2341 509 2379 rebus
534 2340 732 2389 incertis,
765 2354 816 2377 an
850 2340 979 2377 vitam

321 2396 372 2434 ad
404 2397 602 2436 virtutem
641 2410 776 2448 usque
805 2395 979 2448 perduc·

320 2462 441 2491 turus
470 2454 547 2502 sis,
594 2462 659 2491 tot
691 2451 855 2491 labores
890 2466 979 2490 sus-

320 2509 477 2558 tinere,
522 2518 561 2547 et
592 2509 801 2547 aerumnis
834 2509 979 2547 vexari

320 2574 467 2603 noctes
489 2579 532 2602 ac
553 2563 653 2613 dies,
689 2579 778 2602 cum
800 2565 976 2614 nescias,

320 2635 373 2658 an
406 2635 490 2659 non
516 2631 554 2658 te
585 2623 663 2672 jam
699 2634 830 2673 p1opc
861 2621 979 2658 fasti-

320 2677 437 2728 gillln
472 2677 877 2725 (²111X111n7i115t'1ns
907 2678 980 2713 ffl—

318 2742 407 2769 tum
448 2748 498 2771 ex
535 2733 875 2784 i111perfect1spe
907 2747 979 2785 pe-

319 2787 370 2827 de
392 2788 647 2842 prehensum
670 2787 875 2826 detrahat.

1095 1888 1234 1928 Herm.
1268 1888 1428 1943 Apage.
1459 1889 1558 1928 mali
1587 1890 1702 1929 enim

1041 1946 1198 1984 ominis
1225 1955 1324 1983 sunt
1347 1946 1450 1985 ista:
1483 1946 1556 1984 sed
1585 1947 1702 1986 vive-

1039 2016 1083 2040 re
1124 2002 1273 2048 liceat,
1326 2012 1374 2040 ut
1409 2017 1541 2040 unum
1586 2013 1699 2042 certe

1040 2057 1149 2097 diem
1174 2058 1407 2110 sapientiae
1426 2058 1699 2112 possessione

1038 2113 1185 2153 beatus
1214 2115 1304 2156 sim,

1096 2194 1198 2248 Lyc.
1232 2195 1292 2231 Ac
1312 2194 1414 2232 satis
1433 2194 1514 2233 tibi
1535 2204 1597 2233 est
1619 2209 1697 2247 pro

1039 2259 1106 2290 tot
1126 2249 1344 2288 laboribus
1367 2266 1476 2289 unus
1494 2252 1564 2290 ille
1577 2250 1698 2290 dies?

1095 2329 1234 2369 Herm.
1267 2329 1386 2368 Mihi
1419 2329 1590 2382 quidem
1619 2330 1697 2366 mi-

1038 2396 1141 2424 nuta
1166 2386 1355 2438 quamvis
1384 2386 1584 2439 temporis
1604 2399 1700 2438 par-

1040 2442 1171 2480 ticula
1197 2443 1297 2480 satis
1326 2452 1404 2481 est.

1095 2509 1197 2563 Lyc.
1247 2510 1404 2559 Supera
1440 2518 1578 2548 autem
1622 2509 1696 2548 illa

1039 2566 1157 2606 beata
1180 2579 1279 2612 esse,
1307 2578 1353 2602 ae
1377 2566 1489 2614 talia,
1522 2576 1696 2617 propter

1041 2636 1148 2676 quae
1178 2632 1383 2660 susunere
1424 2636 1564 2660 omma
1595 2636 1696 2659 con-

1039 2681 1194 2715 sultum
1227 2677 1304 2725 sit,
1337 2677 1449 2715 unde
1472 2688 1593 2730 potes
1616 2677 1697 2718 sci-

1037 2733 1114 2772 re?
1156 2746 1293 2784 neque
1323 2733 1434 2772 onim
1475 2734 1565 2787 ipse
1608 2748 1696 2772 un·-

1038 2803 1161 2843 quam
1186 2788 1456 2831 adscendisti.
