1834 3188
438 170 1134 203 'rYRANN101nA.
1382 162 1480 207 333

99 274 228 324 ἐστίνς
258 271 296 314 εἶ
314 265 371 313 δι’
394 270 459 323 ε’μὲ
475 267 519 312 τὸ
551 265 687 324 μηκέτ’
707 265 810 311 εἶναι
837 268 936 321 ἕχει,-
967 268 1051 310 ἒπεὶ
1072 265 1233 325 κᾷκεῖνο
1254 267 1532 324 προςεξετᾶ-Ρ-
1551 278 1627 315 148·

102 355 188 384 σειν
211 357 280 394 μοι
300 342 450 388 δοκεῖς,
482 338 548 379 καὶ
571 335 897 391 συκοφαντήσειν
918 334 1014 385 τούς
1034 332 1258 416 εὐεργέτας,
1301 339 1340 379 εἴ
1353 354 1411 387 τις
1429 336 1483 391 μὴ

100 411 230 461 ξίφει,
265 405 360 449 ἆλλᾶ
377 408 503 461 λίθῳ,
534 402 563 458 ’ἢ
580 405 702 459 ξυλῳ,
734 403 763 459 ἢ
781 403 884 447 ἅλλω
904 423 958 460 τῳ
976 405 1020 460 a)
1051 403 1184 462 τρόπῳ
1203 401 1416 448 ἀπέκτεινε.
1447 408 1487 447 τί

103 477 145 518 δὲ
164 471 236 527 b),
269 478 305 518 εἰ
319 478 421 531 λιμῷ
442 472 753 528 ἐξεπολιόρκησα
771 472 842 516 τὸν
863 471 1089 526 τύραννον,
1121 471 1193 526 τὴν
1215 469 1397 528 ἆνάγκην
1417 474 1488 526 τῆς

102 549 282 597 τελευτῆς
299 543 503 597 παρέχων,
536 539 701 599 ἀπῄτεις
724 540 774 584 ἂν
805 543 872 583 καὶ
895 538 982 583 τότε
1014 535 1118 595 παρ’
1153 542 1254 594 ε’μοῦ
1277 538 1485 596 αὐτόχειρα

102 611 176 666 τὴν
204 608 389 666 σφαγήν,·
419 608 448 663 ἢ
472 613 598 654 ἐνδεῖν
617 612 743 665 ἔλεγές
762 627 828 663 μοι
847 627 883 651 τι
910 606 1014 662 πρὸς
1032 607 1103 651 τὸν
1123 606 1272 663 νόμους
1303 609 1368 650 καὶ
1388 614 1485 650 ταῦ-

102 697 174 730 τα,
204 678 478 733 χαλεπώτερον
496 684 568 721 τοῦ
582 676 815 734 κακούργου
835 678 1168 730 πεφονευμένου,-
1195 680 1241 719 ‘gv
1258 677 1387 729 μόνον
1410 678 1481 727 ἐξέ-
1497 687 1532 720 Ρ·
1554 687 1626 722 ¹49-

101 751 214 797 ταζε,
245 751 362 789 τοῦτο
396 744 574 797 ἀπαίτει,
617 751 737 788 τοῦτο
771 743 1120 800 πολυπραγμόνει,
1163 747 1220 794 τίς
1253 751 1331 787 τῶν
1358 762 1486 798 πονη-

105 820 188 871 ρῶν
216 816 407 866 λείπεται,
452 812 480 867 ἢ
512 817 571 863 τίς
596 815 704 863 ε’λπὶς
734 819 808 856 τοῦ
836 813 992 868 φόβου,
1031 810 1060 866 ἦ
1091 816 1128 855 τί
1158 810 1376 867 ὑπόμνημα
1404 817 1487 855 τῶν

107 885 353 935 συμφορῶνς
385 884 420 924 εἰ
438 883 478 924 δὲ
499 881 662 937 καθαροὶ
679 881 831 934 πάντα,
862 883 929 924 καὶ
948 880 1152 935 εἰρηνικὰ,
1186 886 1489 934 συκοφαντοῦν-

103 949 172 999 τός
187 950 266 991 ε’στι
282 953 338 1005 τῷ
360 948 497 1005 τρόπῳ
521 955 602 992 ταῖν
618 951 905 1006 πεπραγμένων
925 946 1132 1004 χρώμενον
1149 952 1164 969 ⁰
1179 948 1194 1004 )
1209 981 1220 1000 ,
1252 947 1489 1002 ἀποστερεῖν

103 1018 256 1061 ἐθέλειν
272 1015 346 1070 τὴν
367 1018 430 1060 ε’πὶ
450 1024 531 1068 τοῖς
546 1019 838 1071 πεπονημένοις
867 1015 1035 1071 δωρεάν.
1090 1013 1194 1072 Ἐγώ
1220 1018 1262 1060 δὲ
1285 1020 1349 1060 καὶ
1370 1022 1486 1060 τοῦτο
1513 1020 1566 1058 12

103 1087 305 1141 μέμνημαι
328 1088 637 1140 διηγορευμένον
657 1087 698 1128 ἐν
716 1091 800 1135 τοῖς
826 1083 992 1138 νόμοις,
1026 1084 1139 1135 ἐκτὸς
1174 1088 1210 1128 εἰ
1237 1084 1290 1138 μή
1322 1086 1387 1128 διὰ
1413 1083 1486 1137 τὴν

101 1153 255 1208 πολλὴν
277 1156 466 1195 δουλείαν
485 1155 740 1208 ἐπιλέλησμαι
768 1157 847 1195 τῶν
867 1154 908 1194 ἒν
927 1152 1064 1203 αὐτοῖς
1085 1155 1324 1208 εἰρημένων,
1360 1155 1488 1202 αἰτίας

100 1221 286 1264 θανάτου
307 1220 408 1264 εἶναι
427 1221 576 1272 διττὰς,
609 1224 721 1270 εἴτις
741 1219 859 1270 αὐτὸς
882 1217 1135 1272 α’πέκτεινεν,
1166 1219 1194 1274 η’
1213 1223 1251 1263 εἴ
1264 1239 1322 1269 τις
1340 1220 1392 1274 μὴ
1415 1219 1487 1262 αὗ-

101 1288 170 1340 τὸς
191 1290 261 1344 μὲν
284 1287 506 1341 ἀπέκτεινε,
536 1292 636 1345 μηδὲ
663 1294 710 1346 τῇ
741 1291 843 1345 χειρὶ
879 1290 1017 1344 ἔδρασε
1041 1287 1084 1331 τὸ
1112 1290 1248 1344 ἔργον,
1278 1285 1486 1345 ἠνάγκασε

194 1406 276 1437 Par.
296 1403 396 1436 etc.“
435 1403 572 1436 Aldina
590 1410 746 1448 utraque
762 1401 906 1436 habet
894 1400 1013 1445 ὁπως,
1041 1408 1076 1436 et
1092 1404 1197 1446 prior
1218 1403 1365 1447 quidem
1385 1414 1488 1436 com-

190 1449 347 1493 pendio,
374 1449 491 1483 altera
512 1451 639 1494 plane,
667 1449 859 1493 scriptum.
910 1451 954 1489 a)
980 1453 1064 1494 τῳ]
1089 1462 1138 1482 τω
1160 1450 1200 1482 Β.
1229 1461 1258 1484 1.
1279 1461 1309 1492 3.
1332 1451 1372 1480 A.
1399 1461 1427 1483 1.
1452 1462 1485 1483 2.

193 1500 294 1528 recte
320 1496 579 1530 emendaverat
606 1498 723 1528 Reitz.
750 1496 885 1528 secutis
912 1501 1069 1530 recentt.
1116 1483 1174 1535 h)
1201 1493 1273 1536 δὲ]
1302 1495 1363 1529 δαὶ
1382 1507 1486 1537 3011.

193 1541 310 1573 Belin.
325 1542 438 1575 Schm.
491 1544 531 1585 c)
556 1555 608 1587 χρ
622 1539 710 1584 ώμε
722 1553 743 1575 ν
755 1545 830 1582 ον]
862 1542 1001 1574 Gesner.
1023 1541 1197 1585 conjecit,
1211 1541 1338 1587 quod
1328 1553 1367 1574 m
1382 1541 1487 1576 Gorl.

193 1587 268 1621 alia
284 1598 398 1621 manu
417 1599 531 1633 supra
549 1589 735 1635 scriptum
753 1588 948 1633 reperitur.

105 1690 239 1732 ierit?
281 1691 354 1731 sed
389 1701 532 1731 utrum
563 1706 651 1732 esse
685 1691 768 1732 de·-

101 1746 255 1788 aierit?
277 1758 418 1786 utrum
441 1763 462 1787 a
481 1763 545 1788 me
566 1748 672 1786 illud
692 1749 765 1787 ha-

101 1805 220 1853 beat,
255 1804 370 1858 quod
399 1804 606 1843 desierit?
640 1806 766 1843 Alio-

105 1861 210 1915 quin
245 1860 353 1899 illud
377 1861 505 1900 etiam
539 1861 767 1914 quaesitu-

103 1931 174 1957 rus
193 1916 376 1966 videris,
409 1927 451 1956 et
473 1918 768 1956 calumniatu-

103 1988 176 2013 rus
212 1973 318 2012 bene
347 1973 544 2022 meritos,
595 1975 631 2012 si
671 1975 768 2027 quis

104 2044 193 2068 non
226 2030 363 2080 ferro,
396 2029 467 2068 sed
496 2030 661 2082 lapide,
696 2040 769 2068 aut

105 2086 243 2131 fuste,
276 2095 348 2122 aut
369 2086 453 2123 alio
475 2085 602 2124 modo
627 2087 770 2125 inter-—

106 2140 271 2180 fecerit.
335 2140 453 2195 Quid
479 2156 579 2181 vero
605 2142 640 2180 si
658 2143 768 2182 fame

105 2211 413 2250 expugnassem
436 2207 678 2248 tyrannum,
697 2198 769 2237 ob-

104 2257 214 2308 jecta
234 2253 299 2291 illi
319 2253 568 2292 necessitate
585 2254 769 2293 morien-

107 2309 175 2360 di,
217 2308 428 2361 numquid
461 2319 548 2347 tum
584 2310 709 2348 etiam
746 2325 767 2348 a

105 2380 172 2405 me
191 2380 431 2418 reposceres
453 2365 620 2404 eaedem
636 2380 770 2417 ¹manu

106 2437 198 2462 mea
221 2423 399 2467 factam,
432 2432 504 2460 aut
528 2420 670 2460 deesse
693 2423 768 2460 ali·

110 2477 215 2531 quid
234 2478 339 2516 mihi
363 2477 522 2516 diceres
538 2477 587 2515 ad
601 2481 733 2531 legem
748 2477 768 2515 ἱ)

111 2533 255 2587 idque,
278 2535 379 2574 licet
402 2533 638 2572 difficiliori
664 2549 771 2572 mor-

111 2590 167 2628 tis
209 2604 360 2643 genere
410 2591 662 2630 interfectus
715 2591 770 2628 sit

110 2645 323 2684 maleficus
338 2647 358 2685 ἱ)
405 2646 524 2700 Quin
556 2657 603 2685 tu
637 2661 768 2684 unum

110 2704 245 2740 solum
267 2703 465 2756 exquire3
497 2701 603 2742 illud
628 2717 771 2756 repos-

825 1707 897 1739 ce;
933 1692 1044 1731 circa
1070 1691 1178 1731 illud
1206 1691 1398 1731 curiosus
1420 1705 1489 1729 es-

824 1758 895 1788 to:
930 1749 1025 1802 quis
1056 1749 1284 1801 impiorum
1313 1747 1486 1787 relictus

824 1804 914 1843 sit?
954 1815 1027 1843 aut
1051 1819 1158 1858 quae
1180 1815 1314 1843 metus
1340 1804 1488 1857 suspi-

826 1861 892 1900 cio
912 1860 932 1899 ?
966 1871 1038 1899 aut
1061 1861 1174 1914 quod
1200 1860 1487 1899 calamitatum

825 1917 1180 1957 monumentum?
1217 1918 1260 1955 Si
1287 1931 1385 1955 vero
1412 1931 1490 1969 pu-

825 1988 869 2012 ra
894 1975 1061 2022 omnia,
1098 1984 1139 2011 et
1161 1983 1332 2026 pacata;
1367 1976 1491 2010 calu-

818 2031 1049 2069 511niatoris
1072 2039 1156 2079 est,
1191 2029 1317 2068 modo
1351 2038 1394 2067 et
1425 2044 1490 2067 ra-

827 2087 946 2126 tione
979 2087 1185 2126 facinoris
1224 2085 1273 2123 ad
1310 2084 1393 2123 hoc
1422 2085 1488 2123 uti

826 2146 958 2192 velle,
1008 2153 1055 2181 ut
1084 2143 1332 2195 intercipias
1362 2155 1491 2194 prae-

826 2199 956 2237 mium
970 2199 1191 2238 laboribus
1206 2199 1488 2251 propositum.

828 2254 946 2307 Quin
969 2270 1046 2310 ego
1069 2256 1151 2293 hoc
1182 2256 1305 2293 etiam
1333 2253 1488 2291 diserte

829 2310 987 2349 dictum
1022 2313 1065 2349 in
1092 2312 1257 2364 legibus
1288 2309 1486 2357 memini,

827 2367 911 2404 nisi
940 2382 1013 2419 per
1038 2371 1209 2420 longam
1238 2366 1489 2405 servitutem

828 2436 992 2472 eorum,
1027 2437 1134 2477 quae
1155 2422 1379 2468 dicuntur,
1416 2421 1490 2460 ob-

827 2479 933 2516 litus
972 2493 1086 2527 sum,
1138 2492 1304 2516 caussas
1343 2478 1488 2516 mortis

829 2548 917 2572 esse
943 2534 1177 2586 duplicess
1205 2535 1239 2572 si
1270 2534 1364 2588 quis
1398 2534 1489 2586 ipse

828 2589 1070 2640 interfecit3
1112 2601 1183 2629 aut
1204 2590 1238 2628 si
1268 2592 1359 2642 ipse
1395 2591 1489 2643 qui·

830 2645 920 2683 dem
955 2661 1041 2686 non
1068 2647 1309 2690 interfecit,
1350 2661 1489 2699 neque

828 2717 955 2740 manu
968 2704 1232 2756 perpetravit
1244 2717 1372 2756 opus;
1395 2708 1489 2742 coe-
