1834 3188
334 209 435 255 418
690 211 1447 247 ΑΒΝοΤΛΤιοΝΕε

335 337 409 360 nus
432 326 474 358 et
502 316 680 357 Reitzius
709 313 778 352 in:
802 307 869 352 ςΗ
891 312 1060 364 νομίζεις
1085 320 1165 350 etc.
1226 310 1422 351 Ceterum
1455 313 1583 354 verba
1608 318 1798 370 προςθεὶς

337 373 484 424 αὐτὸς,
517 373 562 411 in
582 372 779 412 versione
796 369 956 407 Latina
980 368 1161 417 omissa,
1191 371 1389 421 supplere
1411 371 1586 421 placuit.
1645 373 1799 428 Neque

337 446 439 474 vero
463 444 557 469 cum
581 428 742 467 Vorstio
762 426 933 480 προθεὶς
951 433 1014 463 est
1031 424 1341 479 corrigendum.
1401 425 1481 464 secl
1500 430 1594 466 vult
1611 428 1797 477 Stoicus,

338 487 586 543 magistrum
610 484 772 535 obiter,
806 490 847 520 et
871 480 991 534 quasi
1013 480 1229 519 corollarii
1251 481 1385 519 instar
1404 481 1492 520 suis
1510 483 1645 534 ipsius
1666 486 1803 538 placi—

338 546 395 584 tis
415 554 723 593 nonnunquam
753 538 929 577 aliarum
964 546 1169 576 sectarum
1204 547 1441 576 commenta
1472 539 1615 579 addere
1643 544 1801 592 solere,

340 613 450 655 quae
474 598 642 637 refellat
660 605 702 635 et
724 603 909 642 evertat3
942 593 1078 643 unde,
1110 592 1217 631 dicit
1232 625 1243 643 ‚
1277 594 1404 633 etiam
1425 594 1640 636 auditores
1662 597 1804 652 aliqua

340 665 637 697 extraneorum
656 651 920 691 decretorum
938 649 1072 688 imbui
1094 649 1264 689 notitia.
1325 649 1455 703 Quod
1474 650 1696 705 Opsopoeus
1712 668 1804 694 ver·

340 713 418 752 tit:
449 713 547 750 satis
566 719 731 762 argute,
763 707 808 745 id
830 706 942 746 unde
963 705 1137 756 habeat,
1172 719 1258 744 non
1285 706 1514 760 perspicio.
1545 709 1705 748 LE11M.

453 766 605 806 Ead.1.
632 770 696 808 10.
731 765 934 819 Προςθεὶς
955 760 1100 813 αὐτός,
1131 759 1160 814 ἢ
1182 764 1383 816 νομίζεις)
1424 762 1603 803 Excidit
1633 766 1804 805 notatio

339 837 549 878 personae
568 824 768 864 Λυκίνου.
833 821 1035 874 Προςθεὶς
1058 815 1191 868 αὐτός.
1231 824 1365 861 ΛΤΚ.
1388 815 1416 873 ἢ
1445 821 1630 874 νομίζεις.
1665 823 1807 861 MAR-

344 895 436 920 οη..
496 880 603 934 Leg.
626 879 804 934 προθεζς.
835 878 1006 918 VonsT.

456 935 561 975 Ibid.
592 939 724 977 ΛΤΚ.
745 935 801 987 ἠ)
832 934 999 972 Novam
1024 932 1134 973 hanc
1163 947 1408 987 personam,
1452 934 1644 987 quamvis
1673 948 1809 987 repu—

345 1002 480 1050 gnent
501 991 705 1040 Codices,
740 993 931 1043 postulat
958 989 1184 1029 sententia.
1244 990 1342 1029 Nisi
1372 991 1515 1029 forsan
1546 991 1666 1029 malis
1692 990 1811 1028 inci-

344 1064 445 1104 pere
466 1051 556 1101 ejus
575 1058 715 1101 partes
737 1061 760 1085 a
780 1049 848 1088 καὶ
873 1044 1086 1096 ἀνατρέπει
1104 1059 1171 1099 γε·
1213 1060 1260 1085 ac
1289 1056 1377 1084 tum
1413 1046 1583 1100 quidem
1614 1047 1812 1100 προς-θεὶς

339 1117 457 1145 stare
482 1104 750 1157 aliquatenus
773 1111 928 1156 potest.
988 1101 1162 1141 Mutavi
1184 1102 1311 1141 etiam
1335 1099 1363 1154 ἢ
1388 1103 1432 1140 in
1454 1099 1494 1155 ἦ.
1526 1104 1695 1143 SOLAN.

460 1160 560 1201 Ead.
579 1163 607 1199 1.
630 1165 697 1202 12.
741 1156 863 1212 Οὐχὶ
902 1158 952 1200 δὲ
993 1155 1463 1213 ἀναγελάσαντας]
1513 1158 1620 1200 Cod.
1656 1164 1809 1210 3011.,

347 1226 545 1258 narrante
564 1216 730 1266 Βεῖἰηο,
771 1215 878 1268 legit
907 1210 979 1268 οὐχ
1003 1211 1099 1267 ἡδέα
1131 1212 1389 1269 γελάσαντας,
1429 1229 1552 1269 quam
1583 1215 1812 1254 lectionem

347 1277 484 1314 multo
515 1276 689 1327 vulgata
726 1271 1078 1325 praestantiorem
1108 1270 1215 1308 dicit
1242 1270 1427 1321 Belinus,
1471 1281 1513 1310 et
1543 1271 1813 1311 Schmiederus

346 1331 474 1370 etiam
495 1329 671 1382 recepit.
731 1327 934 1379 Explicat
956 1337 1095 1366 autern
1125 1325 1290 1366 Belinus
1313 1328 1537 1365 formulam
1557 1325 1635 1380 ἡδύ
1662 1333 1808 1383 γελᾷν,

348 1391 424 1427 rire
440 1386 487 1424 cle
505 1386 582 1426 bon
602 1401 734 1434 coc-ur,
770 1386 844 1422 rire
860 1399 946 1423 aum
967 1382 1108 1433 έεῖατε,
1142 1397 1249 1436 quae
1271 1384 1336 1422 vis
1356 1392 1404 1421 ut
1422 1384 1558 1422 aliena
1581 1394 1643 1423 est
1663 1383 1712 1422 ab
1732 1386 1812 1423 hac

346 1442 518 1498 phrasi:
550 1456 645 1480 nam
667 1441 874 1479 Lucianus
898 1441 987 1479 fere
1021 1455 1068 1479 ea
1094 1440 1232 1478 utitur
1259 1438 1311 1478 ad
1340 1456 1494 1478 suavem
1519 1440 1673 1490 risum,
1718 1455 1816 1480 cum

350 1498 629 1538 cavillatione
652 1495 830 1549 quadam
852 1496 1000 1535 acerba
1021 1499 1311 1549 conjunctum,
1345 1495 1703 1549 significandum-5
1726 1495 1815 1536 vid.

349 1555 434 1609 Qu.
458 1554 569 1594 Hist.
593 1553 768 1596 Conscr,
792 1567 825 1591 c.
841 1557 904 1594 11.
926 1552 1085 1606 Navig‚
1109 1566 1143 1591 c.
1159 1556 1228 1594 46.
1251 1551 1476 1592 Demosth.
1497 1553 1675 1590 Encom.
1699 1567 1732 1591 c.
1745 1556 1813 1596 44.

349 1613 412 1650 ita
435 1620 477 1649 et
509 1613 638 1658 male,
672 1623 765 1647 meo
800 1607 969 1661 quidem
1002 1623 1151 1657 sensu,
1194 1608 1239 1645 in
1274 1607 1425 1646 horum
1454 1608 1813 1660 philosophorum

350 1666 601 1722 gravitatem
622 1677 768 1704 casura
793 1673 913 1703 esset.
972 1665 1065 1703 Imo
1092 1672 1277 1717 praestat
1298 1662 1495 1720 ἆναγελᾷν
1526 1663 1576 1702 de
1600 1663 1687 1703 illis
1720 1664 1813 1703 dic-

354 1735 468 1773 tum,
501 1722 660 1775 quippe
682 1723 751 1775 qui
769 1722 887 1758 risum
910 1720 1084 1769 ederent,
1116 1723 1156 1758 in
1182 1722 1299 1758 risum
1320 1737 1358 1759 se
1387 1731 1672 1774 componerent,
1707 1734 1812 1774 quae

351 1778 525 1833 propria
548 1787 612 1818 est
637 1776 753 1817 verbi
775 1785 988 1827 potestas;
1022 1775 1110 1816 vid.
1135 1777 1292 1815 Toxar.
1315 1791 1347 1818 c,
1370 1782 1438 1819 26.
1479 1777 1569 1815 Nec
1600 1790 1739 1816 carere
1770 1776 1811 1816 h.

352 1838 381 1875 1.
409 1835 536 1873 facile
566 1842 808 1887 poteramus
839 1833 1048 1884 particula
1079 1832 1139 1880 δὲ,
1181 1846 1288 1884 quae
1315 1832 1360 1870 in
1387 1833 1600 1871 Beliniana
1625 1833 1810 1873 lectione

353 1905 477 1945 aegre
500 1889 775 1930 desideratur.
835 1888 1040 1941 Denique
1058 1888 1170 1926 nihil
1191 1887 1305 1926 haud
1335 1888 1462 1928 dubie
1490 1903 1538 1927 ea
1563 1890 1694 1927 lectio
1728 1898 1809 1940 est,

350 1947 435 1985 nisi
457 1947 571 1985 fetus
592 1961 643 1985 ex
664 1943 859 1998 ambigua
879 1944 1094 1998 genuinae
1121 1944 1322 1983 lectionis
1341 1944 1701 1997 pronuntiatione
1729 1959 1809 1983 na-

348 2012 432 2043 tus.
463 2004 619 2042 LE11M.
1757 1998 1772 2018 ⁸

462 2059 561 2112 Pag.
585 2063 652 2102 48.
673 2060 700 2098 l.
725 2063 766 2102 3.
793 2054 1013 2110 Ἦμὲτερα)
1053 2056 1245 2095 Parisina
1281 2055 1451 2110 quidem
1479 2056 1599 2096 Edit.
1630 2055 1808 2096 habebat

345 2111 516 2168 ὑμέτερα
535 2129 664 2169 aeque
685 2128 732 2152 ac
752 2114 809 2155 H.
833 2113 1025 2165 aliaeque
1057 2111 1188 2161 duae3
1224 2113 1296 2153 sed
1329 2113 1516 2166 sphalma
1545 2122 1710 2151 tantum
1737 2123 1806 2165 ty·-

340 2171 661 2225 vpographicum
682 2183 796 2221 esse,
831 2183 884 2208 ex
907 2168 1102 2209 versione
1122 2179 1260 2222 patet,
1295 2184 1403 2224 quae
1423 2172 1617 2209 nostratia
1639 2168 1806 2210 exhibe-

349 2227 433 2266 bat.
464 2227 627 2267 RmTz.

460 2283 563 2323 Eacl·
585 2287 612 2323 l·
637 2284 676 2327 5.
716 2283 962 2331 Λακτίζοντα
990 2283 1046 2332 εἷς
1075 2280 1146 2325 'cciv
1173 2279 1297 2338 ἀέρα)
1341 2282 1414 2323 Sic
1452 2282 1498 2320 in
1528 2282 1666 2335 Epist.
1696 2281 1731 2320 Ι.
1757 2281 1805 2320 ad

350 2339 524 2379 Corinth.
548 2340 633 2388 IX,
656 2345 722 2382 27.
755 2337 808 2387 ὥς
828 2337 903 2381 οὐκ
922 2337 1020 2391 ἆέρα
1049 2341 1189 2394 δέρων.
1250 2338 1318 2378 Ad
1351 2353 1473 2391 quem
1502 2342 1621 2391 plura
1652 2337 1703 2375 L.
1724 2338 1804 2378 Bos

346 2409 389 2447 p,
411 2402 492 2441 137
523 2419 577 2426 -—
608 2400 675 2440 38.
700 2409 822 2448 quem
842 2395 1150 2435 consulendum
1177 2396 1305 2437 etiam
1329 2403 1550 2434 monuerat
1580 2395 1628 2433 T.
1648 2394 1802 2437 IIemst.

346 2452 391 2490 in
416 2467 543 2507 marg.
565 2451 648 2492 Ed.
678 2451 815 2491 Graev.
847 2452 1009 2490 an‘z.

456 2509 559 2547 Εαιῐ.
580 2511 610 2548 l.
631 2513 669 2552 6.
697 2505 779 2557 ‘529
794 2506 864 2550 τὸν
882 2506 1214 2564 ἀνταγωνιστὴν)
1242 2509 1406 2548 Deerat
1439 2504 1492 2555 ὥς
1517 2505 1563 2543 in
1597 2506 1801 2560 reliquis¹

343 2566 432 2602 sola
453 2566 492 2605 J.
514 2564 655 2604 habet.
689 2564 856 2605 SoLAN.

454 2621 558 2660 Eacl.
578 2623 604 2658 l·
627 2623 666 2663 9.
692 2617 1033 2674 Ἀνταιρομένου)
1072 2617 1427 2674 Ἀνταιρουμὲνους
1452 2632 1528 2671 pro
1564 2614 1799 2673 α’νταιρομέ-

341 2692 441 2723 νους
461 2676 555 2716 eod.
580 2675 663 2714 hoc
682 2691 808 2715 sensu
829 2677 986 2729 legitur
1011 2692 1078 2729 ap.
1114 2676 1334 2731 Tl¹lzucydid.
1358 2676 1451 2721 III,
1484 2679 1551 2717 32.
1594 2674 1676 2713 Sed
1703 2676 1798 2713 Du—

338 2730 446 2770 loerus
465 2731 511 2770 in
534 2731 649 2771 notis
680 2731 760 2784 (ad
786 2746 909 2786 quem
930 2748 995 2773 me
1017 2747 1159 2773 rursus
1180 2732 1344 2772 remisit
1365 2733 1413 2770 T.
1438 2730 1623 2782 Hcmst.)
1650 2731 1794 2769 multis
