1834 3188
240 194 342 243 662
599 205 1355 237 ADNOTA'rioNEs

241 319 330 344 non
349 304 475 344 semel
496 301 627 355 alibig
658 317 765 357 quae
782 306 877 342 loca
904 301 1114 341 indicabit
1136 301 1241 343 Jens.
1266 302 1316 342 ad
1333 303 1611 356 Tyrannicid.
1641 306 1710 344 Ita

242 364 284 404 οἴ
308 361 541 413 κεκτημένοι
570 359 821 399 dicebantur
849 358 1155 408 Athenienses,
1201 359 1276 412 qui
1305 359 1476 414 praedia
1511 361 1712 414 posside-

242 417 371 468 bant,
389 427 442 459 set
464 416 536 474 qui
570 430 727 458 servos.
785 416 912 456 Licet
942 425 983 454 et
1005 415 1109 456 alibi
1134 414 1179 455 id
1209 415 1356 468 signif.
1379 416 1490 472 quod
1514 418 1710 470 posside..

243 483 328 514 tur.
377 472 475 512 Vid.
504 472 654 529 Spanh.
675 472 726 513 ad
748 472 956 527 Aristoph,
978 473 1089 510 Plut.
1110 476 1152 515 4.
1212 472 1325 512 Jbid.
1346 488 1383 514 v.
1410 479 1450 516 7.
1471 475 1710 526 ἐωνημένος,

244 532 313 585 qui
340 541 504 581 emerat,
545 544 639 568 cum
674 529 800 568 etiam
828 531 909 571 sit:
943 529 1017 585 qui
1046 539 1281 576 emiussesu
1332 529 1432 569 vide
1467 542 1714 572 commentt.

244 585 327 627 Sed
349 597 390 626 et
409 585 641 638 praeterita
664 587 830 637 passiva
856 585 1035 625 aliorum
1061 584 1283 624 modorum
1314 585 1528 625 interdum
1551 587 1612 626 sic
1634 602 1711 640 po-

245 652 430 693 nuntur,
460 651 510 681 ut
540 641 764 686 Herodian.
789 643 834 695 I,
867 648 930 686 13.
964 640 1231 688 ἐδεδούλωντο
1265 643 1305 683 δὲ
1333 648 1457 684 πᾶσιν
1485 640 1611 685 αὐτοῦ
1639 643 1713 696 τὴν

242 697 384 752 ψυχὴν
412 721 469 729 --
499 696 711 750 ἐπάλληλοι
749 722 806 732 —-·
845 696 1028 748 σώματος
1062 695 1228 753 ἡδοναὶ,
1269 700 1532 754 subjugabant
1562 717 1713 741 omnem

245 759 326 809 ejus
345 757 518 796 animam
538 754 643 796 aliae
659 772 712 795 ex
735 755 829 796 aliis
848 755 1076 811 voluptates.
1139 757 1350 795 Permulta
1373 756 1583 810 ejusmodi
1605 772 1715 797 con-

244 826 387 867 gerere
407 811 571 855 liceret.
632 811 714 853 Sed
738 811 842 851 haec
863 815 945 865 jam
970 810 1201 854 sufficiant.
1242 813 1406 853 Rem-z.

359 868 460 921 Pag.
480 871 621 912 266-1.
644 874 680 923 1,.
730 867 1001 917 Ψιττόποδες,
1034 869 1149 923 γένος
1176 867 1349 922 μάχιμον
1378 872 1443 912 καὶ
1470 868 1716 924 δρομικώτα-

243 930 341 973 τον)
373 925 622 980 Psittopodes
637 942 760 979 genus
790 925 1017 967 bellicosum
1041 936 1076 966 ct
1096 926 1393 966 velocissimum.
1453 929 1581 968 Forte
1606 933 1713 982 Ψητ-

242 981 435 1031 τόποδες,
469 982 544 1036 qui
573 981 786 1022 habebant
815 981 945 1035 pedes
980 983 1114 1020 instar
1144 996 1382 1035 passerum,
1416 998 1437 1022 a
1458 989 1591 1037 ψῆττα
1611 1000 1715 1038 pas-

241 1053 330 1089 ser,
364 1051 420 1076 sc.
451 1038 653 1079 marinus.
687 1038 864 1079 Gnszv.
925 1039 1032 1077 Vera
1059 1038 1186 1091 hujus
1213 1039 1401 1079 nominis
1423 1042 1634 1094 scriptura
1656 1056 1711 1080 ex

242 1094 388 1148 phrasi
407 1094 587 1145 petenda
610 1104 674 1134 est
693 1094 921 1134 admodum
946 1094 1175 1146 insolenti,
1206 1109 1311 1148 quae
1333 1097 1376 1133 in
1400 1097 1591 1148 Lexiph.
1616 1112 1650 1138 c.
1673 1104 1713 1142 3.

241 1150 425 1205 legitur:
458 1147 584 1207 ἆγρόν
613 1151 655 1192 δὲ
687 1148 852 1206 ᾠχόμην
882 1149 1039 1204 ψύτταν
1068 1153 1321 1200 κατατείνας,
1356 1151 1479 1194 οἶσθα
1508 1156 1550 1195 δὲ
1571 1150 1624 1202 ὥς
1645 1157 1714 1205 φί-

240 1205 385 1262 λαγρός
406 1208 505 1261 εἰμι,
541 1206 656 1260 quod
686 1222 772 1245 non
797 1217 880 1255 est,
914 1217 962 1245 ut
996 1207 1135 1247 visum
1168 1208 1253 1246 fuit
1273 1209 1447 1263 Micyllo
1479 1210 1714 1248 somnianti

242 1275 428 1313 vertere,
460 1262 528 1304 sed
551 1280 617 1304 rus
633 1263 761 1313 ibam,
796 1265 863 1303 ubi
884 1266 991 1318 ripae
1012 1280 1187 1318 aggerem
1202 1266 1407 1321 protendi,·
1437 1265 1508 1305 sed
1531 1276 1579 1305 ut
1602 1277 1716 1306 recte

245 1319 497 1369 Benedictus,
531 1330 710 1360 contento
733 1337 848 1361 cursu
870 1338 934 1360 rus
953 1322 1020 1362 ivi.
1084 1319 1208 1359 Unde
1230 1324 1305 1359 lux
1324 1322 1524 1377 Plesyclzio
1546 1323 1590 1360 in
1611 1338 1718 1362 voce

244 1374 388 1430 ψύττα.
449 1375 531 1416 Sed
551 1376 673 1420 vide,
697 1390 804 1429 quae
829 1376 880 1414 ad
899 1392 993 1417 eum
1012 1380 1154 1416 locum
1179 1376 1378 1416 adnotata
1403 1379 1608 1432 reperies:
1642 1389 1717 1418 aut

245 1436 390 1474 saltem
412 1431 482 1471 adi
507 1432 631 1489 Ep{st·
653 1432 738 1472 Sat.
760 1433 815 1472 acl
838 1433 917 1475 div.
939 1449 973 1474 c.
1000 1436 1038 1478 5,
1064 1433 1140 1472 ubi
1170 1433 1273 1473 haec
1300 1435 1451 1485 verba,
1481 1436 1542 1474 sic
1575 1450 1718 1475 emen-

247 1488 342 1528 data
356 1521 367 1539 ,
390 1491 526 1544 leges:
557 1488 606 1537 ὑς
625 1490 666 1531 δὲ
685 1490 753 1532 καὶ
772 1492 921 1542 ἔλαφος
941 1487 1168 1543 ὀπτώμενοι
1184 1491 1326 1542 μεταξύ
1349 1490 1528 1545 δρασμὸν
1550 1489 1719 1545 βουλεύ-

246 1560 387 1589 σουσιν
409 1548 450 1590 ἐκ
471 1550 546 1589 τοῦ
567 1541 783 1588 ὀπτανείου
817 1548 858 1595 ἐς
876 1547 919 1588 τὸ
941 1545 1048 1597 ὅρος.
1090 1549 1158 1589 καὶ
1180 1545 1291 1598 ὅρνις
1313 1548 1469 1600 ψύτταν
1490 1552 1718 1591 κατατείνα-

246 1617 312 1644 σαι
341 1600 506 1656 ἄπτεροι
528 1603 595 1646 καὶ
628 1599 766 1651 αὐταὶ,
798 1601 895 1656 παρ’
930 1602 1078 1652 αὐτοῦς
1105 1602 1200 1650 τοὺς
1224 1605 1394 1654 πένητας
1426 1603 1717 1656 ἐκπετήσονται.

244 1660 364 1712 Lege
388 1659 532 1712 itaque
570 1657 851 1708 Ψυττόποδες,
885 1674 995 1709 non,
1030 1670 1077 1698 ut
1097 1661 1141 1698 in
1172 1660 1368 1698 omnibus
1403 1662 1523 1699 libris
1544 1662 1716 1716 legitur,

253 1712 510 1761 Ψιττόποδες.
569 1714 799 1754 Rationem
828 1716 937 1755 hane
958 1730 1049 1755 esse
1075 1716 1416 1766 nomini57etiam
1441 1733 1491 1757 ex
1514 1732 1577 1766 eo,
1602 1718 1718 1770 quod

247 1770 367 1810 addit
388 1771 606 1818 Lucinam,
642 1786 734 1809 cum
759 1781 888 1810 vocat
909 1773 1023 1826 γένος
1040 1772 1349 1825 δρομικώτατον,
1381 1784 1514 1826 patet.
1546 1776 1716 1817 SOLAN.

246 1827 499 1882 Legendum
522 1826 694 1866 videtur
730 1825 1009 1880 Ψηττόποδες,
1042 1839 1090 1866 ut
1122 1843 1214 1867 cum
1239 1828 1528 1884 Παγουράδαις
1551 1831 1719 1870 socien-

248 1893 317 1922 tur
341 1884 518 1925 melius:
552 1883 735 1934 piscium
763 1885 876 1923 enim
900 1886 1075 1923 nomina
1106 1891 1246 1937 Ψῆττα
1266 1897 1307 1925 et
1330 1887 1561 1942 Πάγουρος.
1615 1891 1720 1929 Ψίτ-

246 1958 294 1982 τα
318 1939 420 1993 quid
446 1940 514 1978 hic
534 1939 618 1977 sibi
647 1941 773 1989 velit,
808 1941 1003 1994 equidem
1029 1943 1217 1980 nondum
1242 1943 1544 1997 intelligebam.
1599 1949 1721 1996 Ψῆτ-

247 2014 318 2038 ταν
342 1996 468 2038 etiam
494 1995 669 2036 adhibet
694 2007 838 2036 noster
860 1998 964 2038 Piso.
990 2002 1084 2042 549.
1108 2004 1166 2047 (C.
1191 2003 1297 2048 49.)
1330 2000 1411 2040 Sed
1433 2010 1554 2043 tanto
1579 2001 1719 2040 minus

248 2052 414 2106 aliquid
436 2063 596 2091 mutare
621 2053 780 2103 ausim,
804 2055 902 2108 quia
925 2055 1092 2107 saepius
1115 2054 1224 2093 idem
1248 2071 1401 2095 nomen
1422 2055 1569 2096 eodem
1590 2057 1719 2097 modo

248 2109 454 2161 scriptum
486 2110 676 2151 recurrit.
724 2110 860 2149 GizsN.
931 2108 1211 2163 Ψηττόποδες,
1247 2122 1288 2151 et
1320 2127 1420 2151 mox
1461 2112 1721 2165 Ψηττόποσιν

248 2164 460 2207 exhibent
485 2164 568 2203 duo
594 2164 729 2208 Codd.
752 2167 906 2205 Pariss.
941 2167 1082 2220 Quare
1105 2167 1260 2208 Graevii
1277 2169 1388 2207 bano
1413 2172 1716 2221 conjecturam,

250 2235 374 2275 quam
405 2220 649 2263 Wielamlius
668 2237 838 2275 quoque
859 2234 1028 2262 secutus
1047 2234 1109 2263 est
1125 2256 1134 2274 ‚
1169 2235 1288 2265 tanto
1310 2226 1450 2265 minus
1474 2226 1718 2266 dubitabam

249 2292 342 2316 cum
367 2277 617 2318 Schmiedero
638 2278 873 2322 admittere,
914 2281 1072 2319 LEIIM.

362 2334 464 2376 Eacl.
484 2337 511 2373 l.
530 2338 571 2376 4·
611 2339 697 2382 Τοῖς
724 2336 998 2390 Ψηττόποσιν)
1041 2342 1131 2387 Τοῖς
1151 2353 1237 2377 non
1264 2338 1406 2380 aderat
1430 2339 1474 2377 in
1493 2338 1602 2381 Edd.
1632 2338 1718 2378 Ad-

250 2388 434 2432 didimus
458 2405 510 2429 ex
530 2390 638 2432 Mss.
659 2392 792 2446 Regg.
818 2397 939 2440 2954.
962 2404 1004 2433 et
1027 2399 1151 2438 3011.
1182 2396 1281 2437 Bw.
1528 2422 1532 2426 -

364 2447 467 2488 Εαᾶ.
491 2449 517 2486 l.
539 2451 576 2489 7.
611 2447 912 2501 Βιοτεύσωμεν)
944 2452 1077 2500 Patet,
1109 2454 1176 2491 vel
1198 2467 1262 2491 me
1282 2461 1459 2501 tacente,
1492 2452 1716 2492 Lucianum

251 2502 491 2555 scripsisse,
523 2501 631 2556 ἡμᾶς
655 2506 696 2546 δὲ
720 2504 794 2558 χρὴ
814 2504 916 2562 ὅρᾷν
938 2505 1047 2557 ὅπως
1070 2508 1339 2563 δυνησώμεθα
1364 2507 1566 2557 τοςούτοις
1584 2510 1718 2550 ἔθνεσι

250 2557 471 2612 μάχεσθαι,
500 2562 570 2602 καὶ
592 2559 701 2610 ὅπως
723 2565 1004 2615 βιοτεύσωμεν,
1038 2578 1122 2602 uon
1139 2596 1149 2613 ‚
1183 2575 1231 2602 ut
1254 2565 1415 2604 editum
1436 2575 1521 2613 est,
1554 2563 1717 2617 βιοτεύ-

252 2629 383 2665 σομεν.
444 2615 513 2654 Εεί
542 2628 667 2656 aulem
701 2634 838 2672 operae
864 2623 1050 2674 prelium,
1082 2631 1120 2660 ui
1147 2624 1457 2675 prospicimmcs,
1489 2636 1564 2674 quo
1596 2621 1713 2661 modo

251 2687 337 2709 cum
362 2681 417 2709 iot
435 2672 613 2723 gentibus
635 2675 818 2728 congredi
837 2680 1047 2730 poterimus
1061 2708 1070 2725 ‚
1104 2688 1137 2715 ct
1159 2694 1236 2731 qua
1256 2681 1404 2716 ratione
1422 2679 1563 2716 vicluri
1582 2680 1712 2718 simus.

251 2727 377 2768 Jews.
437 2728 528 2765 lmo
556 2732 768 2769 contraria
796 2732 980 2772 ineunda
1008 2742 1095 2772 erat
1118 2735 1241 2772 ratio.
1294 2730 1567 2786 Βιοτεύσομεν,
1602 2733 1716 2787 quod
