1834 3188
377 224 479 273 250

207 335 469 392 Ρ·86·21πής.

377 411 563 462 θῃοεῖτο,
595 406 665 446 καὶ
694 403 799 458 ἡμᾶς
817 403 909 454 τούς
938 404 1210 458 αἰχμαλώτους
1231 403 1445 448 ἀπέδοσαν.

255 485 294 519 P·
307 477 363 520 87·
378 473 536 529 κόμεθα
556 476 593 523 ἐς
614 471 688 525 τὴν
703 470 898 526 Σελήνην,
917 471 1161 527 ὑπηντίαζον
1181 471 1274 527 ἧμιν
1293 479 1329 523 S)
1343 508 1354 525 ,
1386 476 1452 516 καὶ
1468 473 1692 527 ἠσπάζοντο
1713 475 1756 528 ¹⁵)

375 561 471 598 μετα
495 540 684 596 δακρύων
707 543 749 582 οι”
762 559 800 582 τε
819 544 990 595 ἕταῖοοι,
1020 544 1086 585 καὶ
1107 561 1127 585 ο
1147 540 1374 595 Ἐνδυμίων
1395 539 1528 593 αὐτός.
1559 547 1625 586 καὶ
1643 545 1666 587 ὁ
1686 545 1758 598 μὲν

881 238 1288 271 LUCIANI

537 333 711 390 Τοιαύτη
736 337 806 390 μὲν
833 333 860 390 ’ἦ
883 334 1021 391 εἰρήνη
1047 337 1219 391 ἐγένετο·
1250 332 1375 387 εὗθῦς
1395 339 1435 381 δὲ
1464 337 1509 381 τό
1530 344 1658 394 τεῖχος
1678 357 1761 382 κα-

1488 409 1570 450 ἒπεὶ
1593 409 1632 450 δὲ
1654 405 1761 461 &qn-

372 608 489 665 ἥξίου
509 613 638 665 μεῖναί
654 605 698 650 τε
719 607 817 663 παρ’
839 605 970 667 αὐτῷ,
995 614 1062 654 καὶ
1081 617 1291 653 κοινωνεῖν
1320 616 1390 663 τῆς
1421 608 1629 661 ἀποικίας,
1661 609 1755 654 'iim-

375 678 622 734 σχνούμενος
659 677 801 720 δώσειν
832 678 936 734 πρὸς
962 678 1092 735 γάμον
1116 678 1186 721 τὸν
1215 680 1360 720 ἑαυτοῦ
1384 683 1528 721 παῖδα·
1570 687 1758 736 γυναῖκες

372 747 447 804 γὰρ
469 745 542 790 οὐκ
563 751 637 790 εἰσὶ
658 747 755 803 παρ’
776 748 923 799 αὐτοῖς.
968 749 1040 804 ἐγώ
1066 750 1105 790 δὲ
1125 746 1311 801 οὐδαμῶς
1329 745 1572 802 ἐπειθόμην,
1605 748 1688 791 ἀλλ’
1708 746 1756 803 ἦ-

366 819 480 866 ξίουν
513 813 836 872 ἀποπεμφθῆναι
861 817 967 860 κάτω
1002 820 1057 866 εἰς
1077 819 1124 867 n)
1155 816 1227 869 τὴν
1253 815 1468 858 θάλατταν.

365 880 567 927 οἷδύνατον
593 883 640 928 ὃν
657 889 825 938 πείθειν,
859 886 1086 939 ἀποπέμπει
1107 882 1235 938 ἡμᾶς,
1269 884 1454 934 ἑστιάσας
1475 884 1571 928 ἔπτὰ
1589 884 1753 940 ἡμέρας.

288 954 346 993 22
359 951 407 994 “A
430 951 467 994 δ’
491 955 532 995 ἐν
551 960 608 1010 τῷ
628 954 769 1007 μεταξύ
797 958 1011 1009 διατρίβων
1033 955 1075 996 ἓν
1106 958 1154 1010 τῇ
1172 954 1351 1011 Σελήνῃ,
1383 953 1602 1007 κατενόησα
1619 953 1754 1002 καινοὶ,

1302 1027 1453 1075 Πρῶτα
1482 1024 1552 1076 μὲν
1573 1022 1615 1065 τό
1634 1021 1688 1076 μὴ
1711 1024 1756 1064 ἐκ

1512 815 1568 866 ὥς
1590 818 1631 859 δὲ
1654 819 1753 872 ἔγνω

368 1023 437 1062 καὶ
460 1020 691 1076 παράδοξα,
725 1029 846 1065 ταῦτα
880 1022 1076 1078 βούλομαι
1104 1025 1240 1063 εἰπεῖν.

366 1095 569 1146 γυναικῶν
601 1096 825 1144 γεννᾶσθαι
849 1089 1013 1140 αυτοῦς,
1047 1086 1132 1131 ἀλλ’
1164 1088 1243 1132 ἆπὸ
1275 1094 1352 1132 τῶν
1380 1088 1581 1144 ἆρᾇνων·
1611 1089 1755 1145 γάμοις

365 1176 444 1213 γαρ
467 1165 549 1207 τοῖς
571 1158 707 1212 α’ροεσι
725 1164 916 1212 χρῶνται,
949 1160 1016 1199 καὶ
1039 1153 1127 1199 οὐδ’
1151 1155 1277 1210 ὄνομα
1300 1157 1490 1212 γυναικὸς
1512 1157 1613 1207 όλως
1635 1161 1753 1200 ἴσασι-

367 1228 478 1279 μέχρι
502 1226 571 1278 μὲν
593 1227 667 1268 οὐν
685 1232 799 1269 πέντε
821 1229 887 1269 καὶ
914 1229 1064 1268 εἰκοσιν
1084 1227 1179 1266 ἐτῶν
1197 1232 1376 1309 γαμεῖται
1396 1227 1579 1276 ἕκαστος,
1616 1222 1696 1268 ἀπὸ
1715 1228 1758 1268 δὲ

366 1292 523 1336 τούτων
542 1300 661 1349 γαμεῖ
681 1291 822 1344 αὐτός·
855 1293 1001 1338 κύουσι
1033 1294 1074 1336 δὲ
1094 1290 1168 1335 οὐκ
1190 1294 1232 1336 ἐν
1251 1298 1301 1351 τῇ
1322 1293 1464 1346 νηδύι,
1498 1290 1582 1335 αλλ’
1608 1296 1649 1337 ἐν
1671 1300 1758 1343 ταῖς

366 1365 725 1418 γαστροκνημίαις·
758 1361 920 1405 ἐπειδὰν
943 1361 1017 1418 γὰρ
1051 1360 1223 1419 συλλάβῃ
1246 1360 1289 1403 τὸ
1319 1364 1512 1416 ἔμβρυον,
1544 1360 1758 1416 παχύνεται

366 1428 392 1484 ἡ
421 1428 577 1484 κνήμη,
618 1432 685 1472 καὶ
716 1430 846 1487 χρόνῳ
877 1429 1048 1486 ὕστερον
1075 1429 1357 1485 ἀνατεμόντες,
1403 1427 1587 1485 ἐξάγουσι
1616 1428 1754 1484 νεκρά·

414 1548 453 1588 s)
473 1556 538 1598 ημ
551 1545 620 1586 ιν]
644 1556 742 1587 ημας
761 1555 862 1586 3011.
885 1545 988 1589 quod
1002 1544 1333 1588 Beli-nuspraefert.
1382 1545 1424 1584 t)
1451 1539 1755 1587 η’σπαζοντο]

459 1586 665 1631 ἀσπάζοντο
686 1591 765 1622 sola
785 1592 904 1622 Rezlz.
952 1597 997 1631 u)
1025 1591 1110 1636 εἰς]
1142 1589 1178 1630 ἐς
1202 1601 1304 1634 3011.
1323 1590 1400 1624 Bel.
1424 1591 1540 1622 Sckm.

1087 1720 1235 1758 posse,
1269 1715 1365 1758 post
1385 1715 1543 1757 septem
1565 1719 1642 1743 nos
1663 1705 1751 1745 die-

1087 1778 1177 1800 rum
1204 1766 1347 1814 epulas
1373 1762 1565 1800 dimittit.
1629 1761 1751 1815 Quae

1087 1830 1224 1857 autem
1247 1828 1339 1855 toto
1361 1818 1464 1866 hoc,
1495 1818 1640 1872 quoin
1659 1820 1750 1856 Lu·

1085 1889 1139 1912 na
1166 1884 1447 1912 commoratus
1483 1889 1602 1924 sum,
1644 1884 1750 1913 tem-

364 1706 681 1759 [Menstruus]
714 1716 749 1743 et
777 1704 1030 1760 Polylampes

365 1763 722 1814 [Mulrilucius]
785 1764 903 1800 Haec
928 1763 1026 1799 talis

361 1820 496 1873 igitur
529 1833 609 1870 pax
644 1819 755 1855 facta
788 1827 862 1857 est.
925 1819 1027 1857 Sta-

360 1878 522 1928 timque
535 1875 719 1912 munitio
736 1873 912 1926 dejecta,
930 1888 1026 1912 nos-

361 1946 446 1981 que
488 1932 680 1982 captivos
730 1929 1021 1968 reddiderunt.

360 1987 469 2025 Cum
500 1997 638 2026 autern
666 1986 935 2025 rediissemus
974 1987 1019 2023 in

357 2044 556 2092 Lunam,
614 2053 892 2081 occurrerunt
935 2056 1019 2080 no-

359 2099 424 2137 bis
448 2109 486 2137 et
510 2099 813 2137 cumlacrumis
837 2101 1020 2150 comple-

357 2157 405 2193 xi
427 2166 524 2193 sunt
548 2165 636 2192 tum
662 2155 784 2201 socii,
816 2165 903 2192 tum
928 2156 1019 2205 ipse

355 2212 620 2262 Endymion,
680 2211 736 2247 Et
759 2211 828 2247 hic
850 2210 1018 2264 quidem

354 2268 556 2321 rogabat,
601 2281 860 2305 maneremus
906 2266 1019 2319 apud

355 2339 425 2372 se,
456 2335 495 2363 et
523 2324 720 2362 coloniae
754 2337 829 2361 nos
864 2322 1018 2361 adscri-

354 2380 399 2417 bi
426 2390 678 2432 pateremur,
710 2380 942 2430 pollicitus,
975 2393 1018 2418 se

353 2437 511 2488 nuptui
545 2436 737 2474 daturum
776 2435 880 2472 mihi
908 2449 1017 2487 pue-

351 2506 444 2530 rum
483 2507 627 2532 suum:
672 2491 866 2530 mulieres
905 2492 1017 2529 enim

355 2548 465 2599 apud
487 2549 582 2586 illos
605 2563 690 2586 non
710 2558 823 2587 sunt.
857 2548 912 2585 At
936 2562 1015 2602 ego

351 2606 475 2640 nullo
513 2604 636 2644 modo
665 2603 908 2656 persuaderi
942 2605 1015 2641 mi-

353 2656 402 2694 hi
426 2673 570 2709 passus
590 2675 707 2710 sum,
750 2660 822 2698 sed
848 2660 1015 2698 demitti

354 2714 399 2750 in
438 2729 547 2753 mare
584 2717 707 2767 petii.
771 2716 877 2754 Cum
914 2730 1014 2754 vero

352 2768 529 2818 videret,
539 2771 782 2822 ‘persuaderi
801 2771 907 2812 mihi
925 2782 1013 2810 non

1084 1945 1189 1983 pore
1215 1944 1323 1968 nova
1351 1940 1478 1982 atque
1503 1930 1749 1970 admiranda

1081 1985 1475 2036 animadverterim,
1517 2000 1564 2025 ea
1604 1985 1745 2026 dicere

1078 2045 1161 2095 jam
1182 2044 1305 2080 volo:
1343 2056 1389 2079 ac
1414 2043 1594 2094 primum
1616 2042 1739 2093 illud,

1079 2113 1165 2136 non
1191 2098 1308 2136 nasci
1335 2098 1430 2137 illos
1460 2114 1514 2137 ex
1542 2100 1744 2138 mulieri—-

1078 2154 1181 2203 bus,
1216 2153 1288 2191 sed
1309 2169 1329 2193 e
1352 2155 1466 2192 viris.
1530 2156 1742 2193 Masculis

1079 2213 1190 2249 enim
1217 2211 1379 2262 nuptiis
1403 2222 1607 2260 utuntur,
1650 2226 1741 2249 mu-

1077 2268 1279 2320 lierisque
1300 2270 1421 2318 plane
1444 2281 1597 2305 nomen
1608 2268 1740 2331 ‘igno-

1079 2334 1186 2361 r.ant
1262 2324 1327 2360 Ad
1372 2325 1560 2377 quinque
1605 2323 1740 2375 igitur

1079 2390 1121 2419 et
1153 2379 1312 2433 viginti
1343 2394 1477 2418 annos
1512 2378 1639 2416 nubit
1660 2391 1741 2416 eo-

1076 2452 1168 2474 rum
1189 2437 1502 2488 unusquisque:
1536 2434 1651 2472 abeo
1673 2435 1739 2472 in-

1078 2492 1128 2531 de
1162 2502 1351 2543 tempore
1380 2492 1506 2528 alium
1534 2490 1624 2540 ipse
1650 2489 1737 2527 du—

1077 2549 1148 2590 cit,
1210 2549 1387 2586 Foetum
1413 2555 1564 2599 gerunt
1583 2559 1670 2583 non
1687 2546 1734 2586 in

1076 2615 1195 2643 utero
1212 2636 1221 2652 ‚
1255 2602 1325 2640 sed
1347 2605 1388 2639 in
1408 2601 1544 2640 suris:
1578 2616 1670 2639 cum
1693 2617 1734 2641 e-

1075 2661 1162 2698 nim
1191 2667 1420 2710 conceptus
1450 2666 1511 2695 est
1530 2658 1730 2709 ernbryo,

1075 2714 1292 2753 crassescit
1326 2727 1443 2751 sura:
1488 2724 1611 2767 atque
1644 2715 1732 2752 ali-

1074 2779 1235 2824 quanto
1267 2779 1364 2822 post
1398 2769 1586 2819 dissecta,
1631 2769 1732 2808 edu·
