<?xml version="1.0" encoding="UTF-8"?>
<!DOCTYPE html PUBLIC "-//W3C//DTD XHTML 1.0 Transitional//EN"
    "http://www.w3.org/TR/xhtml1/DTD/xhtml1-transitional.dtd">
<html xmlns="http://www.w3.org/1999/xhtml" xml:lang="en" lang="en">
 <head>
  <title>
</title>
<meta http-equiv="Content-Type" content="text/html;charset=utf-8" />
  <meta name='ocr-system' content='tesseract 3.04.00' />
  <meta name='ocr-capabilities' content='ocr_page ocr_carea ocr_par ocr_line ocrx_word'/>
</head>
<body>
  <div class='ocr_page' id='page_1' title='image "./operagraecaetlat04luciuoft_0454.png"; bbox 0 0 1834 3188; ppageno 0'>
   <div class='ocr_carea' id='block_1_1' title="bbox 290 161 1401 206">
    <p class='ocr_par' dir='ltr' id='par_1_1' title="bbox 290 161 1401 206">
     <span class='ocr_line' id='line_1_1' title="bbox 290 161 1401 206; baseline -0.001 -1"><span class='ocrx_word' id='word_1_1' title='bbox 290 161 390 206; x_wconf 83' lang='lat'><strong>416</strong></span> <span class='ocrx_word' id='word_1_2' title='bbox 647 174 1401 204; x_wconf 71' lang='lat' dir='ltr'><strong>ADNUTA‘rlONES</strong></span> 
     </span>
    </p>
   </div>
   <div class='ocr_carea' id='block_1_2' title="bbox 291 267 1754 718">
    <p class='ocr_par' dir='ltr' id='par_1_2' title="bbox 291 267 1754 718">
     <span class='ocr_line' id='line_1_2' title="bbox 291 267 1752 344; baseline 0.003 -31"><span class='ocrx_word' id='word_1_3' title='bbox 291 285 420 326; x_wconf 84' lang='grc' dir='ltr'><strong><em>μαστα</em></strong></span> <span class='ocrx_word' id='word_1_4' title='bbox 446 269 575 313; x_wconf 75' lang='grc' dir='ltr'><strong><em>πολλὰ</em></strong></span> <span class='ocrx_word' id='word_1_5' title='bbox 613 267 944 344; x_wconf 78' lang='grc' dir='ltr'><strong><em>ἐξεργάσαιο</em></strong></span> <span class='ocrx_word' id='word_1_6' title='bbox 973 267 1048 322; x_wconf 76' lang='grc' dir='ltr'><strong><em>τὴν</em></strong></span> <span class='ocrx_word' id='word_1_7' title='bbox 1079 270 1149 322; x_wconf 83' lang='grc' dir='ltr'><strong><em>μὲν</em></strong></span> <span class='ocrx_word' id='word_1_8' title='bbox 1180 271 1320 325; x_wconf 76' lang='grc' dir='ltr'><strong><em>τέχνην</em></strong></span> <span class='ocrx_word' id='word_1_9' title='bbox 1350 289 1523 322; x_wconf 84' lang='grc' dir='ltr'><strong><em>απαντες</em></strong></span> <span class='ocrx_word' id='word_1_10' title='bbox 1550 275 1752 316; x_wconf 77' lang='grc' dir='ltr'><strong><em>ἐπαινέ-</em></strong></span> 
     </span>
     <span class='ocr_line' id='line_1_3' title="bbox 293 323 1750 384; baseline 0.002 -14"><span class='ocrx_word' id='word_1_11' title='bbox 293 343 493 377; x_wconf 86' lang='grc' dir='ltr'><strong><em>σονται,</em></strong></span> <span class='ocrx_word' id='word_1_12' title='bbox 527 325 604 369; x_wconf 75' lang='grc' dir='ltr'><strong>οὐκ</strong></span> <span class='ocrx_word' id='word_1_13' title='bbox 626 329 705 369; x_wconf 70' lang='grc' dir='ltr'><strong><em>ἔστι</em></strong></span> <span class='ocrx_word' id='word_1_14' title='bbox 724 325 799 369; x_wconf 83' lang='grc' dir='ltr'><strong>δὲ</strong></span> <span class='ocrx_word' id='word_1_15' title='bbox 786 325 893 375; x_wconf 74' lang='grc' dir='ltr'><strong><em>ὅστις</em></strong></span> <span class='ocrx_word' id='word_1_16' title='bbox 917 344 996 368; x_wconf 86' lang='grc' dir='ltr'><strong><em>των</em></strong></span> <span class='ocrx_word' id='word_1_17' title='bbox 1017 323 1211 377; x_wconf 81' lang='grc' dir='ltr'><strong><em>ἰδόντων,</em></strong></span> <span class='ocrx_word' id='word_1_18' title='bbox 1245 330 1280 370; x_wconf 82' lang='grc' dir='ltr'><strong>εἰ</strong></span> <span class='ocrx_word' id='word_1_19' title='bbox 1295 333 1397 370; x_wconf 84' lang='grc' dir='ltr'><strong><em>νοῦν</em></strong></span> <span class='ocrx_word' id='word_1_20' title='bbox 1423 332 1525 384; x_wconf 83' lang='grc' dir='ltr'><strong><em>ε’χοι,</em></strong></span> <span class='ocrx_word' id='word_1_21' title='bbox 1559 328 1750 382; x_wconf 70' lang='grc' dir='ltr'><strong><em>εὔξαιτ’</em></strong></span> 
     </span>
     <span class='ocr_line' id='line_1_4' title="bbox 292 381 1753 442; baseline 0.002 -15"><span class='ocrx_word' id='word_1_22' title='bbox 292 383 355 427; x_wconf 88' lang='grc' dir='ltr'><strong><em>α’ν</em></strong></span> <span class='ocrx_word' id='word_1_23' title='bbox 395 399 459 427; x_wconf 93' lang='grc' dir='ltr'><strong>σοι</strong></span> <span class='ocrx_word' id='word_1_24' title='bbox 491 382 632 435; x_wconf 79' lang='grc' dir='ltr'><strong><em>ὅμοιος</em></strong></span> <span class='ocrx_word' id='word_1_25' title='bbox 659 385 871 439; x_wconf 82' lang='grc' dir='ltr'><strong><em>γενέσθαι·</em></strong></span> <span class='ocrx_word' id='word_1_26' title='bbox 902 381 989 432; x_wconf 82' lang='grc' dir='ltr'><strong><em>οἶος</em></strong></span> <span class='ocrx_word' id='word_1_27' title='bbox 1008 382 1082 439; x_wconf 76' lang='grc' dir='ltr'><strong>γὰρ</strong></span> <span class='ocrx_word' id='word_1_28' title='bbox 1102 382 1152 425; x_wconf 76' lang='grc' dir='ltr'><strong><em>ἂν</em></strong></span> <span class='ocrx_word' id='word_1_29' title='bbox 1168 401 1238 442; x_wconf 80' lang='grc' dir='ltr'><strong>ης,</strong></span> <span class='ocrx_word' id='word_1_30' title='bbox 1269 384 1493 439; x_wconf 80' lang='grc' dir='ltr'><strong><em>βάναυσος,</em></strong></span> <span class='ocrx_word' id='word_1_31' title='bbox 1525 388 1595 429; x_wconf 86' lang='grc' dir='ltr'><strong>καὶ</strong></span> <span class='ocrx_word' id='word_1_32' title='bbox 1621 387 1753 441; x_wconf 79' lang='grc' dir='ltr'><strong><em>χειρώ-</em></strong></span> 
     </span>
     <span class='ocr_line' id='line_1_5' title="bbox 291 437 1752 502; baseline -0.001 -18"><span class='ocrx_word' id='word_1_33' title='bbox 291 444 386 491; x_wconf 80' lang='grc' dir='ltr'><strong><em>ναξ,</em></strong></span> <span class='ocrx_word' id='word_1_34' title='bbox 418 442 485 483; x_wconf 87' lang='grc' dir='ltr'><strong>καὶ</strong></span> <span class='ocrx_word' id='word_1_35' title='bbox 501 439 860 494; x_wconf 78' lang='grc' dir='ltr'><strong><em>ἀποχειροβίωτος,</em></strong></span> <span class='ocrx_word' id='word_1_36' title='bbox 891 437 1213 497; x_wconf 80' lang='grc' dir='ltr'><strong><em>νομισθήσῃ.</em></strong></span> <span class='ocrx_word' id='word_1_37' title='bbox 1272 442 1404 482; x_wconf 87' lang='lat' dir='ltr'><strong>Vides</strong></span> <span class='ocrx_word' id='word_1_38' title='bbox 1426 458 1512 502; x_wconf 85' lang='lat' dir='ltr'><strong>non</strong></span> <span class='ocrx_word' id='word_1_39' title='bbox 1535 444 1677 484; x_wconf 89' lang='lat' dir='ltr'><strong>minus</strong></span> <span class='ocrx_word' id='word_1_40' title='bbox 1700 445 1752 483; x_wconf 88' lang='lat' dir='ltr'><strong>il-</strong></span> 
     </span>
     <span class='ocr_line' id='line_1_6' title="bbox 291 495 1752 551; baseline 0.001 -14"><span class='ocrx_word' id='word_1_41' title='bbox 291 500 376 547; x_wconf 87' lang='lat' dir='ltr'><strong>lic,</strong></span> <span class='ocrx_word' id='word_1_42' title='bbox 411 511 533 551; x_wconf 90' lang='lat' dir='ltr'><strong>quam</strong></span> <span class='ocrx_word' id='word_1_43' title='bbox 568 496 662 547; x_wconf 85' lang='lat' dir='ltr'><strong>hic,</strong></span> <span class='ocrx_word' id='word_1_44' title='bbox 704 496 931 536; x_wconf 83' lang='lat' dir='ltr'>variandae</span> <span class='ocrx_word' id='word_1_45' title='bbox 966 498 1171 535; x_wconf 87' lang='lat' dir='ltr'><strong>orationis</strong></span> <span class='ocrx_word' id='word_1_46' title='bbox 1209 512 1352 537; x_wconf 80' lang='lat' dir='ltr'>caussa</span> <span class='ocrx_word' id='word_1_47' title='bbox 1387 495 1626 551; x_wconf 88' lang='lat' dir='ltr'><strong>promiscue</strong></span> <span class='ocrx_word' id='word_1_48' title='bbox 1662 514 1752 540; x_wconf 86' lang='lat' dir='ltr'><strong>sese</strong></span> 
     </span>
     <span class='ocr_line' id='line_1_7' title="bbox 293 552 1752 609; baseline 0.001 -17"><span class='ocrx_word' id='word_1_49' title='bbox 293 567 488 606; x_wconf 79' lang='lat' dir='ltr'><strong>excipere</strong></span> <span class='ocrx_word' id='word_1_50' title='bbox 501 552 731 605; x_wconf 81' lang='lat' dir='ltr'><strong>Optativos</strong></span> <span class='ocrx_word' id='word_1_51' title='bbox 753 563 794 592; x_wconf 93' lang='lat' dir='ltr'><strong>et</strong></span> <span class='ocrx_word' id='word_1_52' title='bbox 813 554 973 591; x_wconf 88' lang='lat' dir='ltr'><strong>Futura</strong></span> <span class='ocrx_word' id='word_1_53' title='bbox 994 554 1218 606; x_wconf 86' lang='lat' dir='ltr'><strong>simplicia.</strong></span> <span class='ocrx_word' id='word_1_54' title='bbox 1254 555 1319 595; x_wconf 88' lang='lat' dir='ltr'><strong>Cf.</strong></span> <span class='ocrx_word' id='word_1_55' title='bbox 1340 555 1451 593; x_wconf 86' lang='lat' dir='ltr'><strong>infra</strong></span> <span class='ocrx_word' id='word_1_56' title='bbox 1471 570 1505 595; x_wconf 81' lang='lat' dir='ltr'><strong>c.</strong></span> <span class='ocrx_word' id='word_1_57' title='bbox 1519 562 1586 600; x_wconf 84' lang='lat'><strong>43.</strong></span> <span class='ocrx_word' id='word_1_58' title='bbox 1619 555 1752 609; x_wconf 81' lang='lat' dir='ltr'><strong>Quid,</strong></span> 
     </span>
     <span class='ocr_line' id='line_1_8' title="bbox 294 610 1754 665; baseline 0.001 -17"><span class='ocrx_word' id='word_1_59' title='bbox 294 610 409 664; x_wconf 86' lang='lat' dir='ltr'><strong>quod</strong></span> <span class='ocrx_word' id='word_1_60' title='bbox 433 610 636 647; x_wconf 88' lang='lat' dir='ltr'><strong>Harmon.</strong></span> <span class='ocrx_word' id='word_1_61' title='bbox 658 623 691 647; x_wconf 87' lang='lat' dir='ltr'><strong>c.</strong></span> <span class='ocrx_word' id='word_1_62' title='bbox 714 615 751 652; x_wconf 98' lang='grc'><strong>2.</strong></span> <span class='ocrx_word' id='word_1_63' title='bbox 777 610 902 648; x_wconf 86' lang='lat' dir='ltr'><strong>etiam</strong></span> <span class='ocrx_word' id='word_1_64' title='bbox 928 613 1105 662; x_wconf 84' lang='lat' dir='ltr'>copulae</span> <span class='ocrx_word' id='word_1_65' title='bbox 1128 625 1209 664; x_wconf 90' lang='lat' dir='ltr'><strong>ope</strong></span> <span class='ocrx_word' id='word_1_66' title='bbox 1236 615 1557 665; x_wconf 84' lang='lat' dir='ltr'><strong>conjunguntur</strong></span> <span class='ocrx_word' id='word_1_67' title='bbox 1575 612 1754 665; x_wconf 86' lang='lat' dir='ltr'><strong>Optati-</strong></span> 
     </span>
     <span class='ocr_line' id='line_1_9' title="bbox 293 665 1752 718; baseline 0.001 -12"><span class='ocrx_word' id='word_1_68' title='bbox 293 681 371 706; x_wconf 88' lang='lat' dir='ltr'><strong>vus</strong></span> <span class='ocrx_word' id='word_1_69' title='bbox 392 677 431 705; x_wconf 87' lang='lat' dir='ltr'><strong>et</strong></span> <span class='ocrx_word' id='word_1_70' title='bbox 456 666 664 703; x_wconf 85' lang='lat' dir='ltr'><strong>Futurum</strong></span> <span class='ocrx_word' id='word_1_71' title='bbox 691 665 871 718; x_wconf 86' lang='lat' dir='ltr'><strong>simplex</strong></span> <span class='ocrx_word' id='word_1_72' title='bbox 903 667 945 703; x_wconf 90' lang='lat' dir='ltr'><strong>in</strong></span> <span class='ocrx_word' id='word_1_73' title='bbox 973 666 1138 715; x_wconf 85' lang='lat' dir='ltr'><strong>verbis,</strong></span> <span class='ocrx_word' id='word_1_74' title='bbox 1181 668 1368 707; x_wconf 85' lang='lat' dir='ltr'><strong>mimime</strong></span> <span class='ocrx_word' id='word_1_75' title='bbox 1400 669 1486 706; x_wconf 92' lang='lat' dir='ltr'><strong>illis</strong></span> <span class='ocrx_word' id='word_1_76' title='bbox 1516 668 1752 707; x_wconf 76' lang='lat' dir='ltr'><strong>tentandis:</strong></span> 
     </span>
    </p>
   </div>
   <div class='ocr_carea' id='block_1_3' title="bbox 282 719 1756 2741">
    <p class='ocr_par' dir='ltr' id='par_1_3' title="bbox 288 719 1754 819">
     <span class='ocr_line' id='line_1_10' title="bbox 292 719 1754 772; baseline 0.001 -7"><span class='ocrx_word' id='word_1_77' title='bbox 292 719 502 770; x_wconf 80' lang='grc' dir='ltr'><strong><em>εἰτούτοις</em></strong></span> <span class='ocrx_word' id='word_1_78' title='bbox 529 745 588 751; x_wconf 95' lang='grc'><strong>--</strong></span> <span class='ocrx_word' id='word_1_79' title='bbox 615 724 919 772; x_wconf 77' lang='grc' dir='ltr'><strong><em>ἐπιδείξαιο</em></strong></span> <span class='ocrx_word' id='word_1_80' title='bbox 955 746 1013 753; x_wconf 90' lang='grc'><strong>-·</strong></span> <span class='ocrx_word' id='word_1_81' title='bbox 1050 726 1119 765; x_wconf 80' lang='grc' dir='ltr'><strong>καὶ</strong></span> <span class='ocrx_word' id='word_1_82' title='bbox 1151 724 1262 766; x_wconf 83' lang='grc' dir='ltr'><strong><em>οὑτοι</em></strong></span> <span class='ocrx_word' id='word_1_83' title='bbox 1300 726 1670 767; x_wconf 82' lang='grc' dir='ltr'><strong><em>ἐπαινέσονταί</em></strong></span> <span class='ocrx_word' id='word_1_84' title='bbox 1709 739 1754 767; x_wconf 87' lang='grc' dir='ltr'><strong>σε</strong></span> 
     </span>
     <span class='ocr_line' id='line_1_11' title="bbox 288 779 556 819; baseline -0.02 0"><span class='ocrx_word' id='word_1_85' title='bbox 288 779 556 819; x_wconf 75' lang='lat' dir='ltr'><strong>etc.Lmnv1</strong></span> 
     </span>
    </p>

    <p class='ocr_par' dir='ltr' id='par_1_4' title="bbox 284 831 1755 1157">
     <span class='ocr_line' id='line_1_12' title="bbox 407 831 1753 891; baseline -0.001 -14"><span class='ocrx_word' id='word_1_86' title='bbox 407 834 505 886; x_wconf 70' lang='lat' dir='ltr'><strong>Pag.</strong></span> <span class='ocrx_word' id='word_1_87' title='bbox 527 836 642 877; x_wconf 81' lang='lat'>45-1·</span> <span class='ocrx_word' id='word_1_88' title='bbox 667 840 707 877; x_wconf 79' lang='lat'><strong>2·</strong></span> <span class='ocrx_word' id='word_1_89' title='bbox 733 831 814 883; x_wconf 74' lang='grc' dir='ltr'><strong>,Ως</strong></span> <span class='ocrx_word' id='word_1_90' title='bbox 834 833 1185 891; x_wconf 72' lang='grc' dir='ltr'><strong><em>ῤ’ᾆον)“”Οςρᾷον</em></strong></span> <span class='ocrx_word' id='word_1_91' title='bbox 1216 836 1440 876; x_wconf 86' lang='lat' dir='ltr'><strong>inveniens</strong></span> <span class='ocrx_word' id='word_1_92' title='bbox 1466 837 1502 879; x_wconf 85' lang='lat' dir='ltr'><strong>J.</strong></span> <span class='ocrx_word' id='word_1_93' title='bbox 1524 836 1753 887; x_wconf 78' lang='lat' dir='ltr'><strong>Brodaeus,</strong></span> 
     </span>
     <span class='ocr_line' id='line_1_13' title="bbox 290 880 1751 958; baseline 0 -26"><span class='ocrx_word' id='word_1_94' title='bbox 290 888 343 941; x_wconf 77' lang='grc' dir='ltr'><strong>ὥς</strong></span> <span class='ocrx_word' id='word_1_95' title='bbox 379 893 481 958; x_wconf 79' lang='grc' dir='ltr'><strong>ραοῦ</strong></span> <span class='ocrx_word' id='word_1_96' title='bbox 501 891 711 944; x_wconf 82' lang='lat' dir='ltr'><strong>corrigere</strong></span> <span class='ocrx_word' id='word_1_97' title='bbox 742 891 881 943; x_wconf 86' lang='lat' dir='ltr'><strong>jubet,</strong></span> <span class='ocrx_word' id='word_1_98' title='bbox 914 892 1045 931; x_wconf 87' lang='lat' dir='ltr'><strong>Misc.</strong></span> <span class='ocrx_word' id='word_1_99' title='bbox 1069 880 1146 931; x_wconf 90' lang='lat' dir='ltr'><strong>IX.</strong></span> <span class='ocrx_word' id='word_1_100' title='bbox 1171 909 1205 933; x_wconf 92' lang='lat' dir='ltr'><strong>c.</strong></span> <span class='ocrx_word' id='word_1_101' title='bbox 1230 899 1293 936; x_wconf 83' lang='lat'><strong>16.</strong></span> <span class='ocrx_word' id='word_1_102' title='bbox 1337 894 1420 932; x_wconf 87' lang='lat' dir='ltr'><strong>Sed</strong></span> <span class='ocrx_word' id='word_1_103' title='bbox 1452 908 1540 932; x_wconf 90' lang='lat' dir='ltr'><strong>non</strong></span> <span class='ocrx_word' id='word_1_104' title='bbox 1577 893 1751 943; x_wconf 84' lang='lat' dir='ltr'><strong>dubito,</strong></span> 
     </span>
     <span class='ocr_line' id='line_1_14' title="bbox 289 948 1756 1003; baseline 0.001 -14"><span class='ocrx_word' id='word_1_105' title='bbox 289 948 395 1003; x_wconf 86' lang='lat' dir='ltr'><strong>quin</strong></span> <span class='ocrx_word' id='word_1_106' title='bbox 420 964 474 995; x_wconf 83' lang='grc' dir='ltr'><strong>ως</strong></span> <span class='ocrx_word' id='word_1_107' title='bbox 491 950 590 1003; x_wconf 75' lang='grc' dir='ltr'><strong><em>ῥᾷον</em></strong></span> <span class='ocrx_word' id='word_1_108' title='bbox 624 948 833 996; x_wconf 83' lang='lat' dir='ltr'><strong>voluerit,</strong></span> <span class='ocrx_word' id='word_1_109' title='bbox 874 962 921 986; x_wconf 80' lang='lat' dir='ltr'><strong>ac</strong></span> <span class='ocrx_word' id='word_1_110' title='bbox 956 962 1030 1000; x_wconf 84' lang='lat' dir='ltr'><strong>per</strong></span> <span class='ocrx_word' id='word_1_111' title='bbox 1062 949 1384 1002; x_wconf 76' lang='lat' dir='ltr'>typothetarum</span> <span class='ocrx_word' id='word_1_112' title='bbox 1416 950 1622 988; x_wconf 87' lang='lat' dir='ltr'><strong>incuriam</strong></span> <span class='ocrx_word' id='word_1_113' title='bbox 1653 951 1756 1002; x_wconf 80' lang='grc' dir='ltr'><strong>ραοῦ</strong></span> 
     </span>
     <span class='ocr_line' id='line_1_15' title="bbox 290 1004 1751 1059; baseline -0.001 -16"><span class='ocrx_word' id='word_1_114' title='bbox 290 1004 391 1043; x_wconf 90' lang='lat' dir='ltr'><strong>inde</strong></span> <span class='ocrx_word' id='word_1_115' title='bbox 412 1004 572 1042; x_wconf 89' lang='lat' dir='ltr'><strong>factum</strong></span> <span class='ocrx_word' id='word_1_116' title='bbox 599 1004 678 1056; x_wconf 82' lang='lat' dir='ltr'><strong>sit3</strong></span> <span class='ocrx_word' id='word_1_117' title='bbox 710 1017 855 1041; x_wconf 89' lang='lat' dir='ltr'><strong>verum</strong></span> <span class='ocrx_word' id='word_1_118' title='bbox 879 1014 920 1043; x_wconf 90' lang='lat' dir='ltr'><strong>et</strong></span> <span class='ocrx_word' id='word_1_119' title='bbox 946 1019 1024 1057; x_wconf 77' lang='lat' dir='ltr'><strong>ego</strong></span> <span class='ocrx_word' id='word_1_120' title='bbox 1044 1019 1131 1042; x_wconf 87' lang='lat' dir='ltr'><strong>non</strong></span> <span class='ocrx_word' id='word_1_121' title='bbox 1156 1005 1299 1052; x_wconf 88' lang='lat' dir='ltr'><strong>aliter,</strong></span> <span class='ocrx_word' id='word_1_122' title='bbox 1334 1019 1458 1059; x_wconf 87' lang='lat' dir='ltr'><strong>quam</strong></span> <span class='ocrx_word' id='word_1_123' title='bbox 1483 1005 1552 1044; x_wconf 90' lang='lat' dir='ltr'><strong>edi</strong></span> <span class='ocrx_word' id='word_1_124' title='bbox 1582 1005 1751 1053; x_wconf 88' lang='lat' dir='ltr'><strong>curavi,</strong></span> 
     </span>
     <span class='ocr_line' id='line_1_16' title="bbox 286 1059 1751 1113; baseline 0 -14"><span class='ocrx_word' id='word_1_125' title='bbox 286 1075 467 1113; x_wconf 86' lang='lat' dir='ltr'>usquam</span> <span class='ocrx_word' id='word_1_126' title='bbox 488 1059 653 1099; x_wconf 89' lang='lat' dir='ltr'><strong>inveni.</strong></span> <span class='ocrx_word' id='word_1_127' title='bbox 713 1060 878 1098; x_wconf 76' lang='lat' dir='ltr'><strong>Rmrz.</strong></span> <span class='ocrx_word' id='word_1_128' title='bbox 938 1060 1114 1099; x_wconf 77' lang='lat' dir='ltr'><strong>Brodaei</strong></span> <span class='ocrx_word' id='word_1_129' title='bbox 1147 1062 1377 1101; x_wconf 87' lang='lat' dir='ltr'><strong>lectionem</strong></span> <span class='ocrx_word' id='word_1_130' title='bbox 1409 1060 1599 1100; x_wconf 84' lang='lat' dir='ltr'><strong>ostendit</strong></span> <span class='ocrx_word' id='word_1_131' title='bbox 1629 1063 1678 1099; x_wconf 91' lang='lat' dir='ltr'><strong>A.</strong></span> <span class='ocrx_word' id='word_1_132' title='bbox 1712 1067 1751 1104; x_wconf 86' lang='grc'><strong>2.</strong></span> 
     </span>
     <span class='ocr_line' id='line_1_17' title="bbox 284 1117 444 1157; baseline 0.006 -3"><span class='ocrx_word' id='word_1_133' title='bbox 284 1117 444 1157; x_wconf 78' lang='lat' dir='ltr'><strong>LEHM.</strong></span> 
     </span>
    </p>

    <p class='ocr_par' dir='ltr' id='par_1_5' title="bbox 286 1171 1756 1452">
     <span class='ocr_line' id='line_1_18' title="bbox 398 1171 1752 1228; baseline 0.002 -17"><span class='ocrx_word' id='word_1_134' title='bbox 398 1171 501 1211; x_wconf 75' lang='lat' dir='ltr'><strong>Eacl.</strong></span> <span class='ocrx_word' id='word_1_135' title='bbox 529 1174 558 1211; x_wconf 88' lang='lat'><strong>1.</strong></span> <span class='ocrx_word' id='word_1_136' title='bbox 594 1175 632 1213; x_wconf 88' lang='lat'><strong>9.</strong></span> <span class='ocrx_word' id='word_1_137' title='bbox 676 1174 1004 1226; x_wconf 80' lang='grc' dir='ltr'><strong><em>Διϊσχυρίζοιτο)</em></strong></span> <span class='ocrx_word' id='word_1_138' title='bbox 1044 1172 1281 1212; x_wconf 74' lang='lat' dir='ltr'><strong>Benedictus</strong></span> <span class='ocrx_word' id='word_1_139' title='bbox 1311 1172 1463 1222; x_wconf 84' lang='lat' dir='ltr'><strong>vertit,</strong></span> <span class='ocrx_word' id='word_1_140' title='bbox 1504 1172 1752 1228; x_wconf 75' lang='lat' dir='ltr'><strong>adfirmaret:</strong></span> 
     </span>
     <span class='ocr_line' id='line_1_19' title="bbox 291 1229 1754 1284; baseline 0 -15"><span class='ocrx_word' id='word_1_141' title='bbox 291 1229 515 1282; x_wconf 79' lang='lat' dir='ltr'><strong>Obsopoeus</strong></span> <span class='ocrx_word' id='word_1_142' title='bbox 556 1229 821 1279; x_wconf 83' lang='lat' dir='ltr'>accuratius,</span> <span class='ocrx_word' id='word_1_143' title='bbox 867 1232 1120 1282; x_wconf 79' lang='lat' dir='ltr'><strong>pertinaciter</strong></span> <span class='ocrx_word' id='word_1_144' title='bbox 1155 1230 1394 1284; x_wconf 55' lang='lat' dir='ltr'><strong>arisit-maret.</strong></span> <span class='ocrx_word' id='word_1_145' title='bbox 1473 1229 1657 1269; x_wconf 83' lang='lat' dir='ltr'><strong>Elsnerus</strong></span> <span class='ocrx_word' id='word_1_146' title='bbox 1701 1230 1754 1269; x_wconf 87' lang='lat' dir='ltr'><strong>ad</strong></span> 
     </span>
     <span class='ocr_line' id='line_1_20' title="bbox 287 1283 1754 1340; baseline 0.001 -17"><span class='ocrx_word' id='word_1_147' title='bbox 287 1287 453 1338; x_wconf 77' lang='lat' dir='ltr'><strong>Evang.</strong></span> <span class='ocrx_word' id='word_1_148' title='bbox 479 1284 580 1323; x_wconf 84' lang='lat' dir='ltr'><strong>Luc.</strong></span> <span class='ocrx_word' id='word_1_149' title='bbox 602 1283 755 1332; x_wconf 73' lang='lat' dir='ltr'><strong>XXII,</strong></span> <span class='ocrx_word' id='word_1_150' title='bbox 780 1290 848 1328; x_wconf 83' lang='lat'><strong>59.</strong></span> <span class='ocrx_word' id='word_1_151' title='bbox 882 1288 1099 1339; x_wconf 79' lang='lat' dir='ltr'><strong>vulgatum</strong></span> <span class='ocrx_word' id='word_1_152' title='bbox 1131 1285 1429 1337; x_wconf 81' lang='lat' dir='ltr'><strong>reprehendit,</strong></span> <span class='ocrx_word' id='word_1_153' title='bbox 1463 1286 1537 1340; x_wconf 88' lang='lat' dir='ltr'><strong>qui</strong></span> <span class='ocrx_word' id='word_1_154' title='bbox 1567 1286 1754 1340; x_wconf 77' lang='lat' dir='ltr'><strong>adfirma-</strong></span> 
     </span>
     <span class='ocr_line' id='line_1_21' title="bbox 289 1340 1756 1390; baseline 0.001 -10"><span class='ocrx_word' id='word_1_155' title='bbox 289 1342 357 1380; x_wconf 78' lang='lat' dir='ltr'><strong>bat</strong></span> <span class='ocrx_word' id='word_1_156' title='bbox 374 1340 630 1390; x_wconf 85' lang='lat' dir='ltr'><strong>reddiderit,</strong></span> <span class='ocrx_word' id='word_1_157' title='bbox 664 1350 704 1379; x_wconf 85' lang='lat' dir='ltr'><strong>et</strong></span> <span class='ocrx_word' id='word_1_158' title='bbox 722 1340 869 1380; x_wconf 69' lang='lat' dir='ltr'><strong>Bezam</strong></span> <span class='ocrx_word' id='word_1_159' title='bbox 890 1343 1048 1380; x_wconf 88' lang='lat' dir='ltr'><strong>rectius</strong></span> <span class='ocrx_word' id='word_1_160' title='bbox 1070 1340 1324 1380; x_wconf 70' lang='lat' dir='ltr'><strong>adseverabat</strong></span> <span class='ocrx_word' id='word_1_161' title='bbox 1344 1341 1536 1390; x_wconf 79' lang='lat' dir='ltr'><strong>dedisse,</strong></span> <span class='ocrx_word' id='word_1_162' title='bbox 1569 1356 1616 1381; x_wconf 84' lang='lat' dir='ltr'><strong>ac</strong></span> <span class='ocrx_word' id='word_1_163' title='bbox 1637 1343 1756 1382; x_wconf 86' lang='lat' dir='ltr'><strong>testi·</strong></span> 
     </span>
     <span class='ocr_line' id='line_1_22' title="bbox 286 1396 1753 1452; baseline 0.001 -16"><span class='ocrx_word' id='word_1_164' title='bbox 286 1397 530 1436; x_wconf 82' lang='lat' dir='ltr'><strong>moniorum</strong></span> <span class='ocrx_word' id='word_1_165' title='bbox 558 1396 660 1435; x_wconf 87' lang='lat' dir='ltr'><strong>satis</strong></span> <span class='ocrx_word' id='word_1_166' title='bbox 683 1396 843 1448; x_wconf 89' lang='lat' dir='ltr'><strong>adfer,t</strong></span> <span class='ocrx_word' id='word_1_167' title='bbox 874 1397 987 1436; x_wconf 89' lang='lat' dir='ltr'><strong>unde</strong></span> <span class='ocrx_word' id='word_1_168' title='bbox 1014 1397 1143 1450; x_wconf 84' lang='lat' dir='ltr'><strong>hujus</strong></span> <span class='ocrx_word' id='word_1_169' title='bbox 1167 1398 1281 1437; x_wconf 83' lang='lat' dir='ltr'><strong>verbi</strong></span> <span class='ocrx_word' id='word_1_170' title='bbox 1300 1398 1365 1437; x_wconf 89' lang='lat' dir='ltr'><strong>vis</strong></span> <span class='ocrx_word' id='word_1_171' title='bbox 1387 1408 1547 1452; x_wconf 88' lang='lat' dir='ltr'><strong>pateat.</strong></span> <span class='ocrx_word' id='word_1_172' title='bbox 1588 1400 1753 1438; x_wconf 60' lang='lat' dir='ltr'><strong>Ram—z.</strong></span> 
     </span>
    </p>

    <p class='ocr_par' dir='ltr' id='par_1_6' title="bbox 284 1450 1756 1955">
     <span class='ocr_line' id='line_1_23' title="bbox 400 1450 1755 1507; baseline -0.001 -12"><span class='ocrx_word' id='word_1_173' title='bbox 400 1452 502 1492; x_wconf 73' lang='lat' dir='ltr'><strong>Eatl-</strong></span> <span class='ocrx_word' id='word_1_174' title='bbox 526 1455 554 1490; x_wconf 89' lang='lat' dir='ltr'><strong>l·</strong></span> <span class='ocrx_word' id='word_1_175' title='bbox 584 1458 646 1495; x_wconf 86' lang='grc'><strong>11.</strong></span> <span class='ocrx_word' id='word_1_176' title='bbox 670 1450 736 1494; x_wconf 68' lang='lat' dir='ltr'><strong>”H</strong></span> <span class='ocrx_word' id='word_1_177' title='bbox 755 1456 861 1495; x_wconf 80' lang='grc' dir='ltr'><strong><em>εἴποι</em></strong></span> <span class='ocrx_word' id='word_1_178' title='bbox 881 1457 967 1502; x_wconf 83' lang='grc' dir='ltr'><strong>τις)</strong></span> <span class='ocrx_word' id='word_1_179' title='bbox 998 1454 1086 1507; x_wconf 78' lang='lat' dir='ltr'><strong>Qui</strong></span> <span class='ocrx_word' id='word_1_180' title='bbox 1114 1454 1219 1493; x_wconf 90' lang='lat' dir='ltr'><strong>bene</strong></span> <span class='ocrx_word' id='word_1_181' title='bbox 1239 1464 1372 1493; x_wconf 84' lang='lat' dir='ltr'><strong>totam</strong></span> <span class='ocrx_word' id='word_1_182' title='bbox 1406 1455 1615 1494; x_wconf 88' lang='lat' dir='ltr'><strong>orationis</strong></span> <span class='ocrx_word' id='word_1_183' title='bbox 1641 1456 1755 1493; x_wconf 86' lang='lat' dir='ltr'><strong>seri--</strong></span> 
     </span>
     <span class='ocr_line' id='line_1_24' title="bbox 287 1508 1754 1564; baseline 0.001 -15"><span class='ocrx_word' id='word_1_184' title='bbox 287 1525 351 1550; x_wconf 90' lang='lat' dir='ltr'><strong>em</strong></span> <span class='ocrx_word' id='word_1_185' title='bbox 381 1508 739 1558; x_wconf 82' lang='lat' dir='ltr'><strong>consideraverit,</strong></span> <span class='ocrx_word' id='word_1_186' title='bbox 773 1510 892 1548; x_wconf 92' lang='lat' dir='ltr'><strong>illum</strong></span> <span class='ocrx_word' id='word_1_187' title='bbox 923 1508 1310 1549; x_wconf 87' lang='lat' dir='ltr'><strong>animadversurum</strong></span> <span class='ocrx_word' id='word_1_188' title='bbox 1340 1521 1471 1562; x_wconf 88' lang='lat' dir='ltr'><strong>puto,</strong></span> <span class='ocrx_word' id='word_1_189' title='bbox 1515 1511 1679 1564; x_wconf 80' lang='lat' dir='ltr'><strong>requiii</strong></span> <span class='ocrx_word' id='word_1_190' title='bbox 1702 1511 1754 1550; x_wconf 88' lang='lat' dir='ltr'><strong>ad</strong></span> 
     </span>
     <span class='ocr_line' id='line_1_25' title="bbox 286 1540 1754 1621; baseline 0 -16"><span class='ocrx_word' id='word_1_191' title='bbox 286 1565 541 1605; x_wconf 85' lang='lat' dir='ltr'><strong>sententiam</strong></span> <span class='ocrx_word' id='word_1_192' title='bbox 578 1540 860 1617; x_wconf 81' lang='lat' dir='ltr'><strong>implendam,</strong></span> <span class='ocrx_word' id='word_1_193' title='bbox 895 1566 1229 1604; x_wconf 83' lang='lat' dir='ltr'><strong>conditionalem</strong></span> <span class='ocrx_word' id='word_1_194' title='bbox 1263 1567 1513 1618; x_wconf 87' lang='lat' dir='ltr'><strong>particulam</strong></span> <span class='ocrx_word' id='word_1_195' title='bbox 1541 1569 1595 1616; x_wconf 80' lang='grc' dir='ltr'><strong>εἰ,</strong></span> <span class='ocrx_word' id='word_1_196' title='bbox 1629 1581 1754 1621; x_wconf 86' lang='lat' dir='ltr'><strong>quam</strong></span> 
     </span>
     <span class='ocr_line' id='line_1_26' title="bbox 287 1619 1752 1675; baseline 0.002 -15"><span class='ocrx_word' id='word_1_197' title='bbox 287 1619 612 1673; x_wconf 87' lang='lat' dir='ltr'><strong>interpretando</strong></span> <span class='ocrx_word' id='word_1_198' title='bbox 637 1631 749 1659; x_wconf 77' lang='lat' dir='ltr'><strong>certe</strong></span> <span class='ocrx_word' id='word_1_199' title='bbox 769 1635 1012 1674; x_wconf 83' lang='lat' dir='ltr'><strong>expressam</strong></span> <span class='ocrx_word' id='word_1_200' title='bbox 1034 1635 1157 1660; x_wconf 88' lang='lat' dir='ltr'><strong>nemo</strong></span> <span class='ocrx_word' id='word_1_201' title='bbox 1179 1621 1498 1675; x_wconf 78' lang='lat' dir='ltr'><strong>indignabitur3</strong></span> <span class='ocrx_word' id='word_1_202' title='bbox 1527 1624 1605 1662; x_wconf 77' lang='lat' dir='ltr'><strong>etsi</strong></span> <span class='ocrx_word' id='word_1_203' title='bbox 1627 1624 1752 1672; x_wconf 84' lang='lat' dir='ltr'><strong>forte,</strong></span> 
     </span>
     <span class='ocr_line' id='line_1_27' title="bbox 288 1676 1755 1746; baseline 0 -30"><span class='ocrx_word' id='word_1_204' title='bbox 288 1677 386 1716; x_wconf 90' lang='lat' dir='ltr'><strong>dum</strong></span> <span class='ocrx_word' id='word_1_205' title='bbox 412 1676 521 1715; x_wconf 88' lang='lat' dir='ltr'><strong>liber</strong></span> <span class='ocrx_word' id='word_1_206' title='bbox 545 1677 701 1729; x_wconf 88' lang='lat' dir='ltr'><strong>aliquis</strong></span> <span class='ocrx_word' id='word_1_207' title='bbox 723 1688 966 1723; x_wconf 88' lang='lat' dir='ltr'><strong>succurrat,</strong></span> <span class='ocrx_word' id='word_1_208' title='bbox 999 1686 1203 1716; x_wconf 79' lang='lat' dir='ltr'><strong>contexto</strong></span> <span class='ocrx_word' id='word_1_209' title='bbox 1229 1678 1310 1730; x_wconf 90' lang='lat' dir='ltr'><strong>ipsi</strong></span> <span class='ocrx_word' id='word_1_210' title='bbox 1331 1693 1417 1717; x_wconf 88' lang='lat' dir='ltr'><strong>eam</strong></span> <span class='ocrx_word' id='word_1_211' title='bbox 1444 1679 1537 1718; x_wconf 89' lang='lat' dir='ltr'><strong>sine</strong></span> <span class='ocrx_word' id='word_1_212' title='bbox 1547 1688 1660 1746; x_wconf 72' lang='lat' dir='ltr'><strong>¹nota</strong></span> <span class='ocrx_word' id='word_1_213' title='bbox 1684 1679 1755 1717; x_wconf 70' lang='lat' dir='ltr'><strong>in-</strong></span> 
     </span>
     <span class='ocr_line' id='line_1_28' title="bbox 286 1732 1754 1786; baseline 0 -14"><span class='ocrx_word' id='word_1_214' title='bbox 286 1735 369 1772; x_wconf 91' lang='lat' dir='ltr'><strong>seri</strong></span> <span class='ocrx_word' id='word_1_215' title='bbox 395 1732 670 1772; x_wconf 89' lang='lat' dir='ltr'><strong>modesti01es</strong></span> <span class='ocrx_word' id='word_1_216' title='bbox 695 1734 851 1774; x_wconf 86' lang='lat' dir='ltr'><strong>nolint.</strong></span> <span class='ocrx_word' id='word_1_217' title='bbox 913 1734 1157 1773; x_wconf 87' lang='lat' dir='ltr'><strong>Concursus</strong></span> <span class='ocrx_word' id='word_1_218' title='bbox 1181 1733 1252 1772; x_wconf 87' lang='lat' dir='ltr'><strong>ille</strong></span> <span class='ocrx_word' id='word_1_219' title='bbox 1277 1743 1318 1772; x_wconf 87' lang='lat' dir='ltr'><strong>et</strong></span> <span class='ocrx_word' id='word_1_220' title='bbox 1339 1734 1507 1785; x_wconf 77' lang='lat' dir='ltr'><strong>hiatus,</strong></span> <span class='ocrx_word' id='word_1_221' title='bbox 1538 1732 1565 1786; x_wconf 76' lang='grc' dir='ltr'><em>ἢ</em></span> <span class='ocrx_word' id='word_1_222' title='bbox 1586 1737 1622 1776; x_wconf 82' lang='grc' dir='ltr'><strong>εἰ</strong></span> <span class='ocrx_word' id='word_1_223' title='bbox 1637 1737 1754 1786; x_wconf 81' lang='grc' dir='ltr'><strong><em>εἴποι</em></strong></span> 
     </span>
     <span class='ocr_line' id='line_1_29' title="bbox 285 1789 1756 1841; baseline 0.001 -13"><span class='ocrx_word' id='word_1_224' title='bbox 285 1790 416 1836; x_wconf 85' lang='lat' dir='ltr'><strong>fecit,</strong></span> <span class='ocrx_word' id='word_1_225' title='bbox 449 1799 498 1827; x_wconf 89' lang='lat' dir='ltr'><strong>ut</strong></span> <span class='ocrx_word' id='word_1_226' title='bbox 522 1789 789 1841; x_wconf 87' lang='lat' dir='ltr'><strong>interjectum</strong></span> <span class='ocrx_word' id='word_1_227' title='bbox 813 1792 849 1840; x_wconf 69' lang='grc' dir='ltr'>ξί</span> <span class='ocrx_word' id='word_1_228' title='bbox 869 1799 988 1829; x_wconf 88' lang='lat' dir='ltr'><strong>tanto</strong></span> <span class='ocrx_word' id='word_1_229' title='bbox 1015 1790 1187 1828; x_wconf 87' lang='lat' dir='ltr'><strong>facilius</strong></span> <span class='ocrx_word' id='word_1_230' title='bbox 1210 1789 1451 1831; x_wconf 90' lang='lat' dir='ltr'><strong>elideretur.</strong></span> <span class='ocrx_word' id='word_1_231' title='bbox 1476 1791 1614 1831; x_wconf 58' lang='grc' dir='ltr'><strong>ΟΜΝ.</strong></span> <span class='ocrx_word' id='word_1_232' title='bbox 1653 1792 1756 1830; x_wconf 88' lang='lat' dir='ltr'><strong>Pro-</strong></span> 
     </span>
     <span class='ocr_line' id='line_1_30' title="bbox 284 1844 1756 1900; baseline 0.001 -16"><span class='ocrx_word' id='word_1_233' title='bbox 284 1845 587 1884; x_wconf 88' lang='lat' dir='ltr'><strong>babilissimam</strong></span> <span class='ocrx_word' id='word_1_234' title='bbox 618 1844 898 1900; x_wconf 82' lang='lat' dir='ltr'><strong>undequaque</strong></span> <span class='ocrx_word' id='word_1_235' title='bbox 937 1846 1095 1885; x_wconf 80' lang='lat' dir='ltr'><strong>Gesner-i</strong></span> <span class='ocrx_word' id='word_1_236' title='bbox 1128 1849 1415 1897; x_wconf 87' lang='lat' dir='ltr'><strong>conjecturam</strong></span> <span class='ocrx_word' id='word_1_237' title='bbox 1447 1846 1586 1885; x_wconf 85' lang='lat' dir='ltr'><strong>adhuc</strong></span> <span class='ocrx_word' id='word_1_238' title='bbox 1619 1861 1756 1900; x_wconf 75' lang='lat' dir='ltr'><strong>repa--</strong></span> 
     </span>
     <span class='ocr_line' id='line_1_31' title="bbox 286 1901 1656 1969; baseline -0.001 -28"><span class='ocrx_word' id='word_1_239' title='bbox 286 1901 403 1941; x_wconf 86' lang='lat' dir='ltr'><strong>diare</strong></span> <span class='ocrx_word' id='word_1_240' title='bbox 435 1904 570 1950; x_wconf 86' lang='lat' dir='ltr'><strong>velle,</strong></span> <span class='ocrx_word' id='word_1_241' title='bbox 604 1901 844 1953; x_wconf 86' lang='lat' dir='ltr'><strong>improbae</strong></span> <span class='ocrx_word' id='word_1_242' title='bbox 878 1903 1056 1969; x_wconf 80' lang='lat' dir='ltr'><strong>opinor,</strong></span> <span class='ocrx_word' id='word_1_243' title='bbox 1089 1903 1201 1940; x_wconf 84' lang='lat' dir='ltr'><strong>foret</strong></span> <span class='ocrx_word' id='word_1_244' title='bbox 1225 1901 1470 1941; x_wconf 87' lang='lat' dir='ltr'><strong>modestiae.</strong></span> <span class='ocrx_word' id='word_1_245' title='bbox 1502 1904 1656 1945; x_wconf 71' lang='lat' dir='ltr'><strong>me</strong></span> 
     </span>
    </p>

    <p class='ocr_par' dir='ltr' id='par_1_7' title="bbox 282 1957 1751 2348">
     <span class='ocr_line' id='line_1_32' title="bbox 395 1957 1749 2028; baseline 0.001 -30"><span class='ocrx_word' id='word_1_246' title='bbox 395 1959 494 2011; x_wconf 77' lang='lat' dir='ltr'><strong>Pag</strong></span> <span class='ocrx_word' id='word_1_247' title='bbox 525 1961 649 2000; x_wconf 79' lang='lat'><strong>46-1.</strong></span> <span class='ocrx_word' id='word_1_248' title='bbox 680 1961 719 2002; x_wconf 89' lang='lat'><strong>5·</strong></span> <span class='ocrx_word' id='word_1_249' title='bbox 773 1958 1018 2000; x_wconf 84' lang='grc' dir='ltr'><strong><em>Δικαιότατα</em></strong></span> <span class='ocrx_word' id='word_1_250' title='bbox 1045 1975 1120 2012; x_wconf 79' lang='grc' dir='ltr'><strong>γαρ</strong></span> <span class='ocrx_word' id='word_1_251' title='bbox 1151 1959 1365 2009; x_wconf 78' lang='grc' dir='ltr'><strong><em>ἐκπλῆξαι)</em></strong></span> <span class='ocrx_word' id='word_1_252' title='bbox 1403 1957 1644 2000; x_wconf 78' lang='grc' dir='ltr'><strong><em>Δικαιότατα</em></strong></span> <span class='ocrx_word' id='word_1_253' title='bbox 1673 1977 1749 2028; x_wconf 80' lang='grc' dir='ltr'><strong>γαρ</strong></span> 
     </span>
     <span class='ocr_line' id='line_1_33' title="bbox 282 2013 1750 2071; baseline -0.003 -14"><span class='ocrx_word' id='word_1_254' title='bbox 282 2015 505 2067; x_wconf 81' lang='grc' dir='ltr'><strong><em>ἒπιπληξαι.</em></strong></span> <span class='ocrx_word' id='word_1_255' title='bbox 536 2015 602 2052; x_wconf 87' lang='lat' dir='ltr'>M</span> <span class='ocrx_word' id='word_1_256' title='bbox 603 2027 745 2054; x_wconf 72' lang='lat' dir='ltr'><strong>men..</strong></span> <span class='ocrx_word' id='word_1_257' title='bbox 805 2016 939 2054; x_wconf 88' lang='lat' dir='ltr'><strong>Recte</strong></span> <span class='ocrx_word' id='word_1_258' title='bbox 959 2013 1175 2054; x_wconf 79' lang='lat' dir='ltr'><strong>Marcilius</strong></span> <span class='ocrx_word' id='word_1_259' title='bbox 1195 2014 1382 2066; x_wconf 83' lang='lat' dir='ltr'><strong>conjecit</strong></span> <span class='ocrx_word' id='word_1_260' title='bbox 1417 2013 1646 2056; x_wconf 76' lang='grc' dir='ltr'><strong><em>δικαιότατα</em></strong></span> <span class='ocrx_word' id='word_1_261' title='bbox 1673 2014 1750 2071; x_wconf 72' lang='grc' dir='ltr'><strong>γὰρ</strong></span> 
     </span>
     <span class='ocr_line' id='line_1_34' title="bbox 283 2070 1751 2135; baseline -0.005 -22"><span class='ocrx_word' id='word_1_262' title='bbox 283 2073 495 2123; x_wconf 79' lang='grc' dir='ltr'><strong><em>ἐπιπληξαι</em></strong></span> <span class='ocrx_word' id='word_1_263' title='bbox 527 2073 640 2112; x_wconf 80' lang='grc' dir='ltr'><strong><em>δοκεῖ</em></strong></span> <span class='ocrx_word' id='word_1_264' title='bbox 662 2088 752 2122; x_wconf 82' lang='grc' dir='ltr'><strong><em>μοι,</em></strong></span> <span class='ocrx_word' id='word_1_265' title='bbox 796 2070 1022 2125; x_wconf 86' lang='lat' dir='ltr'><strong>legendum</strong></span> <span class='ocrx_word' id='word_1_266' title='bbox 1059 2084 1146 2108; x_wconf 88' lang='lat' dir='ltr'><strong>esse</strong></span> <span class='ocrx_word' id='word_1_267' title='bbox 1173 2083 1250 2135; x_wconf 77' lang='lat' dir='ltr'><strong>pro</strong></span> <span class='ocrx_word' id='word_1_268' title='bbox 1277 2072 1486 2120; x_wconf 70' lang='grc' dir='ltr'><strong><em>ἐκπλῆξαι,</em></strong></span> <span class='ocrx_word' id='word_1_269' title='bbox 1520 2073 1604 2112; x_wconf 86' lang='lat' dir='ltr'><strong>Ms</strong></span> <span class='ocrx_word' id='word_1_270' title='bbox 1640 2071 1751 2112; x_wconf 78' lang='lat' dir='ltr'><strong>hanc</strong></span> 
     </span>
     <span class='ocr_line' id='line_1_35' title="bbox 283 2125 1750 2194; baseline 0.001 -28"><span class='ocrx_word' id='word_1_271' title='bbox 283 2131 569 2194; x_wconf 80' lang='lat' dir='ltr'><strong>conjecturam</strong></span> <span class='ocrx_word' id='word_1_272' title='bbox 593 2127 861 2177; x_wconf 83' lang='lat' dir='ltr'><strong>stabiliente,</strong></span> <span class='ocrx_word' id='word_1_273' title='bbox 896 2137 936 2166; x_wconf 91' lang='lat' dir='ltr'><strong>et</strong></span> <span class='ocrx_word' id='word_1_274' title='bbox 963 2125 1210 2166; x_wconf 83' lang='lat' dir='ltr'><strong>vertendum</strong></span> <span class='ocrx_word' id='word_1_275' title='bbox 1229 2128 1442 2178; x_wconf 69' lang='lat' dir='ltr'><strong>justissime</strong></span> <span class='ocrx_word' id='word_1_276' title='bbox 1466 2127 1618 2167; x_wconf 72' lang='lat' dir='ltr'><strong>viclemr</strong></span> <span class='ocrx_word' id='word_1_277' title='bbox 1635 2128 1750 2168; x_wconf 82' lang='lat' dir='ltr'><strong>illum</strong></span> 
     </span>
     <span class='ocr_line' id='line_1_36' title="bbox 282 2182 1746 2238; baseline 0.001 -16"><span class='ocrx_word' id='word_1_278' title='bbox 282 2187 519 2238; x_wconf 79' lang='lat' dir='ltr'><strong>increpasse,</strong></span> <span class='ocrx_word' id='word_1_279' title='bbox 553 2196 638 2220; x_wconf 91' lang='lat' dir='ltr'><strong>non</strong></span> <span class='ocrx_word' id='word_1_280' title='bbox 661 2192 708 2220; x_wconf 91' lang='lat' dir='ltr'><strong>ut</strong></span> <span class='ocrx_word' id='word_1_281' title='bbox 727 2186 878 2237; x_wconf 82' lang='lat' dir='ltr'><strong>vulgo,</strong></span> <span class='ocrx_word' id='word_1_282' title='bbox 914 2193 1186 2222; x_wconf 79' lang='lat' dir='ltr'><strong>corzsternasse.</strong></span> <span class='ocrx_word' id='word_1_283' title='bbox 1222 2182 1399 2222; x_wconf 75' lang='lat' dir='ltr'><strong>GnAEv.</strong></span> <span class='ocrx_word' id='word_1_284' title='bbox 1459 2184 1637 2223; x_wconf 87' lang='lat' dir='ltr'><strong>Secutus</strong></span> <span class='ocrx_word' id='word_1_285' title='bbox 1656 2199 1746 2223; x_wconf 88' lang='lat' dir='ltr'><strong>sum</strong></span> 
     </span>
     <span class='ocr_line' id='line_1_37' title="bbox 282 2236 1746 2291; baseline -0.001 -12"><span class='ocrx_word' id='word_1_286' title='bbox 282 2241 387 2279; x_wconf 87' lang='lat' dir='ltr'><strong>Mss.</strong></span> <span class='ocrx_word' id='word_1_287' title='bbox 409 2242 482 2280; x_wconf 80' lang='lat' dir='ltr'><strong>Gi.</strong></span> <span class='ocrx_word' id='word_1_288' title='bbox 501 2240 574 2278; x_wconf 88' lang='lat' dir='ltr'><strong>W.</strong></span> <span class='ocrx_word' id='word_1_289' title='bbox 592 2239 693 2280; x_wconf 91' lang='lat' dir='ltr'><strong>etP</strong></span> <span class='ocrx_word' id='word_1_290' title='bbox 715 2239 914 2291; x_wconf 86' lang='lat' dir='ltr'><strong>Impressi</strong></span> <span class='ocrx_word' id='word_1_291' title='bbox 936 2236 1134 2278; x_wconf 84' lang='lat' dir='ltr'><strong>mendose</strong></span> <span class='ocrx_word' id='word_1_292' title='bbox 1154 2241 1260 2279; x_wconf 79' lang='grc' dir='ltr'><strong><em>ἐκπλ</em></strong></span> <span class='ocrx_word' id='word_1_293' title='bbox 1292 2239 1459 2282; x_wconf 79' lang='lat' dir='ltr'>SOLAN</span> <span class='ocrx_word' id='word_1_294' title='bbox 1519 2239 1636 2279; x_wconf 87' lang='lat' dir='ltr'><strong>Idem</strong></span> <span class='ocrx_word' id='word_1_295' title='bbox 1655 2255 1746 2280; x_wconf 83' lang='lat' dir='ltr'><strong>ver·</strong></span> 
     </span>
     <span class='ocr_line' id='line_1_38' title="bbox 283 2295 1564 2366; baseline 0.001 -32"><span class='ocrx_word' id='word_1_296' title='bbox 283 2295 382 2334; x_wconf 90' lang='lat' dir='ltr'><strong>bum</strong></span> <span class='ocrx_word' id='word_1_297' title='bbox 405 2310 480 2347; x_wconf 87' lang='lat' dir='ltr'><strong>pro</strong></span> <span class='ocrx_word' id='word_1_298' title='bbox 503 2298 678 2364; x_wconf 84' lang='lat' dir='ltr'><strong>vulgato</strong></span> <span class='ocrx_word' id='word_1_299' title='bbox 703 2297 886 2347; x_wconf 78' lang='grc' dir='ltr'><strong><em>ἐκπλῆξαι</em></strong></span> <span class='ocrx_word' id='word_1_300' title='bbox 903 2295 1075 2366; x_wconf 83' lang='lat' dir='ltr'><strong>reposui</strong></span> <span class='ocrx_word' id='word_1_301' title='bbox 1097 2308 1221 2347; x_wconf 73' lang='lat' dir='ltr'><strong>supra</strong></span> <span class='ocrx_word' id='word_1_302' title='bbox 1246 2309 1278 2333; x_wconf 90' lang='lat' dir='ltr'><strong>c.</strong></span> <span class='ocrx_word' id='word_1_303' title='bbox 1299 2301 1368 2337; x_wconf 91' lang='grc'><strong>20.</strong></span> <span class='ocrx_word' id='word_1_304' title='bbox 1399 2296 1564 2336; x_wconf 72' lang='grc' dir='ltr'><strong>ΒΕΙΤΖ.</strong></span> 
     </span>
    </p>

    <p class='ocr_par' dir='ltr' id='par_1_8' title="bbox 282 2348 1746 2741">
     <span class='ocr_line' id='line_1_39' title="bbox 395 2348 1744 2405; baseline -0.001 -12"><span class='ocrx_word' id='word_1_305' title='bbox 395 2352 498 2391; x_wconf 77' lang='lat' dir='ltr'><strong>Eacl-</strong></span> <span class='ocrx_word' id='word_1_306' title='bbox 523 2355 548 2393; x_wconf 91' lang='lat' dir='ltr'><strong>l.</strong></span> <span class='ocrx_word' id='word_1_307' title='bbox 576 2358 639 2394; x_wconf 90' lang='lat'><strong>11.</strong></span> <span class='ocrx_word' id='word_1_308' title='bbox 666 2348 882 2405; x_wconf 79' lang='grc' dir='ltr'><strong><em>Ἀναλογον</em></strong></span> <span class='ocrx_word' id='word_1_309' title='bbox 902 2355 1041 2392; x_wconf 83' lang='grc' dir='ltr'><strong><em>τοίνυν</em></strong></span> <span class='ocrx_word' id='word_1_310' title='bbox 1066 2353 1216 2391; x_wconf 79' lang='grc' dir='ltr'><strong><em>κείσθω</em></strong></span> <span class='ocrx_word' id='word_1_311' title='bbox 1236 2368 1293 2398; x_wconf 83' lang='grc' dir='ltr'><strong>τις</strong></span> <span class='ocrx_word' id='word_1_312' title='bbox 1318 2348 1443 2403; x_wconf 84' lang='grc' dir='ltr'><strong><em>ημῖν)</em></strong></span> <span class='ocrx_word' id='word_1_313' title='bbox 1474 2351 1744 2402; x_wconf 85' lang='lat' dir='ltr'><strong>Ineptissime</strong></span> 
     </span>
     <span class='ocr_line' id='line_1_40' title="bbox 288 2407 1741 2464; baseline -0.001 -17"><span class='ocrx_word' id='word_1_314' title='bbox 288 2407 534 2462; x_wconf 71' lang='lat' dir='ltr'><strong>Obsopoeus&#39;,</strong></span> <span class='ocrx_word' id='word_1_315' title='bbox 567 2408 714 2462; x_wconf 82' lang='lat' dir='ltr'><strong>Nempe</strong></span> <span class='ocrx_word' id='word_1_316' title='bbox 730 2410 790 2446; x_wconf 83' lang='lat' dir='ltr'><strong>vir</strong></span> <span class='ocrx_word' id='word_1_317' title='bbox 810 2408 877 2447; x_wconf 78' lang='lat' dir='ltr'><strong>ille</strong></span> <span class='ocrx_word' id='word_1_318' title='bbox 895 2408 1099 2461; x_wconf 77' lang='lat' dir='ltr'><strong>probabili</strong></span> <span class='ocrx_word' id='word_1_319' title='bbox 1117 2407 1346 2446; x_wconf 75' lang='lat' dir='ltr'><strong>inductione</strong></span> <span class='ocrx_word' id='word_1_320' title='bbox 1378 2409 1517 2464; x_wconf 82' lang='lat' dir='ltr'><strong>inferet</strong></span> <span class='ocrx_word' id='word_1_321' title='bbox 1545 2407 1741 2456; x_wconf 80' lang='lat' dir='ltr'><strong>dicturus,</strong></span> 
     </span>
     <span class='ocr_line' id='line_1_41' title="bbox 283 2459 1746 2518; baseline 0.001 -16"><span class='ocrx_word' id='word_1_322' title='bbox 283 2464 338 2502; x_wconf 82' lang='lat' dir='ltr'><strong>Er</strong></span> <span class='ocrx_word' id='word_1_323' title='bbox 336 2482 387 2516; x_wconf 73' lang='lat'><strong>30</strong></span> <span class='ocrx_word' id='word_1_324' title='bbox 408 2463 575 2504; x_wconf 76' lang='lat' dir='ltr'><strong>absurde</strong></span> <span class='ocrx_word' id='word_1_325' title='bbox 589 2467 813 2518; x_wconf 82' lang='lat' dir='ltr'><strong>propositus</strong></span> <span class='ocrx_word' id='word_1_326' title='bbox 830 2476 884 2503; x_wconf 83' lang='lat' dir='ltr'><strong>cst</strong></span> <span class='ocrx_word' id='word_1_327' title='bbox 903 2465 1013 2503; x_wconf 82' lang='lat' dir='ltr'><strong>nobis</strong></span> <span class='ocrx_word' id='word_1_328' title='bbox 1035 2466 1256 2518; x_wconf 81' lang='lat' dir='ltr'><strong>quispiam;</strong></span> <span class='ocrx_word' id='word_1_329' title='bbox 1287 2465 1406 2517; x_wconf 83' lang='lat' dir='ltr'><strong>quasi</strong></span> <span class='ocrx_word' id='word_1_330' title='bbox 1428 2478 1569 2502; x_wconf 88' lang='lat' dir='ltr'><strong>vocem</strong></span> <span class='ocrx_word' id='word_1_331' title='bbox 1598 2459 1746 2504; x_wconf 74' lang='grc' dir='ltr'><strong><em>ἄναλο-</em></strong></span> 
     </span>
     <span class='ocr_line' id='line_1_42' title="bbox 282 2518 1741 2574; baseline -0.001 -14"><span class='ocrx_word' id='word_1_332' title='bbox 282 2537 356 2573; x_wconf 80' lang='grc' dir='ltr'><strong><em>γον</em></strong></span> <span class='ocrx_word' id='word_1_333' title='bbox 376 2522 426 2558; x_wconf 90' lang='lat' dir='ltr'><strong>ad</strong></span> <span class='ocrx_word' id='word_1_334' title='bbox 451 2522 667 2573; x_wconf 84' lang='lat' dir='ltr'><strong>superiora</strong></span> <span class='ocrx_word' id='word_1_335' title='bbox 688 2521 815 2574; x_wconf 82' lang='lat' dir='ltr'><strong>ligari</strong></span> <span class='ocrx_word' id='word_1_336' title='bbox 836 2522 1052 2567; x_wconf 88' lang='lat' dir='ltr'><strong>voluerit;</strong></span> <span class='ocrx_word' id='word_1_337' title='bbox 1087 2535 1138 2559; x_wconf 88' lang='lat' dir='ltr'><strong>ne</strong></span> <span class='ocrx_word' id='word_1_338' title='bbox 1163 2519 1298 2557; x_wconf 88' lang='lat' dir='ltr'><strong>dicam</strong></span> <span class='ocrx_word' id='word_1_339' title='bbox 1332 2518 1437 2556; x_wconf 90' lang='lat' dir='ltr'><strong>illud</strong></span> <span class='ocrx_word' id='word_1_340' title='bbox 1459 2518 1624 2557; x_wconf 79' lang='lat' dir='ltr'><strong>absurde</strong></span> <span class='ocrx_word' id='word_1_341' title='bbox 1655 2534 1741 2558; x_wconf 86' lang='lat' dir='ltr'><strong>non</strong></span> 
     </span>
     <span class='ocr_line' id='line_1_43' title="bbox 284 2575 1739 2630; baseline 0.001 -17"><span class='ocrx_word' id='word_1_342' title='bbox 284 2590 483 2627; x_wconf 87' lang='lat' dir='ltr'><strong>apparere</strong></span> <span class='ocrx_word' id='word_1_343' title='bbox 505 2578 548 2614; x_wconf 89' lang='lat' dir='ltr'><strong>in</strong></span> <span class='ocrx_word' id='word_1_344' title='bbox 572 2577 767 2626; x_wconf 88' lang='lat' dir='ltr'><strong>Graecis,</strong></span> <span class='ocrx_word' id='word_1_345' title='bbox 799 2586 870 2614; x_wconf 85' lang='lat' dir='ltr'><strong>aut</strong></span> <span class='ocrx_word' id='word_1_346' title='bbox 888 2577 948 2614; x_wconf 86' lang='lat' dir='ltr'><strong>sic</strong></span> <span class='ocrx_word' id='word_1_347' title='bbox 970 2590 1136 2630; x_wconf 90' lang='lat' dir='ltr'><strong>quoque</strong></span> <span class='ocrx_word' id='word_1_348' title='bbox 1164 2576 1340 2626; x_wconf 87' lang='lat' dir='ltr'><strong>pessime</strong></span> <span class='ocrx_word' id='word_1_349' title='bbox 1362 2575 1562 2612; x_wconf 85' lang='lat' dir='ltr'><strong>Graecam</strong></span> <span class='ocrx_word' id='word_1_350' title='bbox 1592 2590 1739 2614; x_wconf 88' lang='lat' dir='ltr'><strong>vocem</strong></span> 
     </span>
     <span class='ocr_line' id='line_1_44' title="bbox 282 2630 1741 2672; baseline 0.001 -4"><span class='ocrx_word' id='word_1_351' title='bbox 282 2631 529 2669; x_wconf 83' lang='lat' dir='ltr'><strong>reddidisse.</strong></span> <span class='ocrx_word' id='word_1_352' title='bbox 591 2633 751 2671; x_wconf 87' lang='lat' dir='ltr'><strong>Melius</strong></span> <span class='ocrx_word' id='word_1_353' title='bbox 774 2632 1031 2672; x_wconf 76' lang='lat' dir='ltr'><strong>Benedictus:</strong></span> <span class='ocrx_word' id='word_1_354' title='bbox 1062 2631 1200 2670; x_wconf 76' lang='lat' dir='ltr'><strong>Addet</strong></span> <span class='ocrx_word' id='word_1_355' title='bbox 1222 2633 1400 2669; x_wconf 81' lang='lat' dir='ltr'><strong>nimirum</strong></span> <span class='ocrx_word' id='word_1_356' title='bbox 1430 2630 1498 2668; x_wconf 85' lang='lat' dir='ltr'><strong>ille</strong></span> <span class='ocrx_word' id='word_1_357' title='bbox 1526 2641 1560 2668; x_wconf 76' lang='lat' dir='ltr'><strong>ei</strong></span> <span class='ocrx_word' id='word_1_358' title='bbox 1583 2633 1640 2670; x_wconf 85' lang='lat' dir='ltr'><strong>sic</strong></span> <span class='ocrx_word' id='word_1_359' title='bbox 1669 2631 1741 2670; x_wconf 76' lang='lat' dir='ltr'><strong>di-</strong></span> 
     </span>
     <span class='ocr_line' id='line_1_45' title="bbox 283 2684 1738 2741; baseline 0 -14"><span class='ocrx_word' id='word_1_360' title='bbox 283 2698 361 2737; x_wconf 78' lang='lat' dir='ltr'><strong>cet,</strong></span> <span class='ocrx_word' id='word_1_361' title='bbox 400 2688 548 2726; x_wconf 76' lang='lat' dir='ltr'><strong>Eadem</strong></span> <span class='ocrx_word' id='word_1_362' title='bbox 579 2691 699 2740; x_wconf 77' lang='lat' dir='ltr'><strong>igitur</strong></span> <span class='ocrx_word' id='word_1_363' title='bbox 726 2691 875 2728; x_wconf 80' lang='lat' dir='ltr'><strong>ratione</strong></span> <span class='ocrx_word' id='word_1_364' title='bbox 906 2689 1017 2729; x_wconf 79' lang='lat' dir='ltr'><strong>nobis</strong></span> <span class='ocrx_word' id='word_1_365' title='bbox 1040 2696 1282 2741; x_wconf 77' lang='lat' dir='ltr'><strong>proponatur</strong></span> <span class='ocrx_word' id='word_1_366' title='bbox 1305 2684 1464 2738; x_wconf 79' lang='lat' dir='ltr'><strong>aliquis.</strong></span> <span class='ocrx_word' id='word_1_367' title='bbox 1533 2686 1657 2727; x_wconf 85' lang='lat' dir='ltr'><strong>Pater</strong></span> <span class='ocrx_word' id='word_1_368' title='bbox 1686 2687 1738 2726; x_wconf 82' lang='lat' dir='ltr'><strong>ad</strong></span> 
     </span>
    </p>
   </div>
   <div class='ocr_carea' id='block_1_4' title="bbox 1831 1318 1834 1960">
    <p class='ocr_par' dir='ltr' id='par_1_9' title="bbox 1831 1318 1834 1960">
     <span class='ocr_line' id='line_1_46' title="bbox 1831 1318 1834 1960; baseline 0 0"><span class='ocrx_word' id='word_1_369' title='bbox 1831 1318 1834 1960; x_wconf 95' lang='lat' dir='ltr'><strong> </strong></span> 
     </span>
    </p>
   </div>
  </div>
 </body>
</html>
