1834 3188
1403 198 1470 247 75

88 311 247 350 πολλῶν
266 311 566 364 προτεθέντων,
596 310 761 352 ἑλέσθαι.
775 306 819 351 τὸ
839 307 1003 364 ἄριστον
1011 340 1023 359 ,
1058 311 1095 351 εἰ
1110 307 1163 362 μὴ
1181 309 1245 352 ἐπὶ
1265 307 1395 352 πάντα
1417 312 1472 353 ἰόι
1482 333 1518 366 p.
1533 333 1612 368 793.

89 393 150 425 τις
175 375 420 432 πειρώμενος
435 391 444 400 ·

378 210 701 241 HERMOTIMUS
736 210 843 242 SIVE
876 210 941 240 DE
977 210 1154 241 SECTIS.

485 376 568 421 εἶτά
598 396 687 427 πως
712 375 850 432 μακρᾶ
877 375 904 432 ἦ
934 384 1051 433 πεῖρα
1076 375 1214 431 ὤφθη.
1250 378 1297 420 σύ
1325 380 1365 422 δὲ
1388 386 1472 430 πῶς

90 442 243 497 ἆξιοῖςς
287 441 441 501 (αὖθις
466 446 540 502 γὰρ
573 445 797 499 ἐρήσομαι)
839 444 916 499 ὅτῳ
945 443 995 489 ἂν
1022 445 1164 505 πρώτῳ
1184 443 1239 497 k)
1281 447 1468 505 ἐντύχῃς,

87 512 216 570 τούτῳ
233 515 312 573 ἕψῃ
326 545 336 563 ,
369 517 437 557 καὶ
456 513 850 570 συμφιλοσοφήσειςς
880 513 1066 574 κᾷκεῖνος
1081 514 1281 571 ’Ἔρμαιον
1300 518 1474 572 ποιήσε-

86 585 150 624 ταί
170 598 235 635 σε,·

95 647 97 649 *
202 657 340 694 EPM.
374 655 456 696 Καὶ
484 655 521 696 τί
539 668 603 697 σοι
631 652 928 709 ἀποκριναίμην
955 651 1005 696 ὅῖν
1034 656 1111 703 ἔτις
1153 652 1199 703 ὂς
1233 652 1322 696 οὔτε
1347 651 1471 696 αὐτόν
1497 656 1550 699 53

86 737 178 761 τινα
203 724 353 775 κρίνειν
385 720 472 764 οἷόν
492 741 534 765 τε
561 723 663 765 εἶναι
684 722 788 779 φῂς,
820 720 872 776 ἢν
890 719 928 774 l)
964 721 1018 778 μὴ
1046 726 1239 771 Φοίνικος
1258 723 1322 775 ἔτη
1344 721 1468 780 βιῴη,

87 787 242 838 πάντας
258 792 301 831 ἐν
317 788 448 847 κύκλῳ
470 792 657 847 περιϊών,
688 794 754 833 καὶ
784 789 1054 846 πειρώμενος,
1089 791 1177 834 οὔτε
1204 796 1286 839 τοῖς
1317 808 1473 845 προπε-

84 858 341 910 πειραμένοις
379 860 581 904 πιστεύειν
608 856 753 912 ἀξιοῖς)
805 858 896 903 οὔτε
925 866 1010 910 τοῖς
1039 865 1202 908 πολλοῖς
1234 861 1470 910 ἐπαινοῦσι,

84 926 151 966 καὶ
169 931 440 981 μαρτυροῦσις

199 1000 333 1037 ΛΥΚ.
373 1000 493 1046 Τίνας
516 996 599 1055 φῂς
622 996 718 1047 τοὺς
743 996 918 1047 πολλοὺς
949 994 1104 1045 εἰδότας
1122 999 1201 1050 ¹¹¹),
1232 996 1299 1037 καὶ
1331 1013 1473 1038 πεπει-

85 1064 285 1118 ραμένους
303 1065 346 1118 ¹¹)
379 1061 589 1118 ἆπάντωνς
631 1070 667 1109 εἰ
684 1065 759 1122 γάρ
777 1085 834 1116 τις
850 1063 1030 1114 τοιοῦτός
1048 1067 1152 1107 ἐστιν
1166 1095 1176 1113 ,
1211 1062 1351 1113 ἱκανὸς
1369 1065 1472 1118 ἔμοι-

82 1147 127 1186 γε
147 1132 214 1173 καὶ
233 1130 307 1184 εἷς,
340 1136 407 1176 καὶ
431 1134 504 1177 οὐκ
523 1138 576 1177 ἔτι
596 1141 755 1178 πολλῶν
785 1133 916 1188 δεήσει
940 1137 1002 1184 ⁰).
1047 1132 1100 1187 ἢν
1125 1133 1167 1176 δὲ
1197 1132 1289 1182 τούς
1314 1130 1388 1176 οὐκ
1422 1136 1474 1176 εἰ-

128 1230 177 1276 k)
204 1228 336 1280 ότῴ
320 1230 374 1270 οἶν
398 1235 590 1283 πρώτῳ]
619 1238 680 1271 Sic
705 1241 781 1282 Bis.
803 1244 839 1271 et
861 1238 976 1270 Schm.
999 1247 1017 1269 e
1044 1246 1143 1279 2954.
1166 1247 1270 1278 3011.
1298 1235 1474 1269 suadente

175 1281 324 1322 Belino,
349 1295 417 1328 pro
439 1281 634 1329 vulgatis
620 1281 691 1332 ότῳ
709 1282 844 1330 πρώτῳ
869 1282 926 1317 ἄν.
986 1283 1019 1320 l)
1046 1280 1128 1328 ἢν]
1153 1283 1188 1316 εἰ
1205 1282 1302 1323 conj.
1326 1283 1403 1314 Bel.
1425 1283 1471 1315 ob

173 1334 391 1380 sequentem
415 1331 648 1374 Optativum.
697 1331 836 1364 Melius
860 1329 1091 1371 conjecisset
1119 1328 1268 1372 opinor,
1294 1324 1348 1383 ἢν
1358 1327 1408 1372 μή
1428 1347 1474 1353 ——-

172 1370 302 1417 βιώσῃ,
328 1378 550 1433 praesertim
573 1388 687 1420 quum
708 1377 747 1410 in
771 1382 928 1420 utraque
945 1376 1029 1407 ΑΜ.
1053 1375 1194 1409 editum
1212 1375 1259 1408 sit
1279 1372 1386 1420 βιώη
1429 1376 1475 1408 At

176 1424 212 1450 et
243 1420 332 1454 alibi
362 1419 410 1466 ὴν
445 1435 528 1456 cum
563 1423 765 1479 Optativo‚
804 1429 844 1454 ut
870 1423 1050 1465 Necyom.
1083 1434 1113 1455 c.
1152 1433 1204 1454 12.
1233 1417 1281 1465 ἢν
1305 1441 1350 1447 -
1376 1423 1473 1466 δοίη

174 1464 300 1498 Ρ10111.
324 1479 351 1499 s.
376 1470 489 1502 Cane.
515 1480 546 1502 c.
571 1481 626 1523 17.
641 1466 772 1502 κιέν-
795 1468 885 1503 δέοι.
957 1468 1018 1508 m)
1044 1479 1162 1506 τους
1185 1465 1395 1508 πολλους
1419 1469 1478 1503 εἰ·

174 1508 343 1556 δότας]
372 1527 460 1553 τους
485 1506 677 1556 πολλούς;
692 1512 714 1558 ἡ
734 1512 824 1554 τούς
856 1515 921 1549 εἰδ.
944 1515 1040 1556 conj.
1058 1515 1198 1547 Jacob-,9
1250 1515 1297 1546 Et
1316 1515 1368 1546 sic
1392 1515 1477 1547 red-

172 1557 351 1601 diderunt
383 1563 620 1605 interpretes.
670 1563 742 1595 De
734 1561 834 1594 endi
864 1560 1015 1605 quidem
1046 1559 1164 1605 possit
1194 1560 1344 1605 vulgata
1362 1556 1474 1595 lectio

173 1608 210 1635 et
226 1604 403 1645 junctura
433 1609 653 1650 vex-‚horum
677 1608 794 1641 1110(10
817 1607 869 1640 sic
895 1607 1048 1640 reddas:
1089 1607 1265 1647 Quasnam
1284 1609 1374 1639 ιλιι-ἵε
1394 1608 1476 1652 pli-

174 1662 299 1694 rosque
324 1653 423 1694 zllos,
451 1667 508 1698 qul
534 1663 650 1686 selant
681 1663 711 1686 et
743 1662 877 1698 εκρενίι
908 1656 977 1684 §.int
1002 1654 1147 1685 omma?
1197 1654 1301 1696 Quae
1322 1654 1475 1698 quidem

173 1699 356 1731 sententia
375 1709 450 1730 non
469 1700 590 1733 50111111
611 1712 697 1733 cum
714 1700 953 1744 sequentibus
966 1699 1098 1742 Lycini
1117 1699 1253 1743 verbis,
1279 1702 1341 1732 sed
1363 1701 1476 1733 etiam

175 1752 262 1775 cum
289 1745 531 1787 praecedente
557 1746 782 1779 Hermotimi
819 1757 991 1778 sermone
1025 1757 1100 1777 11011
1134 1745 1231 1778 male
1265 1748 1475 1783 conveniat

174 1788 432 1823 Nihilominus
456 1793 547 1824 1111111
569 1795 670 1825 ,lae-lo
670 1796 752 1824 ›.'.s111s
772 1793 867 1825 hene
889 1793 1091 1833 conjecisse
1108 1792 1268 1824 videtur.
1331 1795 1378 1828 11)
1405 1806 1475 1827 πε-

174 1836 527 1881 πειραμένους]
553 1851 670 1880 „mm
676 1840 871 1882 ιραμίνους
899 1838 1058 1870 11ἀί01110
1079 1838 1141 1870 J.“
1215 1839 1258 1882 o)
1286 1836 1472 1882 δεήσει]

174 1882 342 1929 ,,δεήσῃ]
378 1884 438 1918 Sic
465 1887 494 1918 J.
523 1886 606 1920 Par.
628 1885 682 1920 ΡΙ.
711 1887 758 1918 H.
784 1891 819 1918 et
845 1887 901 1918 Μ
908 1885 932 1902 “
981 1883 1053 1917 Sed
1080 1881 1223 1928 δεήσει,
1251 1890 1292 1917 ut
1324 1886 1476 1917 §.elanus

82 1961 138 2000 tis
157 1963 407 2015 propositis,
440 1965 610 2019 eligere,
633 1964 749 2018 quod

84 2019 318 2070 optimum,
372 2022 458 2059 nisi
500 2037 573 2074 per
607 2022 748 2061 omnia

86 2075 183 2124 quis
214 2077 475 2128 experiendo
501 2089 589 2118 eat:
621 2078 750 2116 dein-

84 2128 135 2170 de
164 2134 337 2185 longum
370 2136 592 2186 aliquanto
616 2150 750 2188 expe-

86 2188 314 2226 rimentum
355 2191 462 2228 illud
496 2192 632 2229 visum
672 2201 748 2230 est.

85 2244 153 2282 Tu
175 2255 312 2283 autem
334 2247 550 2298 quomodo
583 2248 651 2285 vis'
676 2248 749 2286 fa·-

85 2300 212 2339 cere?
246 2316 386 2340 rursus
419 2303 530 2340 enim
560 2304 750 2343 interro-

85 2357 219 2410 gabo:
252 2357 295 2394 in
321 2373 443 2412 quem
468 2361 647 2410 primum
674 2361 751 2397 in—

85 2413 265 2463 cideris,
299 2429 393 2454 eum
423 2429 622 2467 sequer7e
655 2430 749 2453 cum

84 2470 161 2508 illo
194 2471 582 2523 philosophabere.
569 2471 589 2499 ‘2
631 2481 674 2510 et
695 2471 751 2509 il·-

85 2528 124 2565 le
156 2537 196 2565 te
227 2528 309 2566 sibi
341 2527 518 2566 habebit
539 2531 703 2566 lucrum
729 2542 752 2565 a

86 2584 280 2635 propitio
326 2585 548 2623 Mercurio
599 2594 753 2623 temere

91 2637 337 2691 objectum?

144 2694 282 2737 Herm.
314 2698 373 2737 Et
394 2697 497 2753 quid
519 2698 599 2737 tibi
625 2711 751 2751 porro

91 2753 388 2804 respondeam,
424 2755 499 2808 qui
530 2769 658 2809 neges
680 2768 755 2808 per

801 1979 853 2012 §e
872 1964 1064 2018 judicare
1084 1979 1336 2019 quemquam
1367 1980 1475 2017 pos-

808 2036 872 2072 se,
907 2022 989 2059 nisi
1009 2036 1144 2060 annos
1163 2023 1319 2061 vixerit
1338 2022 1475 2060 Phoe-

808 2078 940 2128 nicis,
973 2092 1020 2116 ac
1042 2092 1114 2130 per
1134 2078 1275 2117 orbem
1296 2079 1476 2117 circum-

809 2135 900 2174 iens
931 2149 1076 2174 omnes
1101 2135 1368 2187 probaverit,
1403 2150 1473 2173 ne·

811 2206 892 2245 que
927 2191 992 2229 his
1027 2192 1194 2231 credere
1224 2193 1354 2241 velis,
1400 2191 1475 2243 qui

808 2258 907 2287 ante
940 2249 1104 2300 experti
1134 2259 1256 2297 sunt,
1288 2247 1475 2286 laudan-

807 2305 971 2343 tiumve
995 2314 1036 2344 et
1062 2305 1378 2355 perhibentium
1404 2314 1476 2342 te—

807 2361 1006 2399 stimonia
1033 2360 1339 2399 multitudini?

866 2417 963 2470 Lyc.
1015 2416 1150 2469 Quam
1194 2415 1301 2453 mihi
1334 2432 1476 2456 narras

809 2472 1167 2511 multitudinem?
1245 2487 1473 2521 eorumne,

813 2528 887 2581 qui
920 2528 1087 2578 sciunt,
1121 2538 1162 2567 et
1186 2531 1349 2582 experti
1375 2540 1476 2568 sunt

813 2584 993 2623 omnia?
1028 2585 1070 2622 Si
1100 2587 1194 2638 quis
1229 2587 1342 2625 enim
1376 2588 1475 2624 talis

812 2651 900 2689 est,
933 2639 1092 2679 sufficit
1123 2642 1228 2680 mihi
1261 2658 1374 2681 unus
1406 2654 1477 2682 et-

812 2697 920 2743 iam,
967 2712 1044 2736 nec
1074 2700 1156 2750 jam
1188 2700 1333 2738 multis
1365 2714 1474 2751 opus

813 2753 958 2792 suerit.
1028 2754 1073 2793 Si
1103 2769 1204 2795 vero
1237 2756 1476 2795 nescientes
