1834 3188
366 200 1173 230 1NHERn1o⁷r1MUM.
1405 190 1502 235 387

152 298 254 339 Ead.
278 301 306 338 l.
330 302 371 342 8.
397 295 464 347 Ἐς
481 295 524 339 τό
543 294 743 346 ὕστατον)
779 296 923 338 Valde.
965 297 1110 336 Bnon.

151 355 254 395 Ead.
278 358 306 395 1.
330 361 394 399 13.
424 355 562 405 Δίων)
594 354 696 392 Fuit
727 364 767 392 et
787 353 905 392 illius
928 354 1113 392 nominis
1136 353 1319 409 insignis
1346 354 1501 407 Sophi-

40 421 126 460 sta3
159 412 230 451 sed
251 412 286 450 is
313 411 387 449 diu
408 420 504 449 aute
535 410 649 449 hunc
666 410 791 449 vixit.
854 410 980 449 Conf.
1003 410 1106 448 haec
1122 411 1269 463 potius
1295 425 1389 448 cum
1412 413 1502 450 Le-

39 468 245 521 xiph.ubi
268 467 317 506 de
337 466 683 520 profligatissimo
700 467 815 504 illius
830 480 1015 504 nominis
1037 466 1211 506 homine
1234 466 1361 506 etiam
1385 482 1501 506 men-

38 526 102 563 tio
128 524 188 565 fit.
250 525 378 562 Hunc
400 538 490 587 ’ego
504 524 708 587 *suspicor
737 522 979 574 Sophistam
998 523 1125 561 etiam
1148 523 1296 563 fuisse.
1329 523 1497 565 SOIAN.

40 580 128 634 Qui
151 581 310 619 Dionis
338 580 462 618 istius
501 581 545 616 in
576 577 761 630 Lexiph.
783 593 815 619 c
842 584 906 620 11.
930 593 991 631 sq
1026 578 1235 630 depictam
1272 579 1500 633 imaginem

39 637 331 675 foedissimam
354 651 445 674 cum
469 635 593 687 hujus
617 635 751 673 nostri
771 634 931 673 Dionis
952 634 1091 689 effigie
1112 644 1304 674 accurate
1326 650 1501 688 compa-

39 693 217 738 raverit,
251 707 344 731 eum
378 691 503 730 credo
538 691 710 730 facilius
743 691 869 730 etiam
895 692 1083 730 Dionem
1121 692 1240 730 illum
1270 691 1499 743 Syracusa-

39 763 164 798 num,
197 752 265 787 vel
289 748 414 787 etiam
436 748 808 800 Chrysostornum,
843 761 966 800 quam
989 762 1106 795 eum,
1141 748 1215 799 qui
1239 748 1281 785 in
1306 748 1498 801 Lexiph.

39 815 234 855 notatur,
274 805 501 843 Damasiae
533 803 715 842 athletae
758 803 893 842 filium
923 803 1100 842 eundem
1131 818 1219 843 esse
1252 803 1500 843 habiturum

36 876 130 899 cum
154 861 236 900 hoc
256 871 400 899 nostro
423 858 724 913 philosophiae
747 863 924 900 cultore.
985 860 1156 898 Frustra
1181 860 1282 899 talia
1306 874 1497 913 quaeras,

36 917 111 955 ubi
131 927 318 968 apertum
342 916 436 954 ficta
458 930 545 954 esse
570 916 755 954 nomina.
799 917 958 956 LEIIM.

145 974 242 1027 Pag.
266 975 378 1015 17.l.
402 977 436 1015 1.
471 971 704 1020 Ἇπεόίδου)
750 972 840 1026 Qui
873 971 1031 1022 nescit,
1073 972 1158 1011 hoe
1187 972 1358 1011 verbum
1394 987 1500 1025 pro-

35 1029 174 1082 prium
211 1044 299 1069 esse
329 1028 509 1067 mercedi
545 1027 796 1078 solvendae,
829 1039 871 1067 et
903 1029 1150 1080 saepissime
1174 1043 1267 1066 cum
1293 1029 1496 1068 substant.

34 1083 180 1140 μισθὸς
201 1085 336 1154 jungi,
348 1084 468 1124 adeat
481 1085 566 1126 Jac
580 1084 727 1123 Elsncr.
741 1084 792 1123 ad
806 1086 970 1138 Evang
986 1086 1135 1123 Mattlz.
1146 1085 1242 1132 XX,
1256 1091 1295 1129 8.
1311 1083 1424 1123 ubi'
1399 1084 1500 1127 από-

0 1190 1 1193 *
33 1145 103 1190 δος
123 1141 260 1190 αὐτοῖς
285 1139 356 1183 τὸν
380 1139 530 1194 μισθὸν
550 1156 602 1180 ex
620 1141 775 1180 AclziZZ.
810 1144 900 1183 Tat
924 1141 1131 1194 ΑνὶείορΙι.
1156 1141 1317 1180 Αεῖἰαη.
1347 1152 1389 1181 et
1412 1141 1497 1180 hoc

0 1196 1 1206 ¹
30 1199 234 1238 Lucianeo
255 1198 505 1237 testimonio
526 1196 739 1249 ρι’,οὒᾶῑυτ
785 1198 905 1236 Rssm
913 1214 950 1238 z.

145 1254 249 1293 Ibicl.
288 1252 436 1307 Παρὰ)
469 1254 518 1291 In
547 1254 759 1306 impressis
781 1254 940 1307 legitur
957 1271 1068 1307 περι,
1102 1252 1217 1292 haud
1240 1253 1366 1293 dubie
1394 1268 1497 1293 cor-

31 1320 168 1364 rupte.
230 1311 297 1350 M.
319 1312 364 1349 P.
383 1319 423 1349 et
446 1310 500 1348 L.
521 1320 632 1348 recte
652 1308 774 1362 παρά.
816 1312 983 1353 SorAN,

143 1367 244 1406 Ead.
263 1370 289 1407 l.
311 1372 350 1410 7.
386 1371 526 1407 EPM.
556 1366 773 1418 Πονηρὸς)
814 1367 1027 1406 Omissum
1055 1383 1132 1406 non
1153 1369 1313 1416 mirum,
1347 1375 1420 1404 aut
1439 1367 1496 1405 si-

30 1423 130 1462 mile
151 1423 275 1476 quid,
306 1437 386 1476 qua
408 1423 574 1461 ratione
599 1432 640 1460 et
660 1424 876 1462 Romanos
897 1424 960 1460 uti
983 1438 1060 1462 suo
1085 1440 1176 1463 nam
1196 1427 1264 1463 vel
1282 1426 1393 1474 enim,
1430 1437 1497 1461 os-

30 1479 246 1518 tendimus
271 1478 322 1517 ad
351 1478 514 1529 Quintil.
538 1483 578 1527 2,
601 1483 666 1528 11,
691 1484 729 1522 7.
763 1480 1081 1518 Transferamus
1103 1480 1185 1519 hoc
1209 1480 1336 1518 etiam
1363 1479 1413 1517 ad
1434 1480 1496 1517 il-

29 1535 126 1585 lud,
170 1535 285 1588 quod
319 1550 419 1574 mox
451 1535 668 1587 sequitur,
710 1537 783 1577 οἷέι,
814 1534 890 1590 γάρ
920 1533 980 1576 ὅτι
1009 1537 1153 1578 ἑαυτοῦ
1179 1534 1293 1590 χάριν
1323 1553 1360 1576 κ.
1395 1553 1426 1576 τ.
1460 1541 1494 1577 λ.

29 1594 126 1632 Hoc
147 1592 258 1631 enim
277 1594 394 1643 vult,
426 1592 517 1630 Non
535 1593 675 1629 mirum
696 1602 732 1630 ie
750 1595 807 1630 ita
829 1594 1084 1645 interrogare,
1118 1595 1185 1632 vel
1203 1595 1324 1632 sentio
1347 1608 1416 1631 cur
1436 1594 1496 1630 iia

28 1652 236 1701 interroges
258 1657 339 1690 etc.
398 1648 563 1699 Nempe
596 1662 689 1686 cum
723 1648 922 1703 frequens
955 1648 1181 1687 admodum
1217 1649 1272 1687 sit
1294 1648 1336 1686 id
1359 1662 1493 1702 genus

27 1706 215 1757 ellipsiS,
247 1704 387 1742 malim
417 1717 504 1742 eam
529 1703 600 1742 hic
631 1718 801 1757 quoque
824 1704 1048 1752 adhibe1-‚e
1083 1720 1205 1760 quam
1230 1705 1362 1745 varias
1388 1704 1492 1742 adeo

27 1761 265 1815 particulae
291 1759 365 1814 γὰρ
394 1759 738 1824 significationes
758 1760 958 1800 tribuere.
1023 1763 1118 1800 Hoc
1140 1765 1268 1800 semel
1293 1760 1496 1800 observa-

28 1827 117 1855 tum
143 1816 193 1855 ad
218 1819 359 1869 plures
390 1816 761 1867 interpretationis
793 1827 963 1856 nostrae
983 1820 1102 1856 locos
1125 1819 1341 1871 pertinere
1369 1815 1497 1855 vide-

28 1873 115 1924 bit,
149 1873 222 1926 qui
245 1875 360 1912 volet
383 1870 614 1912 attendere.
646 1872 782 1911 stN.

141 1929 242 1968 Εαιῖ-
262 1931 290 1968 l
313 1934 376 1971 10
405 1924 664 1969 Ἀποδιδὸασι
692 1947 766 1984 γαρ
789 1948 896 1971 αυτω
918 1928 1019 1971 κατὰ
1043 1927 1187 1983 καιρὸν
1220 1926 1316 1977 τούς
1337 1925 1494 1976 minor-g

29 1993 134 2028 Λυκ.
155 1988 193 2027 τί
214 1987 278 2033 δὲ,
312 1982 363 2026 ἂν
388 1984 441 2039 μή
461 1982 734 2032 ἀποδιδῶσιν)
767 1987 835 2024 An
867 2002 953 2025 non
975 1987 1144 2026 videtur
1166 1984 1368 2023 mutanda
1390 1998 1495 2036 per—

29 2057 157 2089 sona,
192 2052 233 2080 et
253 2042 440 2080 Luciani
459 2055 613 2080 nomen
640 2043 985 2106 praeponendum
1007 2043 1072 2081 his
1093 2041 1317 2081 omnibus.
1304 2040 1324 2068 ‘2
1368 2040 1493 2079 Certe

29 2097 242 2138 efficacior
263 2098 341 2134 erit
366 2101 505 2144 lusus;
541 2099 684 2149 quasi,
718 2113 810 2137 cum
835 2100 1124 2138 Hermotimus
1147 2106 1364 2137 excusaret
1385 2111 1494 2144 eum,

31 2153 146 2208 quod
170 2168 211 2190 nx
202 2152 279 2190 hil
302 2152 500 2191 adversus
532 2154 638 2191 alios
661 2169 828 2193 saevum
855 2165 1084 2204 statueret,
1117 2153 1373 2218 respondeat
1395 2153 1494 2190 Lu-

31 2212 178 2250 cianus
200 2208 366 2256 ridens‚
402 2208 444 2245 id
473 2207 674 2248 videlicet
696 2212 846 2249 mirum
876 2226 962 2249 nou
985 2226 1095 2262 esse,
1130 2212 1229 2264 quia
1254 2210 1318 2247 illi
1338 2208 1494 2247 obeant

31 2267 75 2305 in
102 2268 278 2305 foenore
307 2263 513 2302 solvendo
537 2265 819 2304 constitutum
849 2277 1034 2320 tempus:
1068 2278 1155 2305 tum
1188 2265 1329 2319 pergit
1353 2264 1395 2301 in
1418 2278 1493 2301 ea-

34 2323 124 2362 dem
148 2335 340 2375 persona.
390 2319 505 2373 Quid
529 2321 700 2359 autem?
737 2337 788 2360 an
812 2323 871 2361 sic
897 2324 1069 2361 futurus
1091 2333 1220 2371 esset,
1252 2323 1288 2359 si
1314 2334 1400 2358 non
1424 2318 1496 2357 da-

31 2378 158 2418 rent?
206 2378 350 2417 GRON.
422 2375 486 2414 Ad
519 2375 651 2425 lianc,
694 2378 778 2415 nisi
810 2379 960 2428 fallor,
1003 2378 1324 2418 adnotationem
1356 2375 1496 2427 respi-

34 2435 175 2484 ciens,
208 2434 314 2473 bene
342 2431 556 2487 δι’)ὒοῖιῖιις
577 2447 659 2470 rem
683 2434 869 2485 explicat
892 2433 959 2472 his
982 2435 1143 2474 verbis:
1176 2432 1404 2484 „Lycinus
1428 2431 1496 2469 si-

34 2495 211 2530 mularat
226 2504 269 2528 se
293 2489 480 2528 credere:
514 2488 727 2526 Dionem
718 2492 845 2541 injus
867 2500 1032 2541 raptum
1055 2505 1142 2529 esse
1167 2491 1218 2528 ob
1240 2487 1491 2527 didactrum.

34 2550 115 2601 jam
138 2546 427 2585 Hermotimus
452 2554 602 2595 sponte
623 2544 791 2596 prodit:
824 2546 983 2583 factum
1008 2561 1095 2585 esse
1117 2545 1169 2584 ob
1195 2559 1280 2582 non
1304 2558 1495 2583 numera-

36 2614 119 2641 tam
140 2603 319 2655 tempori
341 2618 521 2650 usur-‚am
555 2610 619 2649 st,
654 2615 847 2654 magnum
873 2602 990 2638 illum
1014 2600 1335 2654 philosophum,
1366 2614 1494 2652 supra

36 2668 143 2698 astra
177 2661 256 2710 jam
286 2661 540 2706 exaltatum,
571 2658 781 2695 foeneiaii
805 2657 931 2694 etiam
953 2658 1096 2695 multis
1120 2658 1226 2695 aliis.
1234 2661 1261 2678 “
1293 2655 1492 2694 Ceterum

35 2714 190 2755 erravit
222 2713 508 2762 Sclzmicclerus,
544 2713 658 2767 quod
691 2713 938 2765 opinionem
969 2714 1082 2753 illam
1121 2713 1170 2751 de
1204 2709 1493 2766 permutandis

1075 2770 1214 2813 Bb2
