1834 3188
296 210 397 255 622
658 218 1411 251 AnNo'rA'rronns

516 314 685 370 Νὸσφιν
705 315 773 368 ἔφ’
795 312 1033 360 ἱπποπόλων
1055 320 1223 387 Θρῃκῶν
1242 315 1533 387 καθορωμενος
1550 316 1670 370 αἶαν,

518 379 681 417 Μυσων
701 372 738 415 τ’
766 370 1019 429 ἀγχεμάχων,
1050 376 1117 417 καὶ
1139 370 1302 430 ἆγανῶν
1318 371 1616 431 Ιππῃμολγοῖν.

297 432 476 472 GnAizv.
537 430 649 470 Vide
672 430 795 470 Hom.
818 432 869 469 ll.
893 435 959 481 N,
984 435 1025 474 4.
1066 432 1238 472 SOLAN.

408 487 516 528 Ibid.
554 492 641 529 Τῶν
666 485 900 530 ἱπποπόλων
932 491 1103 545 Θρῃκῶν
1125 484 1226 543 γῆν)
1256 488 1431 528 Mallem
1461 485 1536 541 τὴν
1563 505 1642 531 των
1667 489 1755 532 ἴππ

295 555 376 585 etc
400 554 448 583 ut
470 554 583 584 recte
597 543 734 586 Solan.
755 544 800 582 in
819 559 947 599 marg.
965 531 1072 583 Junt.
1097 545 1352 592 monet,ets1
1377 545 1622 584 nullaEdit.
1648 546 1757 584 arti-

294 605 437 641 culum
469 601 617 640 femin.
645 600 785 642 habet.
857 601 966 640 Nam
993 601 1054 639 sic
1084 610 1197 640 recte
1225 600 1369 640 eadem
1397 603 1513 655 legas
1540 601 1678 653 infra,
1709 601 1755 640 in

292 659 474 697 Icarom.
497 671 533 698 c.
561 663 625 700 11.
645 667 757 710 post.
780 655 887 699 med
913 656 1085 711 τὴντῶν
1113 654 1347 699 ἱπποπόλων
1373 661 1541 710 Θρῃκῶν
1561 657 1758 710 καθορώ-

290 731 434 768 μενος,
467 711 556 767 ὄῖρτι
576 713 621 755 δὲ
645 711 721 767 τὴν
745 719 928 764 Μυσων,
959 714 1051 755 soil.
1076 719 1168 770 γῆν.
1196 714 1361 754 Rm'rz.
1421 713 1657 755 Confirmat
1682 714 1757 754 So·

290 770 378 811 lani
398 773 682 822 conjecturam
708 770 856 810 Codex
879 771 998 810 Gorl.
1029 772 1186 811 meM.

403 826 508 867 Eud
529 829 559 868 l.
583 832 648 870 10.
684 829 741 869 Εἰ
763 826 816 881 μή
841 830 1042 883 Βρασίδας
1064 845 1121 875 τις
1144 829 1203 879 εἴη
1225 830 1489 880 προπηδων,
1487 824 1529 881 ἢ
1547 827 1758 880 Δημοσθέ-

290 900 367 937 νῃς
396 878 638 925 ἀνακόπτων
667 883 743 936 τὴν
768 886 993 938 ἐπίβασιν)
1016 884 1126 924 Vide
1151 884 1326 939 Qhucycl.
1349 884 1426 924 lib.
1446 885 1521 927 IV.
1544 884 1595 924 de
1614 897 1759 938 oppu-

291 940 497 994 gnatione
515 941 626 992 Pyli.
666 940 843 981 GnAnv.
905 940 1037 990 Vide,
1068 950 1239 1006 Πρηεῑοι·
1262 940 1436 1005 Cllznucycl.
1461 941 1538 979 IV.
1571 954 1663 1006 cap.
1691 946 1755 984 11.

288 997 395 1038 Plut.
416 1013 458 1038 π.
478 1014 512 1037 τ.
534 999 698 1051 βρ..τιμ.
723 1011 810 1036 non
831 999 959 1053 longe
991 997 1041 1035 ab
1066 996 1218 1046 initio,
1253 1007 1295 1036 et
1316 996 1360 1034 in
1384 996 1580 1049 Lysand.
1607 996 1756 1037 initio.

289 1053 407 1093 Idem
444 1053 667 1108 Thucydid,
697 1053 827 1092 initio
854 1055 907 1093 L.
936 1054 1010 1093 IV.
1042 1052 1211 1092 docebit
1239 1062 1282 1092 te
1313 1053 1460 1103 etiam,
1505 1067 1628 1108 quem
1658 1054 1758 1092 De-

290 1109 555 1148 mosthenem
585 1120 627 1149 et
659 1108 710 1148 ad
744 1108 860 1163 quod
890 1113 980 1162 ejus
1014 1111 1274 1162 praeclarum
1303 1109 1472 1147 facinus
1502 1109 1752 1162 respexerit.

290 1165 463 1206 SOLAN.
540 1165 737 1218 Respicit
769 1165 820 1204 ad
854 1165 1036 1221 Thucyd.
1067 1166 1144 1215 IV,
1183 1171 1249 1208 12.
1279 1165 1352 1204 ubi
1387 1164 1755 1204 Lacedaemonius

289 1220 488 1261 Brasidas
507 1220 765 1262 exscendere
793 1232 973 1262 conatur
993 1222 1038 1260 in
1066 1221 1330 1262 munitiones
1352 1220 1685 1261 Atheniensium
1705 1220 1758 1260 ad

288 1278 466 1332 Pylum,
497 1277 756 1331 prohibente
779 1278 1085 1320 Demosthene
1117 1278 1263 1319 Gnszv.

402 1334 616 1388 Pag.219.
637 1338 666 1374 1.
688 1340 728 1378 2
762 1336 844 1376 Καὶ
868 1336 1142 1385 συνδιωκέτω,
1173 1336 1242 1376 καὶ
1261 1334 1539 1390 συμφευγέτω,
1570 1333 1640 1377 καὶ
1656 1338 1755 1377 πᾶσι

286 1408 444 1440 τουτοις
478 1392 622 1445 μέτρον
654 1392 838 1444 ἑπέσθω)
871 1391 1019 1431 Codex
1052 1401 1250 1431 vetustus
1272 1392 1450 1442 melius,
1473 1396 1591 1433 π-ἆσι
1600 1389 1757 1442 τούτοις

285 1450 431 1503 μέτρον
452 1448 622 1498 ἐπέστω,
657 1450 699 1488 in
725 1448 786 1487 his
807 1449 985 1488 omnibus
1000 1451 1050 1488 sit
1076 1447 1239 1498 modus,
1272 1459 1445 1487 teneatur
1462 1448 1615 1488 modus.
1674 1449 1756 1489 Se-

285 1504 462 1572 quentia
491 1504 747 1572 perobscure
781 1507 1113 1544 transtulerunt.
1143 1505 1209 1547 καὶ
1239 1504 1344 1558 πρὸς
1372 1521 1506 1546 παντα
1535 1506 1750 1555 σπευδέτω,

284 1563 353 1603 καὶ
377 1578 432 1610 ως
448 1559 646 1606 δυνατὸν,
677 1557 968 1614 ομοχρονείτω,
999 1563 1076 1603 καὶ
1083 1557 1405 1614 μεταπετέσθω’
1382 1559 1454 1603 απ’
1470 1557 1676 1616 Ἀρμενίας
1697 1563 1753 1610 εἷς

286 1620 478 1670 Μηδίαν,
510 1633 560 1657 ac
582 1616 639 1656 acl
669 1620 802 1656 omnia
830 1628 1030 1671 propes-,et
1062 1628 1117 1666 et,
1148 1627 1338 1671 quatenus
1351 1619 1450 1671 fien
1465 1627 1615 1671 potest
1647 1617 1750 1658 idem

283 1686 431 1728 tempus
450 1674 612 1723 habeat,
644 1673 930 1728 transvoletque
950 1690 1004 1712 ex
1020 1674 1248 1713 Armenia
1233 1690 1275 1712 ιη
1292 1673 1490 1714 Mediam.
1531 1673 1651 1727 Quid
1670 1684 1747 1724 est,

281 1731 384 1771 idem
404 1741 550 1783 tempus
580 1728 754 1771 habeat?
799 1729 952 1778 Verte,
987 1729 1119 1769 eodem
1145 1732 1198 1769 sit
1226 1740 1394 1783 tempore
1420 1740 1456 1769 et
1475 1729 1578 1769 volet
1595 1746 1648 1770 ex
1666 1731 1752 1770 Ar-

282 1789 412 1827 menia
444 1788 484 1825 in
518 1785 725 1825 Mediam:
770 1784 916 1838 eodem
948 1794 1138 1839 tempore
1159 1786 1216 1824 sit
1249 1785 1294 1823 in
1329 1786 1552 1838 Armenia,
1566 1786 1749 1854 Media,

281 1843 446 1889 Iberia,
473 1842 615 1881 Italia.
675 1841 815 1880 Hinc
827 1841 872 1880 in
903 1840 988 1880 fine
1019 1841 1148 1895 hujus
1177 1840 1347 1894 periodi
1381 1840 1510 1893 dicit,
1545 1859 1602 1892 ως
1629 1845 1751 1897 5⁴⁹2&-

281 1898 355 1948 νὸς
385 1903 530 1952 καιροῦ
555 1894 835 1945 ἀπολείποιτο,
879 1914 925 1937 ne
951 1897 1061 1937 nullo
1089 1906 1167 1937 no'n
1195 1909 1363 1953 tempore
1387 1898 1512 1948 absit,
1554 1898 1639 1939 hoc
1671 1909 1747 1949 est,

285 1970 448 2009 semper
476 1965 518 1995 et
548 1954 732 2007 ubique,
777 1953 850 1992 ubi
884 1953 1051 2008 aliquid
1080 1954 1266 2008 geritur,
1299 1954 1442 1994 animo
1472 1954 1530 1994 sit
1555 1966 1748 2013 praesto:

285 2013 348 2051 sio
379 2011 493 2051 enim
529 2010 806 2065 intelligenda
838 2009 941 2049 haec
970 2021 1095 2058 sunt,
1129 2010 1379 2063 interpretes
1411 2023 1498 2049 non
1525 2021 1745 2064 ceperunt.

283 2069 436 2108 Paullo
457 2067 638 2107 inferius
671 2066 868 2108 tenebrae
891 2066 1052 2106 offusae
1073 2080 1243 2136 quoque
1271 2077 1372 2106 sunt
1402 2066 1476 2105 his
1495 2067 1663 2108 verbis:
1696 2065 1745 2110 οὔ

283 2124 359 2180 γὰρ
381 2123 508 2178 ὥςπερ
529 2129 612 2173 τοῖς
630 2122 796 2178 ρήτορσι
817 2121 1060 2191 γράφουσιν,
1081 2119 1180 2163 ἀλλὰ
1199 2121 1247 2163 τὰ
1268 2123 1337 2175 μὲν
1352 2121 1630 2197 λεχθῃσόμενά
1651 2124 1746 2175 ἔστι,

282 2184 347 2223 καὶ
370 2180 583 2234 εἰρήσεται·
625 2181 847 2233 πέπρακται
864 2197 938 2234 γαρ
963 2175 1074 2231 ἤδημ
1107 2182 1170 2221 δεῖ
1182 2179 1222 2220 δὲ
1239 2178 1375 2230 τάξαι,
1406 2197 1474 2222 και
1497 2182 1623 2222 εἰπεῖν
1635 2178 1749 2222 αὐτά.

282 2238 376 2277 Νοη
397 2241 495 2277 enim
512 2238 626 2291 quasi
644 2236 859 2276 rhetoribus
877 2235 1072 2283 scribam,
1103 2235 1171 2274 sed
1189 2252 1297 2289 quae.
1306 2236 1472 2277 dicenda
1488 2248 1600 2287 sunt,
1626 2239 1749 2276 etiam

283 2294 497 2335 dicentur:
512 2309 605 2332 nam
627 2295 714 2346 jam
727 2293 857 2350 facta
885 2292 1195 2333 sunt.Ve1um
1222 2291 1422 2347 disponere
1453 2292 1527 2332 illa
1546 2293 1678 2343 debet,
1709 2303 1746 2332 et

281 2365 455 2391 narrar-,e
516 2349 613 2388 Hoc
641 2358 725 2397 est,
760 2363 848 2387 non
881 2347 984 2403 quid
1020 2347 1165 2387 dicant
1193 2348 1412 2389 historicis
1441 2348 1739 2404 quaerendtyn,

283 2406 327 2444 id
359 2407 472 2446 enim
495 2415 557 2446 est
588 2408 667 2457 jam
696 2406 880 2453 factum,
913 2403 985 2444 sed
1019 2418 1100 2459 qua
1130 2404 1296 2444 ratione
1326 2415 1368 2445 et
1399 2406 1548 2445 ordine
1578 2404 1738 2446 dicant.

279 2463 462 2502 Rhetori
497 2471 636 2502 autem
685 2459 995 2514 quaerendum,
1043 2460 1148 2514 quid
1180 2460 1309 2502 dicat.
1384 2462 1503 2502 Hinc
1539 2461 1737 2501 inventio

281 2519 508 2571 praecipua
529 2517 783 2557 Rhetorices
804 2527 868 2556 est
894 2531 1000 2568 parS.
1036 2518 1214 2557 Gfflmv.

392 2575 495 2615 Ead.
516 2578 545 2615 1.
567 2580 608 2618 3.
646 2570 849 2627 Ἐπέστω)
880 2573 950 2614 Sic
973 2573 1024 2614 G.
1035 2575 1090 2616 ..P
1111 2574 1168 2614 L.
1189 2571 1364 2638 optime.
1424 2572 1476 2613 In
1499 2570 1677 2626 reliquis
1697 2581 1740 2612 et

281 2629 348 2671 Μ.
372 2631 465 2683 ipso
489 2632 658 2674 ἑπέσθω.
690 2632 861 2671 SOLAN.

392 2687 496 2728 Ead.
514 2690 544 2728 1.
563 2689 604 2732 5
623 2683 712 2729 Ην
727 2683 965 2742 κατεπείγῃ)
991 2682 1081 2728 Ἐπ’
1104 2686 1237 2729 ἐκεῖνα
1257 2672 1548 2738 καταβαινέτω,
1575 2680 1630 2739 ἢν
1647 2702 1738 2727 κατ·

281 2742 433 2798 επείγη,
466 2745 639 2796 interpr.
668 2745 704 2782 si
720 2737 908 2800 festinet,
943 2742 996 2782 ad
1019 2743 1092 2782 illa
1117 2752 1338 2784 transeat:-
1356 2740 1555 2792 debebat,
1587 2740 1644 2782 ad
1661 2740 1737 2782 illa
