1834 3188
373 196 428 225 IN
467 194 839 224 nunonorum
877 193 1007 225 ,ςινΕ
1045 193 1287 228 ΛΕΤῙΟΝ.
1461 187 1558 234 487

211 292 312 333 Εαιῖ.
331 295 360 333 l.
383 296 446 337 15.
479 294 616 341 Δεῖξαι
634 289 886 343 τοῖς”ΈᾸλησι
904 287 1220 345 τᾶςἙλληνικᾶς
1238 292 1449 348 διεξιόντα)
1483 298 1560 345 Τὰς

93 348 327 404 Ἑλληνικάς
345 353 459 399 νίκας
480 347 687 398 διεξιόντα.
720 349 928 387 MARcu„

208 406 312 446 Ibid.
370 408 445 455 Τὰς
473 403 664 458 Ἕλλην.)
719 403 770 447 Τὸ
798 403 961 460 πράξεις
1002 403 1073 444 hic
1104 404 1335 446 desiderari
1372 407 1556 450 videtur.

97 465 272 504 Gurm.

210 518 315 558 Ibid.
350 517 509 571 Νίκας)
540 519 607 556 Ex
628 517 815 558 Marcilii
835 520 1078 571 conjectura
1093 551 1103 568 ,
1135 531 1258 572 quam
1280 519 1417 559 firmat
1435 523 1473 560 lc
1526 551 1554 562 ...,

94 578 270 617 Luciani
289 575 441 628 Quom.
462 575 574 617 Hist.
593 574 765 613 Conscr.
786 576 894 617 c.54.
926 574 1093 613 SOLAN.
1154 576 1302 615 Potius
1322 572 1419 615 cum¹
1434 578 1552 618 Mar-

97 633 164 675 cil.
191 643 231 672 et
252 631 402 672 solano
425 633 539 680 νίκας
567 629 803 669 addendum
827 629 950 670 credo
966 662 977 682 ,
1008 640 1055 669 ut
1074 632 1279 671 Nostrum
1302 633 1403 672 alibi
1424 636 1553 673 locu—

94 700 184 728 tum
207 699 318 729 recte
344 697 476 727 notat.
533 688 635 727 Non
665 696 802 726 tamen
826 685 924 726 ideo
948 688 1089 726 statim
1123 689 1166 727 in
1201 699 1471 739 contextum,
1503 701 1554 730 ut

96 746 168 786 ille
191 745 330 798 jubet,
362 745 527 794 insero,
569 743 702 783 donec
726 757 778 782 ex
811 742 917 783 Cod.
949 742 1176 796 probetur;
1218 745 1399 801 ideoque
1426 747 1550 786 unci„

93 803 207 841 nulis
226 801 391 842 seclusi.
423 802 583 839 Rm‘rz.
641 799 907 839 Probabilem
928 810 969 838 et
986 814 1063 854 ego
1081 800 1226 852 judico
1245 802 1432 843 Marcilii
1448 818 1549 843 con·

89 861 305 912 jecturam.
366 857 487 896 Adde
510 872 598 909 cap.
623 862 660 899 2.
688 853 710 898 ὁ
731 856 800 905 τὰς
815 858 931 905 νίκας
951 854 1048 909 ἡμῖν
1076 855 1271 911 ὑμνήσας.
1330 859 1388 897 Et
1419 860 1547 900 facile

95 929 178 954 vox
207 916 341 962 νίκας,
377 914 475 966 quia
503 912 668 952 eaedem
692 912 839 952 literae
857 913 1052 966 proxime
1071 924 1382 966 praecesserant
1401 916 1447 954 in
1471 929 1546 955 vo-

87 986 134 1010 ce
151 967 405 1023 Ἑλληνικὰς,
438 969 649 1009 absorberi
673 979 853 1023 poterat.
912 969 964 1008 In
989 968 1122 1012 Codd.
1143 971 1293 1009 Pariss.
1323 970 1395 1011 hio
1420 975 1542 1011 locus

85 1041 161 1080 per
178 1027 447 1065 librariorum
469 1027 767 1082 negligentiam
793 1025 915 1066 valde
938 1025 1189 1079 depravatus
1206 1037 1282 1068 est.
1312 1029 1467 1069 LmrM.

199 1084 518 1137 Pag.126.1.4.
551 1081 694 1137 Πρὸς
722 1081 950 1136 ἐμαυτὸν
980 1080 1265 1136 ἐσκόπουν]
1298 1085 1422 1123 Hanc
1449 1085 1537 1123 Co*

87 1139 193 1179 dicis
219 1141 336 1179 Gorl.
357 1140 582 1181 lectionem
610 1148 833 1192 propterea
865 1140 1090 1192 anteposui
1117 1143 1315 1194 vulgatae
1344 1157 1384 1182 π.
1419 1143 1476 1192 ἐμ.
1503 1143 1536 1182 ἒ«

85 1192 342 1251 σκοπούμην,
374 1195 487 1251 quod
514 1195 709 1248 putabam
739 1204 853 1235 recte
882 1195 1050 1248 quidem
1083 1196 1279 1235 Medium
1314 1198 1356 1235 in
1391 1197 1532 1250 phrasi

86 1261 323 1296 σκοπεῖσθαι
343 1252 436 1306 μετὰ
460 1258 538 1293 τῶν
559 1255 685 1303 φίλων
705 1252 847 1292 Somn.
872 1252 928 1292 in.
954 1261 994 1290 et
1015 1252 1226 1290 similibus
1240 1284 1251 1303 ‚
1285 1253 1440 1306 quibus
1459 1252 1536 1293 de—

85 1311 281 1351 liberatio
305 1324 397 1348 cum
425 1309 519 1347 aliis
542 1309 669 1347 simul
694 1308 783 1347 fieri
816 1308 1004 1359 dicatur,
1036 1308 1254 1356 adhiberi,
1287 1310 1424 1347 minus
1456 1324 1528 1348 au-

84 1379 165 1407 tem
190 1377 321 1414 recte,
354 1366 425 1404 ubi
446 1363 547 1418 πρὸς
567 1363 709 1406 ἑαυτὸν
726 1364 914 1415 additur,
951 1364 1118 1419 ingrato
1141 1376 1250 1414 tum,
1286 1366 1368 1404 nisi
1387 1380 1534 1405 sensus

82 1439 147 1463 me
170 1423 306 1472 fallit,
338 1425 594 1475 pleonasmo.
652 1421 893 1474 Legitimae
913 1421 1092 1459 rationis
1115 1425 1352 1473 exemplum
1373 1422 1471 1461 vide
1492 1423 1536 1459 in

83 1479 300 1532 principio
321 1479 562 1532 Apologiae
580 1492 658 1531 pro
679 1479 813 1517 Mero.
833 1477 971 1517 Cond.
991 1487 1032 1517 et
1052 1479 1199 1517 confer
1217 1479 1420 1518 Harmon.
1445 1493 1477 1520 e.
1498 1485 1534 1523 3.

79 1538 234 1576 LssnM.

194 1591 294 1632 Eacl.
318 1594 345 1630 l.
371 1596 437 1634 11.
455 1588 546 1632 ’Ότι
563 1607 635 1643 περ
656 1588 825 1644 ὄφελος)
864 1590 997 1629 Recte
1018 1589 1078 1628 ibi
1104 1590 1248 1645 Obsop.
1267 1604 1363 1630 nam
1388 1588 1448 1633 ὅτι
1465 1607 1538 1645 περ

82 1649 228 1702 ὄφελος
249 1648 408 1687 dietum
431 1645 520 1689 ἀντὶ
544 1650 585 1689 οἷ
607 1646 789 1700 μεγάλοι,
824 1649 866 1689 οἱ
891 1648 1085 1701 μέγιστοι,
1117 1649 1187 1689 καὶ
1218 1645 1535 1700 ἀξιολογώτατοι.

80 1708 260 1746 Bouxzn.
309 1704 500 1742 Illustrat
518 1703 628 1742 hanc
645 1704 870 1744 formulam
888 1702 1044 1743 Kaster.
1063 1702 1115 1743 ad
1130 1705 1338 1758 Aristoplz.
1352 1702 1536 1758 Ἐκκλησ.

79 1767 147 1807 53.
183 1762 318 1800 Gnsx.
737 1785 743 1792 -

197 1818 295 1870 Pag.
321 1819 411 1859 127.
439 1817 466 1854 1.
490 1819 528 1858 1.
553 1811 619 1857 ‘H
633 1810 801 1869 ἀρίστη)
834 1813 1007 1853 Comma
1036 1824 1133 1868 post
1155 1814 1318 1870 ἀρίστη,
1353 1817 1468 1869 quod
1490 1817 1536 1855 iu

80 1874 189 1915 Edd.
221 1884 329 1922 erat,
361 1872 539 1923 sustuli,
572 1872 672 1924 quia
697 1885 842 1909 sensus
882 1869 927 1908 id
949 1874 1164 1923 postulat,
1202 1881 1249 1910 ut
1271 1873 1453 1925 quilibet
1476 1874 1538 1910 fa.-

83 1933 162 1971 cile
187 1930 318 1971 videt.
349 1929 510 1969 Rmrz.
572 1929 790 1982 Quaenam
817 1925 1103 1967 Macedoniae
1128 1928 1226 1967 urbs
1247 1928 1536 1983 significetur,

86 1988 233 2042 quaeri
258 1995 412 2037 potest.
474 1984 820 2023 Florentissimae
840 1993 929 2021 tum
952 1984 1152 2036 temporis
1177 1995 1295 2023 erant
1319 1984 1538 2023 Thessalo-

84 2045 180 2082 nica
199 2054 241 2083 et
259 2041 479 2094 Philippi;
511 2051 552 2081 et
571 2040 719 2078 harum
736 2042 978 2079 alterutram
998 2039 1265 2094 cogitandam
1286 2055 1395 2092 esse,
1428 2050 1540 2080 recte

83 2099 253 2139 videtur
282 2097 522 2137 Wielandius
542 2096 799 2136 observasse.
832 2096 989 2135 LEnM.

199 2154 297 2193 Eacl.
322 2157 348 2191 l.
374 2160 413 2195 2.
446 2151 610 2204 Σκηνὰς
627 2153 691 2194 καὶ
708 2149 883 2205 καλύβας
899 2153 963 2193 καὶ
982 2155 1150 2207 πνῖγος)
1181 2153 1316 2192 Voces
1337 2153 1540 2204 interpre«

88 2222 200 2250 tatus
233 2224 321 2247 sum
348 2209 460 2247 alibi.
519 2210 624 2248 Rern
648 2209 786 2260 tangit
812 2209 913 2249 Suel,
939 2209 1026 2250 Jul.
1047 2223 1081 2247 c.
1109 2215 1174 2254 39.
1232 2208 1306 2248 Acl
1330 2224 1428 2262 quae
1450 2223 1534 2246 om-

87 2272 154 2307 niz:
180 2265 401 2320 spectacula
429 2276 579 2304 tantum
618 2264 787 2317 undiquc
815 2267 1012 2319 confluxit
1041 2265 1262 2313 hominnm,
1304 2275 1344 2303 ut
1371 2263 1543 2318 plerique

88 2326 258 2373 cult-gnae
275 2332 341 2360 aul
364 2324 461 2360 inier-
490 2323 616 2368 vicos,
649 2330 716 2357 aut
738 2322 836 2358 inter
861 2323 946 2359 vias
966 2321 1229 2361 tabernaculis
1253 2322 1391 2375 positis
1411 2335 1544 2359 mane-

88 2392 191 2429 rent,
225 2396 273 2419 ac
294 2394 404 2430 saepe
429 2393 524 2429 prae
546 2377 681 2425 turba,
711 2374 796 2414 elisi
826 2378 1119 2433 exanimatique
1142 2380 1219 2416 sint
1234 2376 1291 2431 ρῖι
1319 2378 1416 2425 imi,
1449 2377 1543 2414 etin

87 2437 147 2475 his
179 2436 255 2476 (Ino
291 2434 506 2474 Senatores,
546 2434 721 2473 Bounn.
786 2433 939 2485 Itaque
967 2431 1070 2487 ἀνὴρ
1106 2439 1210 2482 Χῖος
1242 2447 1263 2471 a
1307 2431 1356 2475 ,ad
1383 2431 1542 2472 Aelian.

89 2494 141 2533 V.
166 2494 218 2531 H.
247 2496 320 2540 14,
344 2495 407 2535 18.
440 2486 694 2544 ὀργιζόμενος
712 2491 766 2542 τῷ
794 2490 947 2544 οἰκέτῃ,
980 2489 1054 2543 ἐγώ
1074 2503 1140 2541 σε,
1172 2491 1235 2543 ἕφτ
1305 2486 1378 2530 οὐκ
1401 2490 1457 2538 εἷς
1474 2485 1545 2542 μὺ·

93 2552 165 2602 λην
187 2550 365 2602 ἐμβαλῶ,
396 2544 482 2587 ἀλλ’
505 2549 560 2594 εἷς
578 2543 803 2597 Ὀλυμπίαν
826 2542 917 2594 ἔξω.
953 2546 1089 2586 GESN.

207 2605 309 2645 Ead.
334 2606 362 2643 l.
381 2606 422 2647 6.
452 2602 563 2643 Ἀλλὰ
587 2599 766 2655 ρητόρων
788 2604 894 2651 etc.)
926 2603 1083 2642 Graeca
1108 2602 1192 2642 lab«
1212 2610 1303 2639 rant
1325 2615 1451 2655 prava
1471 2599 1545 2639 di-

95 2660 342 2699 stinctione.
402 2660 469 2698 Sic
491 2659 600 2699 enim
624 2658 728 2697 haec
748 2658 873 2696 verba
895 2658 1254 2712 interpungendffi
1286 2673 1372 2697 non
1395 2672 1546 2696 conve·

98 2718 162 2755 uit
183 2716 266 2755 huc
289 2716 386 2756 vilis
407 2717 526 2770 plebs
541 2749 551 2767 ,
584 2713 679 2758 ἀλλὰ
710 2712 890 2770 ρητόρων
914 2731 952 2757 τε
975 2717 1038 2758 καὶ
1063 2713 1323 2771 συγγραφέων
1346 2717 1410 2758 καὶ
1430 2728 1547 2765 σοφι-
