1834 3188
1381 198 1480 246 319

443 212 610 246 VERAE
648 211 913 244 Hts'roRIAE
950 211 1039 244 Lm.
1077 213 1124 243 Π.

99 323 189 374 μεῖα
219 313 495 373 προύφαίνετο
514 313 573 368 ⁰).
605 310 689 367 μετ’
709 309 844 368 ὄλίγον
867 309 910 352 δὲ
939 310 1006 352 καὶ
1025 308 1177 364 ἄνδρας
1194 309 1354 364 εἷ’δομεν
1386 326 1480 353 και·
1492 325 1529 359 p.
1545 318 1622 358 158.

100 393 163 445 νῷ
177 385 312 443 τρόπῳ
328 386 530 434 ναυτιλίας
548 382 792 438 χρωμένους·
823 376 939 421 αὐτοὶ
956 378 1032 435 γαρ
1052 380 1119 421 καὶ
1137 382 1280 421 ναῦται
1296 379 1364 420 καὶ
1386 384 1483 432 νῆες

100 451 220 510 ἦσαν.
240 456 346 505 ηλέξω
361 455 403 496 δὲ
421 457 494 495 τοῦ
511 457 618 494 πλοῦ
641 449 711 494 τὸν
731 446 883 505 τρόπον
898 460 906 470 ·
946 446 1083 491 ’ὕπτιοι
1110 450 1287 503 κείμενοι
1313 448 1378 490 ἐπὶ
1406 452 1483 490 τοῦ

99 522 269 575 ὕδατος,
308 519 566 576 ὀρθώσαντες
600 517 650 562 τά
686 522 841 569 αἰδοῖα,
884 514 1057 572 (μεγάλα
1087 517 1129 559 δὲ
1158 517 1411 571 φέρουσιν,)
1441 517 1481 566 ἐξ

101 588 236 635 αὐτῶν
260 589 417 644 ὀθόνην
438 588 697 638 πετάσαντες,
728 588 796 630 καὶ
828 592 913 634 ταῖς
931 587 1039 640 χερσὶ
1056 583 1151 635 τούς
1181 588 1387 634 ποδεῶνας
1404 602 1483 627 κα·-

99 661 298 714 τέχοντες,
332 661 593 712 ἐμπίπτοντος
609 661 683 699 τοῦ
703 654 867 710 ἀνέμου,
900 656 1054 697 ἔπλεον.
1086 653 1200 696 ἄλλοι
1217 654 1258 696 δὲ
1277 653 1374 708 μετὰ
1393 653 1485 696 τού·

102 746 222 780 τους,
254 730 318 770 ἐπὶ
340 731 498 781 φελλῶν
519 724 768 779 καθήμενοι,
805 721 1003 773 ζεύξαντες
1028 721 1102 765 δύο
1134 726 1326 776 δελφῖνας
1354 722 1484 777 ἤλαυ-

713 795 754 835 οἷ
770 793 811 835 δὲ
829 788 1038 847 προὶὸντες
1056 787 1295 846 ἐπεσύροντο
1317 790 1359 846 e)
1391 808 1486 840 τους

105 863 286 919 φελλους.
319 881 433 907 ουτοι
448 861 556 916 ἡμᾶς
576 860 666 904 οὕτε
685 858 882 915 ηδίκουν,
915 858 1006 902 ου’τε
1023 861 1218 915 ἔφευγον,
1251 857 1338 901 ἀλλ’
1362 857 1485 913 ἤλαυ-

102 795 178 839 νόν
197 813 264 847 τε,
292 797 358 838 καὶ
373 792 589 848 ἡνιόχευον
609 790 681 846 ‘¹)·

101 951 176 976 νον
192 929 321 981 οἷδεως
339 949 404 984 τε,
433 932 502 973 καὶ
523 932 755 984 εἰρηνικῶς,
799 928 843 972 τὸ
877 928 985 978 εἶδος
1009 933 1085 971 τοῦ
1111 924 1309 984 ’ἡμετέρου
1339 931 1486 970 πλοίου

1137 993 1334 1052 Ἑσπέρας
1349 1000 1390 1039 δὲ
1405 994 1486 1051 ἤδη
1500 1007 1578 1042 139-
1597 1002 1654 1044 46

101 1065 388 1124 προςήχθημεν
413 1065 527 1124 νήσῳ
547 1063 595 1110 οὗ
616 1065 759 1124 μεγάλῃ
773 1082 781 1092 ·
812 1073 1022 1124 κατῳκεῖτο
1044 1067 1085 1108 δὲ
1107 1064 1206 1120 αὕτη
1226 1063 1306 1109 ὖπὸ
1337 1083 1488 1122 γυναι-

99 999 396 1055 θαυμάζοντες,
428 1000 496 1041 καὶ
512 998 717 1041 πάντοθεν
734 1001 1083 1055 περισκοποῦντες.

101 1142 207 1189 κῶν,
240 1133 295 1186 οἷς
316 1138 568 1191 ἐνομίζομεν,
596 1134 763 1178 Ἑλλάδα
793 1133 938 1189 φωνὴν
961 1136 1231 1190 προϊεμένων·
1260 1133 1489 1193 προςῄεσαν

103 1205 204 1262 γὰρ,
231 1207 300 1247 καὶ
320 1206 545 1255 ἐδεξιοῦντο
561 1235 572 1255 ,
602 1206 669 1247 καὶ
687 1202 938 1258 ἠσπάζοντο,
970 1201 1080 1246 πάνυ
1112 1205 1317 1258 ἑταιρικῶς
1339 1218 1488 1246 κεκοσ-

104 1274 296 1327 μημέναι,
330 1276 448 1316 καλαὶ
464 1279 613 1325 πᾶσαι,
646 1275 712 1316 καὶ
733 1276 940 1324 νεανίδες,
976 1269 1171 1327 ποδήρεις
1199 1271 1294 1322 τούς
1321 1277 1490 1326 χιτῶνας

104 1341 403 1398 ἐπισυρόμεναι.
440 1340 466 1396 ’ἢ
495 1344 564 1396 μὲν
593 1337 665 1385 οὖν
692 1347 819 1396 νῆσος
847 1343 1021 1384 ἐκαλεῖτο
1044 1344 1291 1395 Καβαλοῦσα
1310 1337 1370 1398 f)·
1400 1338 1428 1395 ’ἦ
1447 1342 1491 1384 δὲ

154 1447 197 1490 c)
222 1441 586 1490 προυφαίνετο]
627 1444 878 1489 προφαίνεται
899 1455 1002 1488 5011.
1025 1449 1061 1476 et
1091 1451 1190 1486 2954.
1220 1443 1321 1499 quod
1350 1450 1493 1478 temere

196 1491 361 1536 praefert
383 1490 546 1534 Beli-nus,
573 1491 626 1524 sic
656 1491 890 1536 distinguens
914 1490 1043 1524 verba:
1078 1490 1143 1524 καὶ
1164 1487 1277 1533 ἄλλα,
1302 1487 1420 1525 ὁπόσα
1444 1508 1493 1516 -·

199 1538 470 1592 προφαίνεται,
498 1549 613 1582 quum
631 1538 685 1570 sic
703 1541 777 1595 sin’t
796 1536 1080 1580 distinguenda:
1107 1536 1168 1570 καὶ
1188 1517 1277 1570 ἄλλα
1296 1534 1494 1581 προύφαί-

198 1596 304 1623 νετο,
329 1581 448 1619 ὁπόσα
474 1586 540 1628 γῆς
559 1589 630 1617 etc.
655 1584 725 1618 int.
745 1582 831 1619 ἐστί.
861 1585 983 1628 Quam
1007 1582 1158 1638 quidem
1175 1590 1318 1616 rectam
1338 1595 1415 1619 esse
1428 1596 1494 1616 ra-

200 1631 342 1663 tionem
363 1631 420 1663 vel
439 1631 536 1663 illud
555 1629 684 1674 docet,
712 1628 809 1685 quod
834 1636 967 1663 auctor
984 1640 1059 1661 non
1080 1626 1199 1663 ὁπόσα
1218 1626 1309 1664 αλλα
1327 1630 1491 1674 scripsit,

201 1677 266 1710 sed
288 1672 378 1711 ἄλλα
405 1673 535 1711 ὁπόσα.
608 1677 653 1720 d)
679 1674 964 1722 ἡνιόχευον]
997 1671 1178 1733 ηνιόχουν
1198 1686 1304 1730 2954.
1325 1683 1361 1709 et
1387 1688 1493 1720 501¹·

148 1740 151 1742 —
199 1724 384 1767 probante
399 1724 542 1767 Belum,
568 1724 717 1765 nescio,
745 1736 818 1768 qua
839 1723 882 1755 de
903 1733 1043 1755 caussa.
1093 1723 1136 1765 e)
1162 1720 1238 1757 ἐπε
1252 1720 1304 1758 σύ
1318 1723 1491 1768 ροντο]

203 1769 432 1816 ἐπεφέροντο
460 1769 525 1802 iid.
557 1769 657 1815 quod
677 1770 802 1803 Belino
822 1770 1008 1814 glossema
1035 1779 1112 1801 esse
1131 1768 1290 1802 videtur.
1336 1769 1378 1812 f)
1405 1772 1496 1804 Κα-

109 1871 243 1902 terrae
261 1861 528 1914 propinquae
548 1860 684 1916 signa,
699 1874 771 1913 ap·
829 1874 872 1899 se
897 1857 1061 1898 subera.

1122 1857 1184 1896 Hi
1214 1873 1350 1913 neque
1382 1858 1495 1912 inju-

109 1933 268 1973 parere.
328 1919 479 1956 Paullo
517 1928 616 1970 post
648 1917 773 1956 vide-

830 1916 893 1955 ria
930 1929 1008 1953 nos
1045 1913 1313 1967 afficiebant,
1354 1930 1496 1970 neque

110 1989 204 2014 mus
238 1975 352 2014 viros
386 1988 503 2014 novo
538 1974 774 2029 navigandi

114 2043 267 2085 genere
285 2040 468 2071 utenteS.
500 2030 635 2070 Iidem
659 2032 772 2071 enim

115 2097 159 2126 et
188 2097 342 2126 nautae
386 2096 505 2126 erant
545 2097 586 2126 et
629 2102 773 2128 naveS.

113 2144 270 2182 Dicam
324 2157 426 2183 vero
479 2144 773 2198 navigationis

115 2201 338 2240 rationem
401 2200 555 2252 Supini
594 2203 638 2238 in
667 2215 775 2256 aqua

113 2261 300 2312 jacentes
343 2255 538 2309 pudenda
583 2258 775 2312 erigunt.

113 2313 275 2353 habent
301 2323 439 2352 autem
463 2315 693 2352 luculenta.
708 2314 776 2351 Ex

114 2369 183 2409 his
202 2384 329 2423 porro
353 2373 494 2408 velum
516 2369 749 2421 pandentes
764 2400 774 2418 ‚

117 2426 400 2479 manibusque
431 2435 623 2464 tenentes
651 2426 776 2464 funes

118 2483 204 2521 veli
237 2483 481 2531 inferiores,
527 2491 655 2521 vento
688 2483 777 2520 im—

118 2541 262 2590 plente
280 2539 548 2594 navigabant.
568 2539 657 2576 Alii
679 2547 779 2591 post

120 2594 200 2633 hos
220 2595 452 2635 insidentes
473 2596 516 2633 in
537 2595 774 2644 suberibus„

121 2649 227 2690 duos
251 2651 474 2704 delphinos
490 2656 661 2704 junctos
685 2665 778 2705 age-

118 2709 220 2747 bant
254 2710 538 2762 regebantque
573 2708 777 2754 habenis,

119 2766 194 2820 qui
212 2765 424 2821 progressi
445 2765 660 2805 traherent
680 2775 778 2819 post

832 1972 1071 2026 fugiebant,
1101 1970 1172 2011 sed
1196 1971 1288 2010 sine
1311 1982 1427 2011 metu
1452 1981 1498 2011 et

817 2037 981 2083 ‘pacate
1006 2032 1125 2081 juxta
1160 2042 1237 2067 nos
1276 2029 1498 2083 inequita-

834 2088 964 2137 bant,
1003 2085 1188 2138 speciem
1216 2087 1381 2140 navigii
1411 2100 1497 2124 no-

833 2144 910 2182 stri
938 2141 1158 2191 admstati,
1211 2152 1253 2180 et
1283 2142 1496 2195 perspici-

833 2210 951 2240 entes
974 2198 1181 2252 undique.
1205 2198 1390 2252 Vespera
1412 2202 1496 2251 jam

833 2255 1082 2310 ingruebat,
1124 2270 1217 2294 cum
1254 2256 1497 2307 appulimus

835 2312 887 2350 ad
934 2313 1111 2351 insulam
1156 2325 1243 2349 non
1287 2325 1497 2364 magnam.

834 2369 1070 2407 Habitatur
1102 2382 1146 2407 ea
1173 2381 1194 2405 a
1220 2367 1498 2417 mulieribus,

834 2435 882 2464 ut
915 2425 1188 2477 putabamus,
1233 2425 1393 2461 Graece
1426 2426 1498 2461 lo-

835 2481 1078 2534 quentibus.
1100 2480 1359 2518 Accedentes
1384 2480 1497 2519 enim

835 2551 913 2576 nos
938 2535 1191 2591 prensabant
1213 2545 1253 2574 et
1291 2539 1498 2588 complec-

836 2594 1052 2642 tebantur,
1088 2601 1258 2631 ornatae
1277 2607 1391 2632 more
1413 2607 1497 2631 me·

836 2650 1034 2699 τευ-1010,
1091 2649 1304 2687 formosae
1351 2663 1496 2689 omnes

838 2717 878 2745 et
917 2709 1188 2759 juvenculae,
1237 2705 1384 2744 talaria
1415 2721 1498 2745 ve—

838 2763 1035 2803 stimenta
1057 2762 1286 2802 trahentes.
1346 2763 1495 2802 Insula
