1834 3188
422 214 1228 248 1N11nnn1oT1MUM.
1463 200 1562 245 447

101 315 280 357 eundem
303 314 525 354 nonnullis
545 323 684 353 tamen
707 313 920 353 interdum
937 321 1177 366 suspectum
1197 311 1344 350 fuisse.
1406 309 1562 364 Quare,

103 375 138 411 si
161 373 230 412 cui
261 375 452 424 exempla
483 385 572 410 non
595 381 869 421 succurrunt,
901 370 1046 410 videat
1072 370 1195 409 Jensii
1213 369 1355 408 Lectt.
1376 367 1562 406 Lucian.

103 444 190 483 a.p
210 433 277 472 27.
300 428 351 467 ad
371 431 438 472 35.
464 437 505 468 et
535 441 639 482 quos
668 428 799 467 frater
819 426 865 469 G.
895 427 941 469 O.
959 426 1138 466 Reitzius
1167 424 1343 464 adducit
1371 425 1417 462 in
1442 424 1564 492 Belg.

103 486 252 525 Graec.
274 499 314 538 p.
336 488 433 529 585.
494 483 662 537 Quibus
688 493 851 523 tantum
877 482 988 523 addo
1014 483 1106 525 AeZ.
1130 483 1182 522 V.
1202 483 1259 523 H.
1277 488 1326 528 2.
1349 486 1416 526 36-
1445 476 1566 533 ’ἠρώ-

100 557 219 595 τησε,
248 559 370 589 πως
356 544 412 595 ἔχε
399 560 458 605 ιζ
487 541 561 578 ubi
584 549 723 579 tamen
755 540 882 580 facile
909 540 1162 593 suspiceris,
1201 541 1286 592 ε’χοι.
1311 537 1563 590 legendum,

103 599 203 652 quia
226 613 313 651 cap.
335 597 532 651 proximo
557 595 746 646 dixerat,
759 594 916 665 ᾔρετο,
946 599 983 637 τί
1000 596 1178 649 πράττοι
1216 595 1299 637 Sed
1321 595 1432 632 nihil
1455 608 1564 646 opus

103 665 179 695 est·
221 655 351 694 Conf·
373 669 474 693 mox
500 668 533 695 c·
558 657 624 696 63·
657 648 770 695 οἷσθ’
792 651 910 695 οὐνο
930 651 1118 706 δράσεις,
1158 663 1200 693 et
1226 653 1415 692 Nostrum
1452 651 1566 689 infra

102 726 138 752 c
160 716 227 756 81
248 712 278 750 f
303 713 370 753 καὶ
387 716 459 762 τῆς
476 727 518 765 γε
536 707 684 763 μητρὸς
709 710 900 765 ἐρομένης
922 708 1068 760 αὐτὸν,
1109 712 1148 752 τί
1178 714 1300 753 ταῦτα
1325 713 1448 764 ληρεῖ.
1507 708 1568 746 Et

102 768 342 808 sexcenties
365 766 479 807 alibi.
512 768 674 804 Rnrrz.

214 824 455 868 Ead.1.1·.0
482 818 550 864 Ἐν
581 822 721 875 δυοῖν)
762 822 979 862 Dubitavi
1013 821 1301 876 aliquamdiu,
1343 836 1445 860 num
1476 819 1564 867 sic,

105 890 178 919 aut
200 879 289 929 ἑνὸς
304 879 332 934 ἢ
352 883 388 922 δ
409 878 635 933 legendum
658 889 788 929 esset3
819 878 891 918 sed
909 880 1035 919 video
1058 889 1099 919 et
1116 880 1330 919 Isocratem
1350 878 1412 916 sic
1436 878 1568 915 ferme

104 940 320 985 locutum,
353 951 395 990 p-
414 951 467 975 m.
489 939 556 985 85,
583 940 618 977 1.
652 931 782 990 ὀλίγοι
801 934 904 989 πρὸς
920 935 1069 985 πολλοὶς
1083 933 1319 989 μυριάδας
1298 951 1424 984 ωςπεο
1444 935 1485 975 ἒν
1503 931 1569 974 ἆλ-

103 995 278 1048 λοτρίαις
309 998 462 1061 ψυχαῖς
487 994 688 1045 μέλλοντες
718 992 991 1035 κινδυνεύειν·
1036 1002 1079 1032 et
1105 991 1306 1033 Demosth
1343 995 1505 1041 148,1.
1529 991 1570 1032 ἐν

101 1056 188 1092 τοῖν
211 1052 328 1091 δυοῖν
351 1045 517 1119 ὀβολοῖν
537 1046 744 1118 {eechoovy
765 1046 830 1090 ἅν.
863 1050 948 1089 Sor
954 1065 1028 1089 AN

214 1106 371 1147 Ead.1.
397 1112 462 1149 11.
490 1104 572 1174 ῼς
590 1107 657 1146 καὶ
677 1102 797 1154 αὐτὸς
828 1130 876 1135 —-
910 1107 1105 1175 ἔφησθα)
1136 1106 1216 1145 Vel
1237 1105 1298 1143 ita
1321 1102 1488 1142 dedisse
1508 1102 1572 1142 vi-

104 1161 227 1202 detur
245 1163 472 1212 Lucidum,
508 1161 555 1203 σύ
574 1163 642 1203 καὶ
659 1159 777 1210 αὐτὸς
796 1163 958 1216 ἔφησθα
977 1158 1024 1204 οὗ
1042 1161 1186 1217 μικρὸν
1207 1160 1310 1203 εἶναι
1325 1159 1470 1201 κακὸν·
1503 1162 1571 1198 vel

103 1220 192 1267 ita,
225 1236 278 1268 ως
299 1237 336 1260 κ.
359 1236 394 1259 α.
420 1221 448 1260 ε’.
475 1214 524 1260 οὗ
545 1236 583 1271 μ.
602 1220 682 1260 ἐστι
703 1217 844 1260 κακόν
904 1219 1018 1258 Illud
1052 1220 1166 1258 enim
1191 1216 1315 1270 ὤφθη
1341 1216 1426 1254 huc
1448 1229 1573 1255 revo-

109 1289 226 1325 care,
261 1290 354 1313 cum
379 1276 562 1327 aliajam
588 1276 852 1314 constructio
884 1276 1198 1324 intercesserit,
1230 1272 1459 1313 videbatur
1491 1271 1574 1309 du-

103 1331 544 1370 riusculum.G1·:SN.
602 1331 702 1370 Non
743 1331 966 1381 dubitavi,
1016 1347 1110 1370 cum
1150 1330 1303 1370 Salano
1346 1328 1454 1367 illud
1494 1345 1571 1377 ως,

106 1387 221 1440 quod
250 1387 361 1428 Edd.
393 1386 630 1437 habebant,
668 1398 915 1455 ’praeeunte
946 1387 1051 1427 Cod.
1083 1389 1128 1430 P.
1160 1387 1338 1441 ejicere;
1385 1400 1480 1423 nam
1511 1385 1574 1423 sic

104 1458 251 1482 sensus
272 1443 318 1481 fit
337 1446 510 1496 planus:
543 1444 581 1481 si
606 1444 720 1482 enim
743 1441 797 1493 ὥς
817 1445 1024 1484 retineas:
1057 1443 1166 1483 illud
1194 1456 1375 1496 sequens
1397 1440 1501 1483 εἶναι
1529 1441 1573 1478 in

102 1501 212 1540 ἔσται
233 1503 302 1539 vel
325 1501 404 1541 ἐστὶ
422 1498 671 1537 mutandum
696 1502 833 1551 foret,
863 1510 913 1539 ut
945 1515 1101 1540 nexum
1137 1499 1362 1567 indaganti
1393 1497 1573 1550 patebit.

107 1556 343 1596 Ceterum’
326 1574 366 1598 εν
385 1573 438 1611 τῳ
460 1561 671 1612 συρφετῷ
661 1562 986 1610 παοαπολεΐσθαι
1006 1552 1052 1598 οὖ
1077 1554 1221 1610 μικρὸν
1241 1553 1390 1600 κακὸν,
1423 1553 1575 1592 habui·

106 1627 197 1650 mus
220 1613 345 1652 etiam
370 1627 496 1665 supra
522 1627 555 1650 c.
581 1618 618 1655 2
649 1614 810 1654 Rm‘rz.
871 1613 1121 1653 Retinuisse
1148 1623 1288 1651 tamen
1329 1628 1384 1659 ως
1417 1609 1576 1663 depre—

107 1668 310 1708 henditur
338 1669 529 1708 Reitzius.
591 1669 672 1708 Sed
710 1670 982 1709 Solzmiederus
1015 1679 1128 1709 recte
1162 1668 1328 1717 omisit,
1372 1666 1575 1706 Codicem

107 1726 153 1765 P.
179 1735 361 1766 secutus.
423 1726 506 1763 Pro
525 1723 624 1766 εἶναι
651 1726 838 1778 Seagerns
860 1728 955 1765 Vol.
981 1726 1094 1765 XIII
1109 1757 1120 1776 ‚
1145 1739 1239 1778 pag.
1261 1731 1329 1769 73.
1351 1726 1495 1762 mallet
1516 1725 1577 1774 εἴη

109 1778 184 1829 ἂν,
218 1791 381 1820 servata
405 1790 494 1820 tum
525 1781 736 1834 particula
765 1779 832 1830 ὥς.
891 1781 974 1821 Sed
1007 1782 1128 1834 prior
1158 1782 1268 1820 ratio
1299 1779 1414 1820 haud
1447 1778 1578 1818 dubie

108 1847 305 1891 praestat.
338 1839 494 1877 Lmrwr.

223 1894 328 1936 Ibid.
356 1891 427 1936 Ἐν
450 1891 576 1950 ἀρχῇ)
608 1893 656 1933 sn
677 1894 790 1948 hujus
809 1893 974 1947 Dialogi
990 1896 1116 1934 initio.
1148 1894 1293 1932 Bnon.

206 1951 326 2004 Pag-
349 1956 414 1995 86-
440 1953 469 1990 l·
491 1956 529 1994 4.
581 1949 694 1992 Κατα
723 1969 796 2003 την
824 1950 1073 2005 παοοιμίαν)
1119 1950 1191 1990 Sic
1219 1950 1314 2001 illa,
1359 1946 1482 2002 ε’ἷλλην
1509 1949 1582 2001 μὲν

113 2008 391 2060 ἐξαντλοῦμεν,
421 2003 448 2059 ’ἦ
466 2009 539 2049 δὲ’
523 2009 712 2061 επιρῤέει·
745 2011 920 2047 consule
940 2005 1362 2061 paroemiographos.
1422 2007 1475 2044 In
1495 2008 1582 2044 An-

113 2064 210 2117 glic.
235 2063 342 2102 Cod.
367 2041 552 2102 dramata
574 2065 757 2118 paginae
776 2068 871 2109 31.5
897 2065 1073 2103 omnino
1099 2064 1523 2116 corrupta,B0U1zD.

227 2119 328 2158 Eacl.
354 2123 380 2158 l.
403 2124 440 2163 5.
471 2117 525 2160 Ο
547 2125 626 2162 τῶν
643 2126 856 2164 Δαναϊδῶν
874 2122 1026 2171 πίθος)
1057 2121 1276 2159 Erasmus
1266 2135 1310 2157 m
1334 2135 1382 2172 pl
1388 2119 1578 2167 overb1o

114 2175 346 2215 Danaidum
377 2175 537 2218 dolium.
577 2178 722 2217 Bnon.
783 2181 1033 2227 Δαναϊδων)
1082 2175 1212 2230 Apud
1245 2177 1350 2215 alios
1383 2174 1581 2214 sc1ibitur

115 2233 200 2271 alio
224 2242 427 2277 accentu,
460 2237 690 2275 Δαναΐδων.
751 2235 801 2273 In
835 2235 927 2274 Par.
957 2243 1046 2273 erat
1069 2234 1228 2272 vitiose
1261 2235 1475 2273 Δαναϊδῶν
1505 2230 1580 2268 du·

114 2289 217 2341 plici
239 2297 429 2329 accentu.
460 2289 518 2326 At
540 2303 617 2328 nos
642 2290 894 2343 scripturam
917 2289 1028 2330 Edd.
1050 2290 1086 2332 J.
1112 2289 1216 2329 Alael.
1238 2290 1288 2329 B.
1313 2295 1350 2332 2.
1373 2298 1414 2328 et
1438 2288 1478 2325 S.
1503 2298 1582 2328 etc.

116 2345 427 2397 expressimUS,
462 2358 568 2397 quae
590 2345 907 2386 circumflexum
937 2356 1199 2400 agnoscunt,
1241 2356 1352 2385 recte
1382 2343 1579 2397 quidem,

118 2401 153 2438 si
177 2400 227 2439 ab
250 2411 365 2440 recto
387 2404 593 2453 Δαναΐδης
618 2403 847 2449 formetur3
883 2402 999 2456 quod
1032 2412 1121 2440 tum
1144 2402 1381 2440 communis
1413 2400 1580 2453 generis

117 2457 396 2497 credendum:
430 2456 474 2495 id
497 2457 613 2510 quod
633 2467 771 2498 tamen
798 2459 872 2496 vix
895 2458 1001 2497 mihi
1019 2457 1275 2510 persuadeo;
1317 2456 1390 2496 sed
1421 2456 1581 2496 rectius

119 2528 211 2551 cum
233 2513 361 2552 Suicla
382 2518 598 2555 Δαναΐδων
620 2513 888 2553 scribendum
921 2514 1120 2553 existimo
1145 2529 1167 2552 a
1199 2512 1470 2552 nominativo
1493 2517 1583 2552 Δα-

118 2573 229 2619 ναῖς,
270 2580 319 2608 ut
347 2571 476 2620 ἐλπὶς,
518 2572 712 2621 ἐλπίδων,
754 2569 932 2623 λαμπας,
971 2569 1202 2623 λαμπαδων
1264 2570 1441 2608 Interim
1476 2583 1582 2607 con-

120 2635 298 2664 stantem
330 2637 434 2666 vett.
461 2626 572 2666 Edd.
616 2604 843 2666 lectionem
883 2627 1135 2678 expressisse
1173 2625 1280 2663 mihi
1313 2624 1455 2663 fraudi
1491 2639 1580 2663 non

120 2680 214 2720 erit.
247 2681 409 2721 Ranz.
473 2683 672 2722 Graviter
689 2692 826 2721 tamen
852 2691 1072 2736 propterea
1106 2683 1152 2720 in
1180 2681 1360 2720 Rcztzum
1391 2680 1582 2719 animad-

119 2737 250 2776 vertit
270 2738 429 2778 Censor
452 2743 542 2792 ejus
566 2740 609 2777 in
632 2739 772 2780 Novv.
796 2740 908 2778 Actt.
934 2738 1094 2777 1⁴]rudd.
1127 2753 1161 2777 a.
1192 2743 1312 2782 1745.
1336 2752 1431 2792 pag.
1457 2742 1577 2787 257.‚
