1834 3188
234 151 335 198 472
590 165 1343 197 ADNOTATIONES

347 260 441 314 Pag·
468 264 609 305 1121.
632 267 671 305 2.
712 259 829 310 Τινὸς
855 261 930 316 λέγ.
953 258 1129 316 ἇνὸρὸς)
1168 262 1270 301 Non
1304 276 1476 316 possum
1507 262 1578 302 hic
1604 278 1697 303 cum

234 317 329 357 viro
352 317 509 358 eximio
532 328 574 357 et
595 317 646 357 de
666 333 730 357 me
752 318 912 371 optime
931 318 1084 357 merito
1103 319 1280 369 sentire,
1314 319 1389 372 qui
1410 319 1516 358 haec
1536 319 1587 358 de
1612 321 1698 359 alio

234 374 499 427 philosopho
524 373 637 412 dicta
665 377 769 413 vult.
830 375 1050 412 Dicuntur
1073 385 1183 414 certe
1207 374 1257 414 de
1280 375 1537 414 Hermotimi
1561 377 1701 429 magi-

235 440 348 479 stro,
381 431 472 469 sive
491 431 525 472 is
542 430 852 482 Thesmopolus
873 430 1026 477 fuerit,
1058 439 1107 468 ut
1124 431 1318 484 superius
1342 430 1489 482 innui,
1523 442 1596 470 aut
1615 432 1699 472 alio

237 487 392 539 quovis
417 486 588 528 nomine
609 495 736 528 notus
766 486 909 527 homo.
970 487 1112 526 Miror
1136 497 1274 526 autem
1297 487 1342 525 in
1365 495 1457 527 toto
1479 487 1562 527 hoc
1582 488 1703 526 Dia-

235 545 338 596 logo
358 542 546 583 Luciani
566 557 653 581 non
673 542 841 584 solitam
867 542 1201 582 moderationem
1215 574 1226 593 ,
1259 559 1340 598 qua
1360 542 1548 583 hominis
1568 543 1703 583 sordi—

238 597 403 642 dissimi
424 612 578 640 nomen
601 598 780 639 reticere
811 599 1029 639 sustinuit.
1092 598 1217 639 Unde
1240 600 1418 654 colligo,
1452 600 1593 639 omnia
1611 603 1703 653 ejus

238 658 443 707 opuscula
458 685 470 705 ‚
502 654 548 692 in
570 655 724 710 quibus
747 655 1000 694 nominatim
1024 655 1071 695 in
1100 655 1166 694 sui
1187 656 1391 709 temporis
1415 656 1609 696 homines
1638 656 1702 695 iu-

238 709 435 763 vehitur‚
467 710 519 749 ab
541 725 591 751 eo
615 721 713 764 post
733 712 829 756 XL,
854 712 1003 754 aetatis
1023 727 1181 752 annum
1199 713 1370 766 scripta.
1403 713 1572 752 SOLAN.

358 789 462 831 Earl.
485 793 513 830 1.
539 795 579 834 6.
599 788 703 843 ’Ένῃ
722 791 790 832 καὶ
809 791 905 848 νέᾳ)
936 790 1037 835 Vid.
1064 791 1326 848 Aristopkan.
1350 791 1486 831 Schol.
1508 790 1561 830 ad
1588 791 1703 834 Nub,

237 845 333 888 Act.
356 846 435 890 IV.
460 846 525 887 Sc.
549 852 570 890 1
588 877 599 897 ‚
626 851 662 889 1.
689 847 763 885 ubi
796 848 890 886 fuse
923 858 1111 897 enarrat,
1155 862 1236 901 qua
1267 848 1435 888 ratione
1470 847 1516 887 id
1549 862 1705 887 nomen

237 903 392 941 ultimo
417 903 573 942 mensis
596 902 684 942 diei
707 903 889 943 inditum
912 904 992 955 sit,
1024 905 1125 958 quia
1148 903 1294 944 eodem
1321 903 1389 944 die
1415 907 1517 942 luna
1537 914 1579 943 et
1597 903 1706 943 desi-

237 959 307 997 nit
337 969 378 998 et
407 959 579 1012 incipit.
638 958 760 998 Adde
785 970 827 999 et
855 959 962 1002 Plut.
984 961 1027 1000 in
1052 961 1231 1011 Solone,
1266 975 1309 1014 p.
1339 965 1442 1010 168,
1471 966 1507 1003 1.
1538 960 1706 1001 SOLAN.

239 1014 360 1068 Quae
384 1030 485 1054 mox
509 1018 639 1070 vulgo
671 1015 906 1054 edebantur
934 1016 1085 1056 verba:
1123 1018 1189 1058 καὶ
1217 1018 1282 1058 ἐπὶ
1311 1022 1434 1058 ταῦτα
1460 1012 1703 1071 ἠγανάκτει,

239 1071 427 1125 intelligi
451 1075 576 1124 plane
598 1086 685 1111 non
716 1081 856 1124 potest
873 1103 886 1123 ,
918 1071 1134 1125 quomodo
1157 1087 1229 1125 per
1250 1082 1317 1111 tot
1351 1076 1494 1112 secula
1523 1074 1584 1111 sic
1607 1088 1708 1111 con-

240 1129 397 1165 servari
421 1128 669 1179 potuerint;
703 1128 948 1180 praesertim
977 1143 1104 1181 quum
1133 1129 1318 1183 genuina
1342 1129 1433 1181 ipsa
1453 1128 1708 1167 Editoribus

242 1183 296 1222 ob
323 1186 472 1222 oculos
495 1193 657 1223 versata
683 1184 860 1223 fuerint.
921 1184 1107 1223 Primum
1134 1185 1246 1223 enirn
1269 1185 1340 1223 illa
1362 1184 1583 1223 absurdam
1606 1199 1709 1223 con-

241 1239 382 1278 tinent
400 1240 697 1293 repetitionem
732 1241 793 1279 rei
817 1243 899 1292 jam
928 1250 1304 1290 commemoratae,
1349 1240 1453 1280 adeo
1482 1242 1596 1279 illam
1628 1240 1707 1280 ab-

241 1294 431 1346 surdam,
465 1305 514 1334 ut
533 1296 657 1336 etiam
683 1296 869 1336 Gesner-us
887 1312 933 1337 ea
954 1311 1032 1352 pro
1052 1297 1194 1335 lubitu
1218 1297 1411 1349 quidem,
1445 1296 1518 1340 sed
1539 1311 1708 1336 sensum

242 1361 382 1390 tamen
408 1355 641 1407 elegantem
674 1367 795 1391 suum
816 1363 1010 1404 secutus,
1044 1353 1088 1391 in
1124 1353 1320 1393 versione
1353 1357 1476 1406 plane
1510 1353 1709 1393 omittere

244 1407 493 1448 decreverit.
553 1408 728 1448 Deinde
750 1409 974 1462 sequentia
1002 1409 1154 1449 verba:
1187 1409 1392 1464 παρεστώς
1412 1406 1433 1451 ὁ
1452 1415 1566 1457 θεῖος
1593 1418 1712 1462 patet

243 1466 365 1502 nullo
392 1465 567 1504 vinculo
592 1480 685 1505 cum
709 1465 795 1503 illis
820 1466 959 1515 necti,
993 1475 1121 1518 atque
1145 1465 1249 1505 adeo
1274 1467 1509 1505 orationem
1534 1466 1594 1503 sic
1613 1465 1714 1504 red-

245 1518 290 1557 di
315 1519 541 1559 admodum
573 1520 877 1559 inconcinnam
901 1531 942 1560 et
964 1535 1176 1574 asperam,
1222 1525 1387 1575 qualem
1416 1522 1491 1560 vix
1521 1536 1709 1573 unquam

245 1575 290 1613 in
316 1576 499 1615 Luciano
531 1576 743 1616 invenias.
800 1578 1006 1629 Denique
1032 1591 1188 1630 quaeso
1222 1578 1318 1632 quis
1348 1591 1526 1630 usquam
1557 1577 1712 1631 legerit

245 1631 420 1684 phrasin
450 1634 515 1674 ἐπὶ
545 1634 581 1674 τὶ
615 1630 872 1687 ἆγανακτεῖυ,·
912 1632 1037 1671 Nihil
1069 1634 1213 1687 itaque
1248 1632 1526 1682 certiusest,
1560 1647 1710 1686 quam,

246 1688 548 1739 praeeuntibus
576 1689 736 1728 Codice
768 1689 823 1727 L.
851 1699 893 1728 et
920 1687 1028 1727 Edd.
1051 1690 1089 1730 J.
1112 1700 1153 1728 et
1177 1691 1226 1729 Β.
1248 1696 1313 1740 8.,
1344 1688 1569 1743 legendum
1600 1703 1712 1729 esse:

249 1745 330 1784 Καὶ
355 1745 436 1785 ἐπεὶ
462 1750 583 1786 ταῦτα
602 1742 836 1798 ἠγανάκτει,
879 1743 1083 1801 παρεστώς
1115 1743 1136 1787 ὅ
1167 1751 1282 1795 θεῖος
1312 1754 1393 1785 etc.
1452 1746 1511 1784 Et
1541 1745 1602 1784 sic
1633 1759 1712 1801 ego

249 1799 514 1839 eonfidenter
541 1802 720 1841 correxi.
751 1803 907 1844 Lmrm,

360 1868 463 1907 Eacl.
483 1871 511 1907 l.
534 1873 574 1912 8.
603 1866 809 1922 Ἰδιώτης)
840 1870 940 1908 Non
963 1869 1214 1922 simpliciter
1230 1870 1422 1910 hominem
1439 1871 1638 1923 privatum
1659 1868 1715 1906 si-

250 1923 471 1979 gnificare,
504 1925 576 1964 sed
597 1923 799 1977 ὄῖμουσον,
834 1926 966 1965 rudem
983 1936 1025 1964 et
1042 1926 1230 1965 incultum
1245 1957 1255 1974 ‚
1289 1941 1341 1964 ex
1359 1925 1506 1963 addito
1526 1922 1717 1978 ἄγροικος

251 1980 445 2032 adparet,
483 1990 524 2019 et
546 1996 598 2021 ex
623 1981 742 2032 aliis,
775 1997 882 2035 quos
913 1981 1092 2020 adduxit
1111 1982 1214 2021 Jens.
1238 1980 1336 2019 Vid.
1366 1994 1490 2033 supra
1513 1980 1566 2018 ad
1586 1995 1620 2019 c.
1647 1985 1714 2028 67,

251 2035 399 2087 Adde,
433 2037 468 2075 si
489 2037 630 2085 lubet,
662 2038 812 2077 Elsner.
835 2037 887 2076 ad
910 2038 1006 2081 Act.
1029 2039 1178 2090 Apost.
1202 2038 1289 2087 IV,
1312 2043 1377 2082 13.
1408 2038 1573 2080 Rmrz.

364 2115 469 2159 Eacl.
491 2118 519 2156 1.
544 2121 607 2159 11.
644 2112 917 2168 Ἐκτετίκαμεν
948 2112 1178 2171 διάφορον)
1221 2117 1356 2156 Recte
1395 2115 1456 2153 ibi
1491 2116 1714 2169 interpres,

253 2172 332 2212 Est
354 2172 464 2210 enim
492 2171 693 2226 διάφορον
715 2188 769 2213 ex
794 2173 905 2214 Suicl.
927 2170 969 2213 τὸ
991 2175 1142 2225 τίμιον,
1172 2189 1329 2213 merces.
1391 2173 1565 2212 Caetera
1587 2172 1716 2226 hujus

253 2227 435 2281 Dialogi
458 2238 580 2268 antea
599 2243 690 2268 sum
708 2229 1027 2283 interpretatus,
1061 2230 1237 2269 Bomm.
1300 2229 1429 2270 Conf.
1454 2228 1554 2267 infr.
1573 2228 1719 2268 Amor.

256 2298 292 2324 c,
317 2288 357 2327 8.
391 2287 559 2325 SOLAN.

369 2341 463 2393 Pag.
486 2346 578 2385 113·
599 2343 624 2383 l.
643 2346 682 2384 2.
716 2343 846 2394 Δίκην
866 2341 1040 2395 ἔφυγον)
1071 2341 1218 2380 Scribo
1238 2341 1398 2394 ἔφυγεν.
1428 2341 1572 2379 Bnon,
1633 2340 1716 2380 Sed

259 2395 357 2446 quia
379 2397 418 2438 S.
439 2396 521 2435 hoc
538 2400 619 2450 jam
641 2397 790 2449 habet,
821 2412 900 2451 ego
920 2399 1043 2453 ἔφυγε
1063 2406 1238 2451 propter
1258 2396 1516 2450 euphoniam
1535 2395 1718 2437 scribere

260 2464 345 2492 non
365 2451 573 2495 dubitavi,
603 2455 765 2494 Ram—z.

373 2507 475 2550 Ibid.
496 2508 703 2565 Ἔφυγεν)
734 2511 806 2557 W,
832 2509 941 2551 Cod.
971 2520 1013 2550 et
1035 2510 1231 2564 plerique
1264 2508 1456 2563 impressi
1489 2510 1653 2564 ἔφυγον.
1674 2510 1718 2552 S.

261 2571 372 2602 recte
393 2567 585 2604 mutavit.
618 2567 786 2609 Somm.

265 2674 296 2714 B
345 2671 348 2676 Α
374 2618 474 2659 Eud.
502 2624 527 2663 l.
558 2626 600 2667 4.
638 2620 775 2673 Λύτοῷ
806 2620 995 2681 ἐλάβετο)
1038 2622 1155 2680 Quod
1185 2639 1270 2665 cum
1301 2637 1418 2663 manu
1446 2620 1718 2674 prehendisset.

304 2688 405 2714 nou.
