1834 3188
293 192 391 238 490
544 202 1397 235 7ΑοῑεῐοΤΑΤιοΝΕ5

402 297 504 341 Eacl.
526 304 554 340 l
571 305 637 344 10.
669 299 758 341 Ἐπ’
783 299 908 341 αὐτοῦ’
917 298 1044 351 μόνον
1057 296 1332 350 ἀποδύσαντες
1344 301 1471 356 ἴδητε)
1503 301 1575 343 Sic
1597 304 1743 354 edunt,

292 357 408 413 quod
441 358 629 411 intelligi
658 372 745 396 non
772 366 933 410 potest;
967 366 1010 396 et
1038 356 1155 408 ipsos
1183 366 1321 397 tamen
1343 368 1454 398 lecte
1483 361 1744 400 intellexisse

289 425 407 467 patet
433 429 485 454 ex
515 414 713 453 versione
742 431 812 467 per
831 431 870 453 se
888 412 1014 454 solum
1040 425 1202 453 exutum
1227 414 1568 470 videa1i35quam
1596 426 1644 455 ut
1670 417 1742 455 ha-

289 473 412 520 beas,
444 470 512 510 edi
544 469 691 510 debuit
722 468 1014 519 αποδύσαντος.
1047 470 1191 512 GnoN.
1248 468 1337 512 ''En
1371 474 1564 542 ἐμαυτοῦ)
1594 473 1663 513 Sic
1684 474 1739 512 L.

287 530 340 569 In
370 528 466 567 aliis
489 541 617 580 prave
637 524 705 579 ἐφ’
737 523 873 570 αὐτοῦ.
904 528 1074 569 SOLAN.
1136 526 1250 581 Quia
1279 528 1449 569 Solanus
1478 526 1542 571 ἐπ’
1568 531 1745 582 ἐμαυτοῦ

287 588 403 634 vult,
435 593 476 623 et
502 583 704 623 Codicem
732 584 916 637 optimae
939 594 1063 624 notae
1084 583 1382 639 suffragantem
1400 585 1548 637 habet,
1581 587 1643 626 sic
1671 585 1741 626 edi

286 642 420 695 magis
440 654 600 713 pwassus
616 654 727 692 sum,
760 655 882 696 quam
910 641 1041 709 jussi;
1075 641 1224 680 melius
1253 643 1366 680 enim
1389 652 1472 691 est,
1505 655 1628 695 quam
1649 645 1741 683 vul-

286 709 427 753 gatum
454 693 523 749 ἐφ’
550 693 702 739 αὑτοῦ·
726 712 822 737 nam
844 698 925 738 etsi
951 694 1077 740 αὑτοῦ
1097 711 1174 750 pro
1203 698 1370 749 ἑαυτοῦ,
1401 707 1442 738 et
1462 698 1545 737 hoc
1569 713 1648 753 pro
1666 701 1743 751 ἒμ-

285 772 410 796 αυτου
444 752 657 791 interdum
692 757 853 805 valeat,
897 753 969 793 hic
999 763 1137 794 tamen
1178 754 1307 793 nimis
1338 731 1579 824 a'mbiguum
1612 756 1739 795 foret.

286 811 449 850 Confer
479 824 603 862 supra
635 809 685 850 de
716 810 907 851 Merced.
931 810 1055 850 cond.
1084 825 1119 850 e.
1142 815 1207 854 19
1237 813 1294 853 Εἰ
1319 836 1376 843 --
1404 829 1477 865 την
1510 810 1651 866 ψυχήν
1677 826 1740 854 σοι

283 886 357 921 την
375 869 548 921 ἐμαυτοῦ
567 868 798 917 ἐπιτρέπων.
861 867 948 906 Ubi
970 867 1096 907 etiam
1120 867 1322 921 quaedam
1334 867 1446 909 Edd
1469 868 1669 909 habent‘
1650 886 1741 911 εαυ·

282 929 369 967 τοῦ.
430 923 611 976 Alioqui
638 921 703 965 ἐπ’
735 926 834 977 ἐμοῦ
858 927 1046 975 mallem,
1079 925 1180 977 quia
1214 923 1391 975 dubito,
1421 925 1605 965 liceatne
1627 925 1741 965 reci-

282 995 457 1035 procum
487 979 662 1032 ἐμαυτοῦ
687 981 784 1030 alii,
832 994 954 1034 quam
984 981 1146 1033 primae
1174 995 1379 1033 personae
1409 982 1548 1033 verbi,
1583 982 1741 1035 adjun-

283 1052 391 1091 gere.
450 1035 511 1075 Ut
534 1037 646 1076 enim
667 1037 839 1090 ΡτοΡιὶθ
870 1036 1026 1076 dicitur
1046 1039 1214 1080 πέπεικα
1234 1036 1425 1090 ἐμαυτὸν,
1458 1037 1677 1079 Herodian.
1700 1039 1737 1088 I,

282 1100 348 1138 55
371 1090 553 1135 Συνοιδα
584 1095 762 1150 ἐμαυτω·
804 1103 846 1132 et
876 1091 987 1147 παρὰ
1006 1091 1137 1135 πάντα
1164 1092 1234 1135 τὸν
1259 1096 1433 1146 ἐμαυτου
1451 1097 1542 1148 βίον
1568 1093 1677 1138 εἶδόν
1701 1111 1740 1136 τε

281 1152 348 1193 καὶ
377 1164 556 1203 ηκουσα,
588 1149 701 1190 idem
730 1149 951 1190 Herodian.
975 1149 1017 1201 I,
1052 1155 1099 1200 2,
1132 1155 1198 1193 10
1227 1149 1287 1189 ita
1320 1149 1543 1190 absurdum
1572 1151 1740 1190 videtur

282 1207 421 1246 dicere
443 1208 551 1259 ἴδητε
575 1204 636 1248 ἐπ’
670 1207 863 1260 ἐμαυτοῦ,
895 1206 995 1260 quia
1024 1208 1087 1245 sic
1119 1220 1296 1260 persona
1327 1206 1443 1245 verbi
1480 1206 1739 1247 contradicit

279 1277 485 1316 personae
514 1263 797 1315 pronominis.
856 1264 951 1317 Ego
988 1267 1131 1302 saltem
1164 1263 1226 1301 sic
1256 1262 1342 1301 dici
1374 1263 1564 1302 nondum
1601 1263 1739 1303 obser-

278 1320 391 1359 vavi.
452 1318 544 1358 Nec
574 1328 713 1359 tamen
746 1333 851 1373 opus
883 1335 977 1358 cum
1012 1319 1180 1359 Gr.onov
1201 1316 1481 1369 αποδύσαντος
1503 1323 1664 1374 legere,
1697 1320 1735 1359 si

278 1387 438 1415 emnium
461 1376 566 1415 velis
590 1375 838 1430 significari,
859 1375 929 1416 sed
953 1374 1227 1425 αποδυσαντες
1244 1379 1350 1428 ἴδητε
1370 1376 1736 1431 conjungendum

279 1442 319 1471 et
340 1432 461 1485 parvi
479 1432 676 1482 interest,
709 1431 792 1471 hoc
812 1443 901 1471 tum
925 1443 1086 1483 vertas,
1116 1447 1192 1472 vos
1213 1451 1272 1472 me
1291 1444 1471 1472 coeuentes
1486 1433 1645 1483 videtis,
1682 1447 1735 1471 an

276 1500 462 1537 exutum,
496 1487 609 1541 quod
631 1491 696 1527 vel
716 1490 967 1540 apertiorem
990 1502 1157 1527 sensum
1182 1489 1320 1528 habet.
1349 1490 1513 1529 Rm'rz.
1572 1489 1734 1528 Adsen-

276 1546 384 1593 tior,
419 1543 535 1596 quod
564 1542 616 1582 ad
644 1541 917 1593 ἀποδύσαντες
939 1545 1116 1596 attinet,
1148 1545 1231 1596 ita,
1263 1555 1311 1584 ut
1333 1546 1456 1584 etiam
1479 1545 1627 1592 mirer,
1660 1544 1733 1599 qui

281 1601 478 1640 Gronovio
517 1596 796 1648 ἆποδὺσαντος
827 1601 872 1638 in
899 1610 1080 1639 mentem
1120 1602 1264 1640 venire
1293 1601 1496 1654 potuerit.
1570 1600 1650 1640 Sed
1682 1600 1734 1640 de

275 1658 462 1695 lectione
482 1656 559 1706 L.,
594 1670 717 1709 quam
752 1657 923 1697 Solemus
949 1656 1082 1711 recipi
1105 1658 1230 1710 jussit
1259 1667 1301 1697 et
1321 1657 1498 1696 Reitzius
1520 1657 1633 1696 haud
1663 1672 1734 1697 re-

275 1727 469 1766 pugnans
488 1711 674 1762 admisit,
708 1713 1051 1766 recentioresque
1074 1714 1347 1766 repetierunt,
1380 1712 1446 1755 {7⁵²
1468 1716 1654 1767 ἐμαυτοῦ,
1685 1714 1732 1752 in

275 1769 355 1806 alia
388 1769 530 1807 omnia
562 1767 775 1809 discedere
809 1772 962 1822 placet.
1022 1770 1100 1810 Vel
1128 1771 1218 1821 ipsa
1251 1784 1340 1808 vox
1373 1769 1456 1822 ἐφ’,
1491 1780 1733 1809 constanter

275 1825 320 1862 in
346 1824 455 1862 Edd.
480 1833 583 1864 vett.
604 1824 817 1877 adspirate
847 1825 984 1877 edita,
1017 1825 1144 1865 etiam
1167 1825 1240 1863 ubi
1277 1826 1320 1863 in
1344 1824 1470 1867 αὐτοῦ
1485 1826 1589 1865 lenis
1608 1826 1732 1879 spiri.³

268 1891 336 1919 tus
358 1880 558 1921 mendose
591 1882 806 1935 sequitur,
841 1882 968 1931 satis,
1002 1882 1179 1934 opinor,
1211 1881 1387 1921 firmiter
1410 1892 1552 1921 tuetur
1572 1883 1731 1921 lectio-

268 1952 361 1975 nem
383 1933 452 1989 ἐφ’
476 1935 611 1979 αὑτοῦ.
672 1939 729 1976 Et
757 1937 995 1987 Gronovius,
1028 1938 1125 1976 dum
1150 1938 1321 1990 scripsit
1350 1934 1413 1979 ἐπ’
1434 1934 1582 1988 αὗτοῦ,
1615 1939 1728 1978 nihil

269 1992 410 2041 aliud,
443 2009 565 2047 quam
593 1991 664 2047 ἐφ’
693 1992 821 2035 αὐτοῦ
845 1994 1077 2033 correxisse
1100 1993 1150 2033 de
1172 2008 1249 2032 suo
1272 1993 1484 2046 putandus
1503 2003 1575 2032 est.
1634 1995 1727 2036 Jam

267 2064 368 2088 vero
399 2050 646 2101 ampliorem
676 2049 970 2101 Pronomiriis‚
1003 2049 1117 2104 quod
1146 2049 1328 2096 dicitur,
1359 2050 1566 2103 reciproci
1591 2065 1725 2102 usum,

248 2106 322 2151 ‘sle
345 2106 543 2144 omnibus
564 2107 758 2159 personis
789 2106 960 2145 obvium
977 2137 988 2155 ,
1021 2105 1145 2157 etiam
1167 2105 1216 2146 de
1244 2106 1377 2160 prima
1401 2107 1627 2159 singularis
1649 2112 1726 2145 nu'-

271 2163 375 2201 meri
398 2162 608 2201 firmatum
630 2162 788 2203 videris
809 2176 976 2201 necesse
993 2171 1054 2201 est
1068 2162 1230 2215 Catapl.
1255 2167 1340 2205 c.9.
1362 2164 1572 2204 DeMerc.
1587 2162 1722 2205 Cond.

271 2232 305 2254 c.
333 2223 401 2262 19.
433 2227 474 2258 et
495 2223 561 2262 30.
619 2220 676 2257 Et
701 2228 750 2257 ut
774 2219 818 2255 in
853 2218 940 2255 illis
971 2218 1103 2269 locis,
1137 2219 1196 2257 ita
1229 2218 1272 2256 in
1293 2218 1377 2258 hoc
1409 2233 1602 2272 quoque,
1636 2234 1722 2258 non

270 2273 500 2315 defuerunt
520 2289 666 2314 manus
689 2273 979 2328 imprudenter
1002 2275 1283 2316 correctrices.
1341 2276 1505 2329 Quibus
1523 2276 1558 2314 si
1583 2278 1722 2328 repul-

268 2344 354 2369 sam
386 2330 646 2381 dederimus,
677 2347 789 2382 non,
824 2329 970 2382 credo,
1002 2330 1245 2372 videbimur
1268 2334 1395 2371 ullam
1423 2333 1577 2372 fecisse
1603 2332 1724 2384 inju-

267 2388 384 2427 riam.
415 2389 574 2428 LmrM.

376 2500 477 2541 Εαᾶ-
505 2504 535 2542 l
567 2505 633 2545 11.
668 2498 987 2555 Ἀποδύσαντες)
1028 2500 1144 2540 Cave
1179 2500 1436 2554 obtemperes
1465 2499 1557 2539 viro
1589 2497 1719 2539 docto

267 2558 458 2596 monenti
499 2555 790 2608 α’ποδύσαντος
871 2558 991 2611 Quin
1027 2553 1302 2623 ἀποδύσαντες
1334 2554 1628 2605 retinendum,
1671 2564 1721 2594 ut

266 2609 515 2667 απαγαγόντε
500 2633 550 2664 ς.
589 2617 792 2665 Exuunt,
824 2616 865 2655 h.
889 2631 924 2655 e.
947 2614 1047 2654 exui
1069 2614 1242 2667 jubent,
1276 2623 1323 2651 ut
1346 2611 1554 2675 inspicere
1580 2621 1717 2650 toturn

269 2670 449 2721 possint,
482 2671 680 2711 athletam
713 2669 974 2727 ἀγωνοθέται.
1030 2668 1320 2716 Ἀποδύσαντος
1350 2667 1487 2707 activa
1517 2682 1620 2708 voce
1641 2667 1718 2707 vix

267 2726 353 2765 dici
376 2725 425 2765 de
448 2742 518 2775 eo,
551 2728 624 2782 qui
648 2739 780 2769 vestes
806 2730 893 2782 ipae
915 2728 1058 2782 ponit,
1090 2735 1246 2780 potest.
1288 2724 1421 2763 strs*
