1834 3188
326 177 377 206 m
414 176 653 213 Qtromono
692 177 925 207 misronm
963 177 1038 207 sn*
1075 177 1272 212 consen.
1426 166 1528 216 579

74 283 238 314 tantum
261 273 367 312 aeris
393 281 531 312 tamen
558 273 739 312 ablatum
762 282 849 322 est,
881 283 927 313 ut
945 274 1144 314 DCCCC
1175 276 1337 317 Cameli
1357 292 1408 318 eo
1431 279 1528 319 fue-

74 332 162 370 rint
184 329 351 379 onusti,
381 329 495 368 unde
526 332 687 368 calculo
719 329 831 368 inito
860 333 970 370 ultra
991 336 1175 380 700,000
1197 333 1397 373 librarum
1421 349 1529 387 pon-

75 385 129 425 do
148 386 277 424 fuisse
296 385 455 439 liquet,
489 385 659 425 Camelo
680 386 836 439 cuique
859 401 1007 440 nempe
1026 388 1185 427 DCCC
1205 389 1323 428 libris
1343 392 1527 445 assigna·

74 443 142 484 tis.
201 441 299 479 vid.
325 451 414 480 not.
440 452 622 480 nostram
645 441 695 480 ad
717 442 809 483 Ver.
835 443 948 481 Hist.
972 445 1006 483 I.
1033 458 1065 482 c.
1090 450 1150 489 18.
1198 447 1269 485 De
1287 455 1419 485 terrae
1441 461 1529 486 mo-

76 509 146 548 tu,
192 511 277 551 quo
305 507 538 550 prostratus
570 508 651 547 est,
683 497 893 537 videndus
920 499 1103 554 Polybius
1128 502 1176 543 V.
1198 515 1294 555 pag.
1316 507 1410 547 428.
1433 508 1528 546 429,

74 556 239 594 SOLAN.
300 555 425 595 Conf.
448 554 557 592 infra
580 555 754 593 Icarom.
776 569 808 594 e.
836 560 900 598 12.
931 554 999 598 τὸν
1014 554 1176 599 Ῥοδίων
1193 557 1400 600 Κολοσσὸν
1415 561 1529 602 ε’θεα-

75 611 218 663 σάμην.
279 611 335 648 Et
355 611 416 648 sic
447 624 569 662 saepe
587 609 690 648 alibi
719 613 840 650 solet.
901 611 1022 666 Quae
1055 622 1192 653 tamen
1223 629 1310 653 non
1340 615 1529 667 adduco,

77 668 174 720 quia
204 677 245 705 et
269 669 398 704 altera
418 666 547 706 lectio
567 666 700 706 bona:
731 665 842 706 hano
861 677 997 707 tamen
1013 699 1025 720 ‚
1058 680 1107 708 ut
1127 671 1288 711 Nostro
1313 672 1527 725 usitatam,

72 725 280 777 praefero.
314 723 474 764 Rm‘rz.

190 780 288 831 Pug.
311 782 447 822 195.1.
469 784 508 822 2.
539 774 950 832 Ἀπροοιμίαστα]
982 782 1221 822 Verendum
1239 783 1404 824 scilicet
1426 794 1528 832 erat,

74 851 127 875 ne
148 835 342 888 stupidus
363 838 497 873 lector
518 849 602 872 non
628 835 816 885 videret,
852 850 958 890 quae
981 838 1040 877 ibi
1065 840 1361 894 intelligantur
1383 838 1531 892 ἀκέφα-

73 899 123 935 λα
148 889 333 944 σώματα,
366 905 494 944 quare
523 890 628 928 illud
652 892 816 946 egregie
841 893 1007 946 quidem
1036 895 1211 945 cadens,
1245 906 1286 935 et
1317 911 1534 948 pervenu-

75 959 183 987 stum
207 946 499 1000 ἀπροοιμίαστα
521 946 758 985 addendum
780 949 889 999 fuit,
923 961 970 988 ut
993 950 1052 989 ita
1077 965 1248 1004 quoque
1272 968 1437 1006 corpora
1453 956 1535 992 sine

69 1006 267 1059 prooemio
291 1003 539 1042 habeantur.
598 1004 810 1042 Nimirum
837 1015 967 1058 puto,
1003 1003 1292 1060 α’προοιμίαστα
1325 1024 1345 1046 a
1367 1009 1535 1047 Lucia..

74 1076 131 1099 no
152 1075 237 1098 non
261 1074 349 1099 esse
368 1060 623 1112 profectum.
656 1061 775 1098 RUD.
799 1062 842 1098 in
864 1062 999 1100 Praef.
1061 1065 1154 1118 Ego
1177 1073 1275 1103 vero
1296 1075 1416 1116 puto,
1448 1065 1534 1104 Ru-

73 1116 261 1170 dolphum
295 1116 423 1154 nimis
469 1130 554 1154 esse
587 1116 819 1169 proclivem
860 1117 908 1155 ad
942 1119 1165 1159 chcianum
1205 1120 1533 1172 amputandum,

76 1173 348 1226 quantumvis
367 1172 407 1212 ei
432 1171 695 1210 adsentiatur
728 1173 888 1212 Censor
907 1175 1112 1214 Jenensis.
1174 1176 1338 1215 Excide
1361 1177 1534 1216 verbum

75 1228 392 1283 ἀπροοιμίαστα,
433 1237 475 1266 et
503 1227 600 1268 vide
628 1231 734 1281 jam,
790 1243 911 1282 quam
942 1231 1047 1270 bene
1080 1232 1247 1271 scilicet
1288 1233 1536 1285 sequentia,

75 1288 145 1327 καὶ
167 1281 293 1333 εὗθὺς
320 1286 384 1326 ἐπὶ
408 1290 485 1325 τῶν
519 1284 760 1338 πραγμάτων
793 1300 884 1323 cum
919 1287 1268 1326 antecedentibus
1297 1299 1534 1328 nectantur.

74 1344 167 1381 lmo
192 1352 232 1380 et
252 1341 355 1380 haec
379 1342 467 1392 ipsa
491 1355 606 1378 nunc
629 1342 882 1380 excidantur
902 1357 1071 1382 necesse
1094 1345 1186 1386 erit.
1247 1345 1402 1386 Procul
1432 1344 1538 1384 haec

76 1399 221 1437 abesto
245 1412 266 1436 a
292 1398 455 1438 Critico
475 1397 650 1450 negotio
671 1398 865 1439 licentia!
900 1400 1056 1440 LnnM.

188 1454 292 1494 Eacl.
316 1457 342 1495 l.
367 1460 406 1498 3.
443 1454 711 1504 Ξενοφῶντα)
742 1455 799 1493 At
826 1454 1011 1493 dubitari
1040 1471 1060 1494 a
1097 1454 1349 1509 quibusdam
1384 1456 1542 1508 audio,-

75 1526 128 1551 an
148 1521 260 1549 recte
280 1510 535 1563 λέηορῆοητί
553 1510 795 1549 tribuantur
819 1510 883 1548 ini
909 1513 1220 1551 commentarii:
1255 1527 1433 1565 quorum
1457 1527 1541 1566 ego<

74 1567 281 1607 rationem
304 1566 445 1615 miror,
479 1581 570 1603 curn
594 1577 635 1605 et
657 1577 816 1606 veteres
837 1570 1114 1620 agnoverint,
1150 1582 1288 1621 neque
1311 1569 1541 1621 quicquam

75 1625 156 1672 sit,
191 1621 306 1673 quod
331 1632 550 1676 repugnet.
612 1622 732 1662 Adde
755 1623 846 1663 Ael.
870 1624 966 1663 Ver.
987 1625 1041 1664 H.
1065 1623 1174 1669 VH,
1199 1630 1262 1667 14.
1293 1626 1460 1663 SOLAN.

189 1678 291 1719 Ead.
311 1682 340 1719 1.
365 1683 402 1722 4.
425 1681 621 1734 .Δαρείου
654 1681 722 1721 καὶ
757 1683 947 1733 Παρυσ.)
990 1680 1086 1722 Vid.
1118 1681 1302 1735 Xenoplz.
1334 1678 1466 1734 Ἀναβ.
1502 1681 1537 1721 I.

75 1739 244 1777 SoLAN.
1540 1743 1543 1760 ⁷

190 1790 292 1831 Eacl.
317 1793 344 1829 l.
366 1796 404 1835 6.
436 1786 511 1831 'Ev
544 1789 716 1840 ἄλλοις
746 1794 1016 1845 δείξομεν]
1051 1793 1120 1834 Cf.
1147 1807 1178 1835 c.
1204 1796 1272 1837 52.
1296 1792 1536 1832 Exordium

80 1849 196 1890 adest
219 1845 413 1900 δυνάμει,
445 1847 517 1886 ubi
538 1862 600 1887 res
633 1849 774 1887 statim
799 1848 848 1886 ab
868 1849 996 1886 initio
1022 1859 1232 1900 narratae,
1280 1859 1352 1887 aut
1385 1850 1427 1886 in
1467 1850 1541 1886 in-

79 1905 313 1958 scriptione
335 1903 522 1942 modeste
546 1905 818 1956 promissae‚⁴
840 1919 914 1957 per
944 1919 985 1944 se
1012 1907 1094 1959 jam
1126 1909 1325 1944 lectorem
1359 1902 1545 1945 docilem·

79 1972 121 2003 et
143 1971 351 2000 attentum
370 1959 564 2001 reddunt.
598 1962 717 1999 Run.
750 1984 754 1993 ι
1198 1986 1202 1990 -

193 2016 295 2056 Eacl.
314 2019 344 2056 1.
366 2021 406 2059 7.
435 2013 480 2056 ‘E
495 2033 552 2069 ρμ
565 2034 590 2069 η
605 2035 626 2058 ν
641 2034 657 2059 ε
671 2019 685 2058 ί
699 2035 722 2058 α
737 2017 784 2070 ς]
808 2017 953 2062 Nemo
974 2014 1253 2070 reprehendat
1270 2017 1510 2056 Lucianum
1526 2045 1537 2063 .

82 2073 198 2128 quod
221 2072 473 2125 parum'sibi
504 2083 697 2112 constare
723 2073 941 2120 videatur,
982 2083 1024 2112 et
1058 2073 1108 2113 de
1141 2072 1358 2113 'scribendi
1390 2088 1540 2127 genere

82 2131 213 2177 dicat,
246 2128 437 2181 quamvis
462 2142 586 2179 supra
609 2129 659 2167 de
678 2130 777 2168 stilo
798 2139 987 2183 negasset
1007 2144 1048 2169 se
1069 2144 1156 2168 esse
1178 2128 1400 2168 dicturum.
1432 2130 1540 2168 Nam

82 2199 207 2239 supra
233 2183 283 2223 de
306 2183 516 2223 scribendi
540 2199 688 2238 genere
713 2187 889 2224 omnino
918 2200 1052 2225 sermo
1077 2195 1184 2236 erat,
1216 2185 1298 2224 hoc
1322 2200 1418 2224 vero
1444 2200 1542 2237 per·-

79 2244 191 2282 tinet
214 2240 264 2279 ad
289 2240 434 2278 stilum
459 2239 719 2282 historicum,
753 2243 874 2280 Rxm.

197 2296 298 2337 Eud.
324 2299 352 2334 1.
381 2299 418 2338 9.
453 2293 752 2349 Παρασᾶγγας)
790 2298 887 2336 Vox
921 2298 1087 2336 Persica
1118 2307 1160 2337 et
1191 2297 1382 2336 Arabica.
1416 2296 1542 2336 XXX

84 2365 222 2395 autem
248 2350 382 2390 stadia
403 2354 530 2391 valet.
591 2352 687 2394 vid.
712 2352 863 2392 ,HerocL
888 2353 945 2392 11.
972 2368 1010 2406 p.
1031 2359 1106 2403 57,
1133 2360 1172 2396 2.
1205 2355 1371 2392 Soram.

197 2408 345 2450 Ea‹1.1.
373 2413 437 2450 10.
477 2409 592 2448 Τίνι
619 2412 717 2449 τῶν
747 2414 915 2450 καλῶν
945 2409 1170 2461 ἑόικενς]
1211 2410 1279 2448 De
1302 2409 1379 2447 hac
1398 2407 1541 2461 phrasi

87 2467 175 2510 vid.
198 2466 358 2505 Adnot.
382 2463 431 2501 ad
450 2463 573 2516 Nigr.
600 2477 631 2501 c.
655 2469 720 2508 25,
746 2467 866 2503 Tom.
890 2465 926 2505 I.
948 2480 986 2518 p.
1010 2471 1106 2509 287.
1138 2479 1197 2517 sq.
1229 2465 1385 2503 LnnM.

202 2521 304 2562 Εαιῖ.
328 2522 357 2560 l.
381 2524 443 2562 11.
478 2517 654 2571 Σύρῳ]
687 2521 736 2558 In
761 2534 937 2573 quorum
961 2522 1135 2573 regione
1153 2520 1276 2560 etiam
1299 2521 1450 2561 benum
1471 2536 1542 2576 ge·

88 2589 196 2619 stum
221 2579 329 2625 fuit,
365 2585 412 2613 ut
434 2571 625 2615 αὐτόπται
647 2590 735 2614 esse
758 2585 938 2628 possent.
971 2579 1022 2617 cf.
1045 2591 1078 2614 c.
1107 2582 1175 2620 30.
1208 2577 1327 2616 Ihm,

200 2634 301 2675 Eacl.
326 2636 354 2672 1.
379 2637 442 2675 12.
474 2628 562 2671 Ἐπὶ
582 2634 801 2685 κουρείων)
848 2631 1022 2685 Ορῑὶῐηει
1042 2631 1156 2670 hunc
1175 2635 1315 2671 locum
1337 2632 1394 2672 ita
1417 2633 1542 2673 resti—

91 2691 177 2731 tuit
200 2702 242 2731 et
258 2689 385 2733 vertit
403 2687 636 2729 Benedictus
651 2697 808 2741 noster,
829 2702 921 2727 cum
940 2697 1060 2727 antea
1078 2688 1122 2726 in
1146 2688 1358 2740 omnibus,
1390 2703 1541 2742 excep-

1119 2742 1267 2789 002
