1834 3188
228 196 331 244 566
583 195 1344 242 An·No'1-A‘r1oNE's

231 308 365 348 clm-er
341 319 380 348 ιι
398 310 615 377 quispiam,
651 319 693 348 ιιι
711 305 831 362 μικρὰ
858 304 1043 365 κᾷκεῖνα,
1075 306 1150 348 hoc
1171 319 1246 357 est,
1275 323 1401 362 parva
1418 318 1454 347 et
1471 307 1567 359 illa,
1597 321 1633 350 et
1648 327 1702 359 ως

230 367 300 407 καὶ
320 363 441 415 αὐτὸς
460 363 510 406 ἄν
529 369 679 419 φαίης,
709 365 753 404 id
772 375 850 414 est,
882 376 924 404 ut
945 366 1059 403 etiam
1081 366 1163 418 ipse
1183 363 1347 404 cliaeeris.
1396 368 1457 406 Ut
1475 364 1630 405 debes
1618 367 1699 421 lgi-

231 432 325 471 tur,
366 423 579 477 intellige,
619 425 720 473 isla,
754 437 880 494 quae
899 431 987 461 sunt
1015 423 1094 490 ejus
1125 423 1271 476 ipsius,
1313 421 1462 462 dixerit
1489 423 1696 496 quispiam,

229 494 354 534 parva
373 496 524 546 quoque
542 479 639 529 illa,
673 489 715 518 ut
738 477 790 527 ὦς
818 479 886 520 καὶ
916 474 1038 527 αὐτὸς
1069 475 1119 519 ἂν
1146 480 1294 531 φαίης,
1328 475 1378 521 ου’
1409 473 1467 521 δι’
1494 475 1621 531 αυτὴν
1649 479 1698 533 νὴ

231 537 334 585 Δία,
375 531 539 592 κᾷκεῖνα
573 511 709 590 ὀλίγον
745 539 830 578 δεῖν
862 536 1097 590 παρέλιπον.
1158 534 1280 590 Quae
1313 536 1394 575 tria
1426 544 1528 575 sunt
1563 537 1700 576 frusta

232 578 492 631 imitationis
518 600 752 646 perversae.
795 592 941 635 Gnon.

345 681 448 726 Eacl
470 685 500 725 1.
519 688 561 726 7.
597 680 679 732 Ὧς
706 683 772 726 καὶ
792 678 960 733 αὐτὸς
942 680 994 725 οἶν
1024 682 1173 736 φαίης)
1209 683 1292 725 Καὶ
1311 680 1386 739 γάρ
1415 699 1467 725 αν
1487 683 1557 726 καὶ
1581 688 1701 728 τοῦτο

234 740 421 788 ἐπιεικῶς
438 740 542 781 πολὺ
565 745 643 783 νῦν
660 740 775 809 fou,
807 739 850 782 τὸ
879 741 1037 782 οἴεσθαι
1065 744 1184 782 τοῦτο
1208 738 1312 782 εἶναι
1335 745 1418 789 τοῖς
1446 744 1702 785 Θουκυδίδου

234 792 394 838 ἐοικότα
412 797 584 865 λέγεινὴ
593 799 630 840 εἰ
651 793 786 866 ὀλίγον
807 799 1021 865 ἐντρέψας,
1053 794 1102 839 τὰ
1123 793 1225 839 αὐτοὶ
1247 799 1402 840 ἐκείνου
1422 798 1528 851 λέγοι
1550 815 1609 848 τις
1633 816 1706 852 μι-

234 870 311 903 κρα
331 849 518 922 κᾷκεῖνα,
552 871 615 903 ως
632 856 700 897 καὶ
721 851 842 903 αὐτὸς
863 850 912 896 ἂν
935 850 1167 907 φαίης.οὖ
1196 852 1250 896 δι’
1273 852 1400 906 αυτὴν
1418 853 1470 907 νὴ
1497 857 1599 904 Δία,
1632 854 1703 912 κᾷ-

234 915 348 951 usim
369 907 505 965 ὀλίγον
526 914 608 953 δεῖν
630 912 864 965 παρέλιπον.
916 910 1235 950 salmuriensis:
1267 911 1374 950 Nam
1391 928 1524 951 rursus
1547 898 1703 953 abunde

230 965 335 1005 illud
351 970 539 1021 suppetit,
567 979 706 1022 putare
727 969 802 1007 hoc
819 985 896 1007 esse
918 967 1141 1019 Thucydidi
1158 967 1305 1006 similia
1327 967 1473 1017 dicere,
1505 970 1541 1007 si
1556 985 1702 1023 parum

232 1025 432 1070 reveritus,
465 1040 531 1073 ea,
564 1041 664 1079 quae
686 1036 776 1064 sunt
800 1027 941 1078 ipsius,
976 1023 1118 1062 [liceret
1147 1026 1364 1078 quispiam,
1392 1040 1521 1077 parva
1549 1036 1585 1064 et
1610 1026 1698 1077 illa,

230 1090 272 1123 ui
297 1082 377 1131 ipse
396 1079 548 1120 dixeris
567 1084 695 1121 etiam.
754 1081 848 1120 Non
869 1081 917 1119 ob
934 1096 1020 1119 eam
1040 1095 1220 1119 caussam
1238 1096 1310 1133 per
1328 1081 1475 1131 Jovem,
1508 1092 1544 1120 et
1559 1098 1704 1134 parum

231 1134 382 1190 abfuit,
415 1139 509 1190 quin
527 1137 602 1177 illa
619 1140 954 1192 praetermiserim.
997 1136 1169 1189 Ecquid
1193 1147 1359 1187 poterat
1379 1139 1664 1178 monstrosius
1680 1139 1700 1177 ἱ)

232 1192 366 1230 Estne
398 1192 472 1246 qui
503 1193 742 1247 intelligat,
776 1193 879 1248 quid
911 1193 1121 1245 interpres
1153 1193 1237 1231 sibi
1268 1193 1387 1233 velit.
1447 1192 1498 1231 In
1531 1193 1704 1235 Graecis

233 1247 373 1287 verbis
398 1248 509 1289 nihil
534 1260 596 1289 est
608 1250 755 1304 ,quod
778 1253 925 1303 paullo
946 1248 1239 1288 humaniorem
1263 1259 1464 1290 moretur.
1524 1250 1703 1291 Illorum

233 1318 334 1343 vero
358 1304 459 1344 haec
481 1315 544 1345 est
561 1308 795 1346 sententia:
827 1307 878 1345 Et
895 1307 970 1346 hoc
988 1321 1154 1360 namque
1174 1304 1491 1360 valdefrequens
1510 1323 1613 1348 nunc
1633 1320 1701 1358 est,

233 1360 341 1414 quod
360 1372 497 1414 putent
519 1363 790 1418 Thucydidem
809 1366 976 1417 egregrie
995 1378 1034 1401 se
1049 1363 1212 1417 referre,
1246 1379 1281 1401 Si
1274 1361 1519 1430 paullulum
1544 1368 1705 1405 mutatis

237 1417 502 1473 leucydicleis
524 1422 611 1474 quis
643 1419 775 1469 dicat,
807 1431 842 1459 et
869 1419 944 1460 illa
974 1419 1130 1473 quidem
1148 1434 1297 1485 parva,
1330 1416 1383 1467 ὦς
1412 1436 1480 1461 και
1505 1415 1625 1470 αὐτὸς
1653 1420 1705 1463 ἀν

233 1476 386 1525 φαίης,
418 1473 500 1513 hoc
531 1485 617 1525 est,
658 1487 701 1514 ιιι
726 1477 1009 1532 ipsefatearis.
1068 1475 1120 1515 Et
1147 1478 1248 1524 isia,
1277 1491 1348 1528 per
1373 1475 1529 1526 Jovem,
1558 1493 1702 1545 parum

232 1530 362 1579 abest,
396 1534 490 1584 quin
510 1534 716 1572 omiserim.
776 1534 856 1572 Est
884 1533 968 1571 hoc
991 1546 1124 1586 genus
1155 1531 1385 1584 loquendi,
1418 1549 1474 1580 ως
1496 1535 1564 1574 καὶ
1584 1529 1706 1584 αυτὸς

234 1583 290 1627 ἂν
320 1590 464 1639 φαίης,
510 1588 738 1644 Thucydidi
766 1590 989 1642 frequens,
1033 1586 1150 1641 quod
1189 1588 1253 1625 illi
1287 1588 1410 1626 stulti
1442 1588 1702 1641 imitatores,

234 1656 397 1682 servum
420 1658 571 1696 pecus,
588 1646 773 1697 saepius
791 1645 1086 1694 inculcabant,
1120 1643 1307 1698 aliaque,
1341 1645 1487 1696 paucis
1507 1645 1703 1686 immuta-

233 1699 312 1750 tis,
321 1699 461 1753 quod
488 1711 530 1739 et
561 1715 736 1740 avorum
769 1711 1009 1741 nostrorum
1041 1702 1243 1740 memoria
1277 1700 1322 1738 in
1345 1701 1454 1750 illis,
1487 1703 1561 1756 qui
1582 1702 1705 1742 Cice-

232 1756 401 1794 roniani
426 1757 631 1796 volebant
654 1756 805 1808 videri,
838 1772 924 1796 non
948 1771 1041 1796 raro
1066 1757 1151 1795 fuit
1175 1756 1436 1810 exagitatum
1459 1757 1603 1805 abiis,
1618 1760 1705 1813 'qui

233 1827 372 1860 veram
395 1812 616 1853 Ciceronis
644 1813 845 1855 imitandi
860 1814 1070 1853 rationem
1088 1813 1302 1852 tenebant
1335 1813 1510 1855 GnAnv.
1547 1815 1706 1866 Quinc-

232 1868 395 1907 tilianus
419 1868 532 1907 hunc
550 1872 689 1908 locum
717 1871 916 1923 explicet.
977 1871 1085 1909 Ῑιι5ῒ
1108 1869 1160 1907 X.
1185 1871 1215 1922 ᾧ.
1239 1875 1305 1912 21.
1333 1870 1541 1913 Accidit
1526 1874 1588 1919 zis,
1621 1875 1702 1926 qui,

232 1924 429 1982 quidquid
455 1926 563 1978 apucl
578 1914 670 1966 illos
700 1929 913 1977 (summos
935 1925 1078 1979 viros)
1102 1935 1372 1977 repererunt,
1389 1925 1563 1968 (licendi
1583 1927 1705 1980 legem.

229 1992 394 2034 putant,
427 1993 468 2020 ut
492 1982 684 2022 ‹lem-ima
712 1987 911 2034 imitentur
939 1982 1011 2034 (id
1034 1985 1134 2020 enim
1155 1992 1209 2020 est
1226 1971 1452 2037 facilius,)
1483 1999 1532 2023 ac
1556 2000 1596 2022 se
1621 1985 1703 2023 ab-

233 2037 335 2085 unde
359 2037 505 2079 similes
521 2050 677 2092 putent,
709 2044 745 2080 si
761 2042 859 2080 vitia
881 2053 1112 2092 magnorum
1132 2049 1431 2092 consequantur.
1467 2039 1591 2080 RUD.

321 2117 671 2170 Pag.186.1.4.
707 2117 831 2171 Πλὴν
858 2114 956 2160 αλλὰ
975 2134 1082 2171 μετρ.
1095 2116 1113 2172 )
1147 2118 1281 2156 Prava
1304 2117 1500 2158 versione
1523 2133 1705 2172 perver-

234 2172 288 2210 tit
304 2172 511 2224 interpres
534 2189 698 2215 omnem
723 2175 875 2216 horum
899 2174 1123 2213 verborum
1140 2175 1408 2243 elegantiam
1412 2177 1530 2227 juxta
1546 2185 1588 2214 et
1609 2190 1704 2215 sen·

234 2242 352 2278 sum,
384 2229 489 2282 πλὴν
516 2227 614 2272 αλλα
646 2229 905 2288 μετριώτερός
931 2247 974 2285 γε
997 2249 1018 2273 ο
1047 2229 1209 2283 ι’διωτης
1236 2232 1355 2280 οὗτος
1380 2225 1454 2283 ἦν,
1488 2229 1609 2281 αυτὸς
1632 2233 1704 2284 μὲν

234 2282 375 2329 αυτίκα
392 2285 556 2339 δῆλος
533 2305 614 2340 ων,
647 2287 733 2337 οἷος
751 2289 823 2342 ἠν,
851 2287 956 2342 ἄλλῳ
974 2288 1016 2329 δέ
1033 2305 1109 2328 τινι
1127 2288 1320 2341 χαριέντι,
1354 2289 1421 2328 καὶ
1443 2290 1702 2344 δυνησομένῳ

234 2344 411 2393 ἱστορίαν
435 2347 781 2399 μεταχειρίσασθαι
806 2342 1069 2412 πεπονηκώς,
1100 2343 1302 2391 reddens,
1333 2360 1462 2382 verum
1490 2345 1702 2384 modestior

233 2408 286 2435 est
305 2398 370 2437 hic
385 2403 585 2453 privatus,
618 2405 686 2456 qui
707 2401 837 2459 qualis
858 2402 1087 2451 sit,sia1im
1108 2402 1313 2468 apparuit,
1337 2411 1454 2454 alque
1473 2400 1587 2442 alteri
1610 2404 1702 2444 cui—

230 2456 362 2520 piam,
389 2459 457 2509 qui
479 2459 529 2495 sit
546 2469 706 2510 ⁰··,ratus
740 2469 775 2496 et
795 2432 998 2497 historiam
1016 2460 1141 2511 possit
1160 2457 1344 2510 aggredi,
1375 2459 1579 2496 materiam
1601 2457 1703 2496 sub-

233 2511 481 2552 ministravit.
531 2515 826 2568 Praeterquam
851 2513 965 2567 quod
990 2517 1140 2566 χαρίεις
1162 2513 1233 2552 hic
1257 2528 1344 2554 non
1366 2522 1428 2553 est
1443 2523 1594 2566 gratus,
1627 2512 1702 2553 sed

235 2564 395 2615 dociuS,
434 2569 603 2628 politus,
635 2581 683 2609 ut
720 2570 771 2608 ad
812 2571 926 2608 hunc
954 2572 1095 2609 locum
1129 2569 1428 2610 animadvertit
1460 2566 1701 2608 Graevius
1678 2587 1699 2611 ο

233 2623 503 2674 χαριέστατος,
534 2622 586 2678 ἦν
610 2628 652 2666 in
681 2626 761 2665 hac
787 2626 966 2680 periodo
992 2640 1077 2665 non
1103 2637 1178 2675 est,
1212 2640 1288 2665 nec
1318 2627 1388 2673 sit,
1422 2623 1492 2663 sed
1517 2637 1612 2664 essct
1635 2628 1702 2665 vel

221 2677 358 2732 foret,
394 2682 643 2722 vertendum
666 2684 772 2732 fuit,
809 2692 856 2722 ut
875 2697 1019 2734 saepe·
1052 2681 1153 2721 vide
1174 2683 1254 2731 sis,
1288 2695 1394 2734 quae
1413 2694 1537 2734 supra
1558 2681 1632 2721 lib.
1661 2688 1699 2724 1.

235 2747 268 2775 0
291 2738 329 2777 4.
360 2734 667 2788 (Lectionum
673 2740 1012 2789 Lucianearum,
1049 2738 1075 2777 i.
1100 2753 1135 2779 e,
1159 2738 1211 2779 ad
1233 2738 1400 2777 Timon
1420 2751 1452 2779 c.
1474 2741 1541 2789 9.)
1574 2747 1701 2780 nota-
