1834 3188
243 207 345 253 644
601 215 1359 247 ΑΒΝυΤΛΤιοΝΕε

242 329 286 358 et
316 316 615 374 equif'ormicas:
649 322 860 353 caeterum
889 322 938 352 ut
968 313 1238 367 propriorum
1270 313 1448 353 formam
1475 314 1705 366 retineant,

241 385 286 417 et
318 376 432 413 illam
462 370 781 426 peregrinitatis
809 369 1243 422 commendationem,
1286 371 1460 411 Graecis
1494 371 1707 412 ordinarie

240 432 417 472 utimur.
451 430 589 471 Gnsn.

354 486 502 527 Ead.1.
523 491 560 528 7.
597 481 725 533 Οἷον)
756 483 944 539 Quidam
964 483 1190 539 legendum
1212 492 1367 537 putant
1389 482 1500 527 ὅσον.
1527 485 1707 525 Bounn.

239 547 343 587 Non
371 543 567 597 designat
596 541 734 581 Solon.
767 541 940 596 quinam
961 540 1144 580 Codices
1167 540 1265 583 ὅσον
1297 540 1505 592 habeant,
1539 541 1711 594 alioqui

239 601 564 645 deliberassem,
597 612 708 637 anne
734 607 962 650 praestaret
994 597 1037 636 id
1058 597 1203 651 recipi.
1263 598 1330 636 Ita
1356 598 1468 637 enim
1487 602 1597 637 solet
1615 598 1709 637 No·
1743 649 1748 652 Β

238 669 324 700 ster
343 655 464 706 ὅσον,
497 670 583 694 non
606 652 696 696 οἷον
717 655 903 693 numeris
921 653 1074 693 addere
1089 684 1100 702 ,
1134 665 1182 694 ut
1203 654 1315 693 inFra
1341 669 1374 697 c.
1397 660 1464 700 30,
1493 652 1588 697 ’ὅσον
1613 669 1712 696 στα-

241 720 341 760 δίων
361 715 520 768 χιλίων,
551 725 599 750 ac
629 721 714 750 tarn
738 726 863 765 saepe
887 710 1014 762 alibi,
1048 721 1096 749 ut
1121 711 1196 750 vix
1226 725 1332 764 opus
1357 712 1413 751 sit
1434 714 1555 765 plura
1578 710 1713 750 adde-

240 789 307 813 re:
342 768 457 826 quod
485 782 563 807 neo
595 782 648 807 ex
668 768 764 807 aliis
789 768 978 821 proferri
1008 782 1114 822 opus
1136 777 1220 817 est,
1249 768 1334 807 nisi
1365 783 1417 808 ex
1453 771 1548 808 solo
1576 767 1710 821 Long.

241 832 354 870 Past.
374 827 427 867 L.
448 831 487 869 2.
515 840 555 879 p.
577 829 645 867 70.
671 823 737 866 ed.
761 823 1015 879 Jungerman.
1039 824 1138 867 ὅσον
1168 825 1264 866 δέκα
1290 827 1496 876 σταδίους,
1529 834 1571 864 et
1593 826 1644 864 L.
1668 832 1710 868 3.

242 902 305 941 pr.
326 885 514 931 σταδίους
542 879 639 923 ὅσον
667 879 822 924 ἑκατόν.
854 883 1018 921 ΒΕιΤΖ.
1077 882 1183 922 Mss.
1207 882 1341 936 Regg.
1370 886 1496 926 2954.
1521 891 1562 920 et
1584 886 1710 926 3011.

245 943 344 985 ὅσον
363 941 428 982 ἐπὶ
456 941 642 987 σταδίους
669 940 939 992 τριακοσίους.
971 939 1070 979 Bm.
1119 936 1256 979 ‘'Ooov
1282 938 1457 977 admisit
1479 937 1715 978 Schmiede-

245 1018 322 1041 rus,
383 996 465 1036 Sed
487 997 741 1048 τριακοσίους
774 995 926 1034 merito
960 995 1072 1034 idem
1095 995 1322 1036 recusavit.
1377 995 1451 1045 Cf.
1474 994 1637 1036 Adnot.
1661 992 1715 1033 ad.

245 1057 388 1097 Schol.
408 1052 536 1106 hujus
555 1052 659 1093 loci.
696 1054 851 1094 LEHM,

358 1111 458 1163 Pag.
480 1114 575 1153 239.
599 1111 625 1147 l·
648 1115 686 1153 3.
725 1106 967 1160 Ἐφαίνουτο
996 1105 1094 1161 ἡμῖν
1123 1109 1192 1150 καὶ
1222 1103 1337 1150 Simon
1364 1109 1514 1161 νῆσοι)
1556 1107 1639 1149 Καὶ
1669 1106 1716 1145 in

243 1168 356 1212 Edd.
376 1166 578 1207 omissum
599 1165 832 1219 recepimus
857 1168 1111 1205 auctoritate
1122 1167 1228 1204 Mss.
1244 1166 1377 1220 Regg.
1390 1170 1514 1210 2954.
1530 1174 1572 1205 et
1590 1169 1716 1209 3011.

242 1228 344 1269 ΒΗ».

358 1279 462 1322 Εαᾶ.
483 1281 513 1318 1.
536 1284 576 1323 8.
610 1275 770 1329 Δόξαν)
802 1277 873 1318 Sic
891 1277 1107 1327 absolute,
1140 1293 1232 1332 pro,
1267 1295 1353 1319 cum
1369 1279 1596 1334 placuisset,
1629 1294 1718 1318 cum.

246 1340 441 1381 decre-tum
470 1347 586 1385 esset,
619 1350 747 1388 supra
774 1336 979 1375 Harmon.
1008 1350 1097 1388 cap.
1120 1342 1157 1379 4.
1181 1345 1223 1375 et
1246 1336 1324 1374 hac
1357 1337 1471 1374 Hist.
1499 1352 1535 1377 c.
1559 1341 1598 1379 7.
1658 1335 1718 1373 Et

244 1399 377 1450 Long,
409 1396 519 1433 Pam,
543 1399 578 1436 1.
604 1407 641 1445 p,
666 1395 706 1437 5.
736 1391 815 1430 Ed.
838 1391 1035 1444 Jungcrm.
1066 1393 1131 1445 (p.
1153 1397 1190 1435 4.
1223 1393 1289 1433 ed.
1314 1393 1470 1442 Moll.)
1499 1391 1636 1442 Δόξαν
1664 1389 1714 1443 δὴ

244 1450 438 1508 κάκείνῃ,
471 1447 519 1490 vo}
539 1450 608 1501 μὲν
644 1450 932 1490 συνεκτεθέντα
959 1447 1194 1501 κρύπτουσι.
1256 1450 1344 1488 Ubi
1363 1450 1538 1490 Mollius
1559 1449 1715 1488 similia

246 1498 301 1551 ei<
320 1511 494 1549 Lucian.
516 1507 639 1560 Nigr.
658 1516 699 1545 et
724 1505 900 1560 leucycl.
924 1504 1064 1553 dedit;
1095 1507 1197 1546 licet
1229 1506 1343 1545 haud
1367 1506 1569 1545 indicatis
1589 1506 1712 1554 locis,

247 1581 356 1621 quae
375 1576 513 1604 tamen
540 1578 626 1601 non
652 1563 932 1616 inquirimus,
966 1562 1066 1616 quia
1101 1565 1183 1601 tria
1205 1562 1310 1601 haec
1337 1566 1419 1616 jam
1442 1578 1465 1602 a
1491 1563 1615 1601 nobis
1638 1561 1714 1600 ad-

247 1623 375 1662 ducta
401 1619 648 1658 testimonia
673 1616 914 1668 sufficiunt,
946 1629 988 1658 et
1019 1619 1186 1658 locutio
1211 1633 1299 1658 non
1333 1619 1438 1659 adeo
1466 1619 1715 1674 infrequens

247 1689 326 1720 est.
358 1679 524 1716 Rlzrrz.

361 1732 462 1773 Eacl.
490 1735 518 1772 1.
544 1737 610 1775 13.
653 1728 772 1780 Νεῶς
797 1727 873 1786 γάρ
901 1726 1073 1786 μεγάλης
1105 1733 1299 1786 φορτίδος
1328 1731 1466 1786 ἱστοῦ)
1505 1732 1714 1781 Vertunt,

246 1794 361 1833 navis
386 1791 588 1830 onerariae
615 1787 745 1838 malo,
778 1798 821 1826 et
851 1788 912 1825 sic
939 1789 1095 1827 omisso
1123 1789 1242 1828 vocis
1271 1788 1484 1829 secundae
1505 1799 1714 1842 respectu,

249 1852 369 1901 cujus
390 1860 439 1886 eo
463 1844 716 1898 diligentior
739 1843 849 1883 ratio
880 1843 1029 1883 haberi
1051 1844 1266 1896 debuerat,
1299 1846 1400 1899 quia
1423 1847 1602 1896 scimus,
1637 1860 1717 1884 va-

247 1906 333 1945 rias
354 1916 445 1944 esse
461 1915 603 1940 earum
628 1901 800 1939 navium
834 1900 1151 1955 magnitudines
1173 1917 1222 1940 ac
1243 1916 1483 1950 mensuras3
1519 1913 1562 1942 et
1589 1917 1624 1943 e.
1648 1907 1714 1946 18.

244 1967 326 2004 τῶν
351 1959 388 2003 δ’
412 1962 549 2001 ἵππων
576 1959 768 2013 μέγεθος,
801 1955 899 2000 ὅσον
918 1956 1019 2007 νεώς
1041 1956 1214 2014 μεγάλης
1236 1962 1430 2014 φορτίδος
1453 1973 1541 1999 non
1565 1960 1716 1999 omise-

247 2028 361 2058 runt.
397 2017 543 2056 Gnow.

361 2072 516 2113 Eadql.
538 2073 602 2116 15.
635 2071 997 2127 Περιπετομένοις)
1031 2072 1162 2114 Conf.
1185 2087 1298 2127 supr.
1324 2070 1512 2113 Charon.
1533 2085 1625 2125 cap.
1647 2077 1715 2116 22.

248 2131 419 2171 SOLAN.

364 2188 464 2240 Pag.
490 2190 584 2228 240.
608 2187 688 2229 l.3.
721 2181 1037 2238 Συμφησᾶντων
1057 2186 1097 2228 δὲ
1116 2182 1257 2241 ἡμῶν)
1283 2183 1429 2237 Ἠμῶν
1451 2199 1536 2223 non
1558 2185 1716 2239 legitur

250 2245 297 2283 in
326 2244 435 2282 Edd.
467 2241 540 2281 sed
564 2240 854 2295 reponendum
884 2242 1052 2281 monuit
1082 2243 1245 2283 Belinus
1277 2257 1330 2282 ex
1350 2243 1436 2284 Ms.
1461 2242 1567 2296 Reg.
1588 2247 1715 2287 2954.

249 2301 296 2340 in
322 2314 408 2355 quo
432 2313 509 2337 nos
532 2299 661 2337 facile
683 2297 1018 2338 obsecundantes
1039 2298 1201 2342 habuit,
1234 2301 1330 2340 B1P.

363 2355 466 2396 Eacl.
488 2358 513 2395 1.
528 2360 569 2399 6.
600 2352 842 2407 Ἐνδυμίων)
873 2355 1025 2395 Pastor
1041 2356 1128 2395 fuit
1149 2355 1373 2396 admodum
1396 2356 1622 2406 formosus,
1639 2354 1713 2408 qui

251 2428 345 2452 cum
366 2414 411 2451 in
433 2413 591 2451 Latmo
611 2421 757 2450 monte
778 2410 1130 2463 obdormivisset,
1153 2411 1385 2466 aliquando
1405 2427 1427 2451 a
1450 2413 1573 2451 Luna
1596 2412 1716 2451 deos-

252 2472 422 2508 culatus
443 2478 528 2516 est,
562 2482 671 2522 qnae
690 2467 737 2506 in
757 2470 847 2520 ejus
870 2482 1053 2508 amorem
1078 2469 1137 2509 ita
1157 2479 1390 2519 exarserat,
1423 2478 1472 2507 ut
1495 2468 1617 2507 fratri
1643 2467 1714 2506 bi-

253 2540 327 2580 gas
348 2540 442 2565 suas
460 2523 683 2579 agitandas
703 2523 877 2564 dederit.
937 2525 1068 2565 Senec.
1091 2527 1134 2564 in
1153 2527 1382 2579 Hippolyti

469 2582 589 2622 Arsit
608 2581 773 2621 obscura
791 2581 880 2620 Dea
908 2582 1020 2622 clara
1041 2582 1180 2623 mundi
1200 2594 1310 2622 nocie
1331 2581 1491 2629 deserta,

471 2637 707 2692 Nitidosque
711 2638 848 2694 fratri
866 2639 1033 2678 tradidit
1049 2656 1185 2679 currus
1204 2639 1298 2678 alite
1321 2636 1516 2692 regendos.

255 2692 371 2735 OvicZ.
399 2694 584 2734 Latmius
617 2694 838 2746 Endymion
876 2711 955 2736 non
991 2707 1047 2736 est
1078 2696 1173 2747 tibi,
1214 2695 1330 2747 luna,
1366 2694 1524 2748 pudori.
1565 2692 1710 2735 COGN-

252 2748 352 2792 Vid.
371 2750 488 2790 Dial.
508 2751 643 2792 Deor.
664 2751 742 2792 XI.
783 2752 944 2792 LGm.
