1834 3188
298 213 398 261 668
655 222 1409 255 ΛυΝοΤΑΤιοΝΕε

295 328 454 381 βοῶντα
483 321 694 370 reddidit,
726 320 971 377 applaudens
1001 332 1036 360 et
1062 320 1248 362 laudibus
1275 322 1596 363 inclecentissimis
1616 326 1762 365 acela-

295 399 423 423 mans.
467 382 612 421 GnoN.

408 438 507 492 Pag.
537 442 634 481 281.
669 438 699 476 l.
733 439 774 479 4.
818 432 1081 490 Περιπλόοις)
1133 434 1263 490 Angl.
1299 433 1543 489 περιπόλοις.
1581 437 1760 482 Bounn.

297 500 494 547 Πεοιπολ
515 494 567 534 Α.
595 494 642 532 Ρ.
667 493 721 532 L.
741 493 784 532 S.
812 493 946 532 Amst.
987 492 1187 544 Impressi
1218 506 1318 532 vero
1348 507 1492 533 omnes
1517 493 1762 549 περιπλόοις,

296 563 396 593 ante
414 552 458 591 S.
483 565 589 603 quae
608 559 722 589 recte
743 549 940 588 mutavit.
982 547 1153 588 SOLAN.

408 607 509 648 Ead.
528 611 555 645 1.
574 612 615 651 8
642 602 694 648 Ο
715 610 828 659 Κρῆς
845 604 1160 658 Ραδᾶμανθυς)
1190 603 1561 657 Rhadamanthus,
1593 608 1763 660 Lyciae

293 680 395 715 rex,
428 664 541 704 filius
563 662 687 705 Jovis
709 678 759 701 ex
780 664 977 713 Europa,
1007 661 1177 700 NIinois
1200 671 1242 700 et
1262 662 1392 700 Aeaci
1419 664 1571 713 frater,
1604 665 1671 704 vir
1688 668 1762 718 ju·-

292 722 519 760 stissimus.
582 718 677 761 vid.
709 718 855 774 Vin-gil.
885 719 960 760 VI.
992 717 1099 758 Aen.
1141 717 1287 759 COGN.
1348 718 1415 759 Cf.
1448 721 1762 762 D1a11.Mortt.

291 778 457 818 XXIX.
497 779 656 817 LEHM.

406 834 511 875 Eacl.
529 837 556 873 l.
581 839 647 876 10.
678 833 879 882 Αἴαντος)
921 831 1141 873 occubuit
1171 830 1223 871 ad
1254 833 1453 885 Troiam,
1485 843 1536 873 ut
1564 833 1761 874 scribunt
1819 862 1822 863 ν

291 891 509 947 Sophocles
540 890 585 928 in
606 890 724 943 Ajac.
747 899 788 929 et
807 890 949 945 Dictys
968 890 1159 929 Cretens.
1186 889 1232 926 in
1254 888 1419 928 Histor.
1469 890 1615 931 Goon.

403 947 958 1001 Εαιῖ.1.11.Κατηγορεῖῑ-ο)
988 946 1106 985 Leve
1127 943 1354 984 admodum
1374 955 1437 984 est
1457 947 1611 986 vitium
1616 946 1759 1002 ‚quod

290 1014 430 1044 tamen
451 1004 654 1058 inquinat
676 1002 887 1043 editiones
917 1016 1084 1050 omnes,
1117 1012 1165 1040 ut
1184 1003 1359 1052 mirum,
1391 1016 1413 1040 a
1432 1012 1498 1041 tot
1519 1003 1756 1044 editoribus

289 1076 379 1100 non
412 1075 502 1100 esse
530 1060 755 1100 sublatum.
814 1060 868 1098 In
903 1058 1099 1098 omnibus
1131 1058 1244 1097 enim
1271 1035 1410 1098 exsiat
1439 1067 1692 1130 κατηγορεῖτο
1714 1060 1758 1102 δὲ

286 1115 414 1158 αυτοῦ
429 1131 506 1170 pro
525 1118 822 1169 ἐκαπηγορεῖτο,
856 1114 972 1168 quod
993 1128 1097 1167 puer
1118 1113 1275 1154 videat.
1309 1114 1486 1154 GnAnv.
1541 1114 1756 1180 'va‘nyp-

287 1172 418 1238 ρεῖτο.)
455 1173 506 1211 In
539 1173 735 1211 omnibus
766 1182 890 1212 antea
918 1170 1139 1225 legebatur
1168 1177 1443 1226 κατηγοοεῖτο·
1484 1181 1527 1210 et
1558 1187 1658 1212 sane
1690 1173 1755 1211 sio

286 1230 444 1283 passim
478 1228 591 1282 apud
617 1229 754 1280 hunc,
787 1227 999 1268 Prometh.
1024 1226 1096 1266 fin.
1151 1228 1210 1268 Ib
1244 1242 1278 1267 c.
1298 1232 1335 1272 4.
1356 1228 1387 1265 f.
1429 1229 1564 1270 Dian.
1595 1230 1752 1269 Mortt.

285 1286 473 1327 XXVII.
498 1296 540 1324 et
560 1261 769 1338 Necyoui.
795 1299 832 1325 c.
856 1289 921 1328 19.
942 1283 1089 1323 eodem
1118 1283 1269 1333 modo,
1303 1298 1388 1337 quo
1408 1284 1481 1324 hic
1511 1285 1556 1323 in
1580 1284 1755 1338 impres-

285 1344 358 1383 sis.
419 1342 489 1381 Sic
517 1352 559 1381 et
583 1342 686 1381 Fab.
718 1343 866 1395 Aesop.
896 1343 1067 1382 Delect.
1098 1340 1197 1380 Fab.
1227 1317 1283 1380 X.
1316 1340 1495 1394 vitiose3
1535 1352 1578 1382 et
1600 1343 1750 1394 Aesop.

285 1400 389 1439 Fab.
411 1404 480 1443 72.
505 1408 546 1437 et
574 1397 686 1451 apud
710 1399 910 1438 Demostlz.
934 1412 968 1436 e.
991 1396 1103 1439 Mid.
1122 1412 1164 1450 p.
1185 1402 1283 1441 409.
1303 1397 1355 1436 A.
1398 1398 1569 1439 SOLAN.
1630 1398 1754 1438 Sola-

284 1474 359 1495 nus
381 1471 474 1494 cum
499 1454 638 1494 Graev.
665 1456 878 1503 sentiens,
913 1456 1117 1508 ἕκατηγορ.
1141 1453 1406 1494 scribendum
1437 1469 1525 1494 esse
1551 1455 1677 1495 etiam
1702 1455 1750 1492 in

283 1527 415 1567 marg.
444 1511 551 1552 Junt.
578 1514 761 1551 notavit.
818 1512 914 1565 Ego
937 1525 1038 1550 vero
1069 1525 1143 1549 cur
1164 1510 1307 1549 neutri
1343 1510 1648 1561 obsecundem,
1681 1510 1751 1549 di-

284 1583 390 1608 cam.
468 1568 612 1607 Miror
640 1577 778 1607 autem
816 1567 954 1606 Graev.
988 1576 1072 1604 tam
1106 1566 1369 1605 confidenter
1403 1566 1636 1617 dicentem,
1679 1569 1748 1605 vel

282 1639 460 1678 puerum
482 1622 652 1671 videre,
685 1625 958 1677 ἒκατηγορεῖτο
982 1622 1266 1660 scribendum.
1327 1623 1423 1676 Ego
1449 1633 1561 1662 certe
1583 1633 1625 1662 et
1647 1625 1749 1674 p1u-

282 1696 348 1720 res
373 1695 533 1720 mecum
551 1679 596 1718 id
627 1695 714 1719 non
736 1679 958 1719 videbunt.
1017 1679 1250 1717 R‘Ieruisset
1277 1681 1423 1717 saltem
1444 1679 1616 1731 probari
1639 1678 1748 1717 illud

281 1739 438 1791 ἐκατηγ.
499 1736 566 1774 An
599 1738 714 1775 enim
751 1751 840 1775 non
872 1735 1083 1789 cogitavit
1114 1735 1180 1774 vir
1208 1749 1414 1784 summus,
1457 1734 1628 1773 verbum
1659 1749 1749 1774 esse

282 1793 582 1846 compositum,
615 1793 800 1847 ideoque
821 1801 1094 1845 augmentum
1119 1792 1162 1828 in
1184 1790 1324 1829 medio
1348 1765 1494 1843 po'tius
1513 1794 1654 1830 locum
1676 1790 1750 1829 ha-

280 1849 412 1890 benef?
448 1847 665 1903 (quamvis
686 1848 897 1902 ejusmodi
916 1848 1153 1912 composita
1177 1846 1389 1886 interdum
1416 1847 1569 1898 initio,
1606 1848 1747 1886 inter-

282 1905 381 1945 dum
403 1905 635 1959 utrobique
654 1906 799 1959 augeri
819 1902 1052 1958 noverim.)
1085 1904 1241 1970 Quin'
1224 1909 1520 1958 εκατηγοοεῖτο,
1552 1904 1632 1943 etsi
1654 1905 1747 1942 Le-

282 1963 384 2001 xica
411 1962 504 2002 sine
527 1963 782 2001 auctoritate
813 1960 1012 1999 adferunt
1045 1957 1329 2014 ἐκατηγὸοησε,
1361 1959 1470 1998 mihi
1503 1961 1648 2012 potius
1671 1975 1745 2000 su·-

281 2029 471 2071 spectum
503 2029 630 2058 esset.
663 2033 759 2057 nam
784 2017 1052 2071 Thucydides,
1084 2017 1254 2056 Atticae
1275 2017 1478 2068 puritatis
1501 2031 1647 2055 norma
1668 2031 1744 2070 op..

279 2077 404 2125 tima,
436 2076 481 2125 I,
507 2079 573 2119 95.
605 2076 674 2116 καὶ
699 2073 774 2129 γὰρ
796 2072 934 2116 ἀδικία
962 2071 1088 2124 πολλῶ]
1109 2079 1362 2141 xcemqyooeito
1383 2091 1432 2114 av
1439 2078 1519 2114 τοῦ.
1577 2073 1741 2113 Iterum

279 2131 436 2171 ibidem
459 2134 604 2184 paullo
625 2140 746 2184 post,
775 2136 1034 2184 κατηγορεῖτο
1057 2132 1098 2172 δὲ
1117 2126 1243 2171 αυτοῦ
1265 2127 1335 2183 οὐχ
1354 2144 1497 2182 ἠκισι-οι
1514 2128 1740 2182 Μηδισμός,

276 2189 347 2229 καὶ
378 2185 506 2230 ἐδόκει
537 2191 784 2239 σαφέστατον
814 2186 929 2229 εἶναι.
989 2186 1063 2226 Sic
1089 2201 1167 2224 nec
1199 2187 1365 2238 imperf.
1397 2196 1476 2225 act.
1501 2187 1609 2241 gerit
1639 2201 1741 2240 aug-

276 2254 464 2284 mentum
488 2245 532 2282 in
554 2245 696 2283 fronte
719 2258 783 2297 ap
803 2242 964 2284 Aeliam.
987 2244 1038 2282 V.
1062 2244 1116 2281 H.
1136 2243 1226 2293 ΙΙΙ,
1251 2248 1315 2286 19.
1336 2247 1552 2291 λαλοῦντος
1571 2241 1740 2295 κατηγό-

277 2318 349 2368 ρει.
409 2301 526 2340 Idem
547 2301 658 2351 XII,
683 2306 745 2343 12.
767 2302 1030 2351 ἐστεφανοῦτο
1059 2323 1116 2330 --
1145 2299 1188 2341 τὸ
1206 2299 1247 2341 δὲ
1268 2298 1509 2351 στεφάνωμα
1528 2297 1740 2367 κατηγόρει

277 2353 416 2400 αὐτοῦ.
474 2357 567 2396 Nec
587 2357 732 2396 aorist.
752 2356 795 2394 id
818 2355 945 2394 habet
973 2355 1086 2406 apud
1107 2356 1234 2395 eund.
1256 2356 1298 2401 I,
1322 2361 1389 2400 34
1410 2354 1539 2397 πάντα
1558 2352 1737 2409 ἀκριβῶς

277 2413 539 2481 κατηὶόρησε.
599 2412 721 2453 Adde
740 2411 958 2452 Herodian.
981 2413 1063 2464 VI,
1084 2417 1121 2454 9.
1147 2413 1186 2464 §5-
1210 2418 1247 2455 1
1267 2418 1341 2453 τοῦ
1359 2430 1399 2454 τε
1423 2415 1734 2464 Μαξιμίνου--·

276 2469 513 2525 κατηγόοει,
544 2480 586 2510 et
616 2479 678 2507 ter
706 2480 854 2522 quater
888 2468 1007 2507 alibi.
1068 2469 1258 2508 Omnino
1287 2469 1421 2523 igitur
1450 2472 1621 2523 vulgata
1643 2477 1734 2506 erat

278 2527 498 2576 servanda,
521 2525 686 2566 etiamsi
704 2527 815 2566 f01te
835 2525 977 2563 alibi’
961 2543 1172 2578 εκατηγορε
1157 2531 1232 2567 ῖτο
1254 2524 1655 2564 inveniretu1.Nec
1671 2534 1734 2562 ta-

278 2597 373 2619 men
406 2583 613 2634 abjectum
642 2597 730 2621 esse
758 2591 1026 2649 augmentum
1055 2581 1236 2631 dixeris,
1279 2591 1327 2619 ut
1362 2583 1407 2620 in
1442 2583 1577 2620 Zeux.
1610 2585 1646 2629 §5
1667 2585 1732 2624 10-

278 2637 512 2690 κροτάλιζον
553 2653 628 2691 pro
661 2636 931 2691 ἕκροτᾶλιζον
974 2637 1089 2689 quod
1120 2638 1165 2675 in
1205 2637 1424 2676 nonnullis
1454 2637 1731 2688 tempotibus,

279 2694 460 2733 maxime
485 2696 528 2732 in
552 2696 884 2749 plusquamperf.
900 2696 1050 2746 passiv.
1063 2695 1189 2732 etiam
1210 2695 1253 2732 in
1272 2697 1410 2732 soluta
1434 2693 1626 2732 oratione
1645 2708 1731 2731 sae

280 2764 334 2804 pe
354 2749 466 2802 fieti,
501 2760 548 2790 ut
575 2755 804 2795 πεποίκιλτο
833 2766 910 2806 pro
943 2752 1213 2800 ἐτεποίκιλτο,
1245 2749 1482 2793 δεδώκεισαν
1500 2764 1577 2804 pro
1598 2746 1735 2794 ἐὸεὸώὖ
