1834 3188
267 175 366 224 458
625 187 1379 220 ADNOTATIONES

268 286 615 328 convenientiam
639 300 826 341 quoque,
853 288 922 326 vel
942 284 1374 325 accommodationem
1395 285 1470 335 acl,
1505 288 1576 325 vel
1593 301 1725 325 secun-

267 346 361 384 dum
382 344 547 395 aliquid
569 343 792 394 denotare,
824 356 910 382 non
932 352 1019 392 est,
1053 341 1169 396 quod
1191 356 1396 381 moneam.
1437 344 1592 382 LEHM.

380 400 481 442 Ead.
513 403 540 442 1.
561 405 600 443 7.
641 398 749 441 Πότε
770 398 1026 453 τρικέφαλος)
1068 400 1258 451 Geryon.
1318 397 1416 436 Vid.
1445 398 1640 452 Apollod.
1668 398 1727 437 Π.

267 473 364 512 pag.
386 460 451 500 51.
472 458 520 495 B.
552 457 720 496 SOLAN.
781 455 919 496 Verba
943 454 997 504 ὥς
1021 456 1174 510 γένοιτο
1193 453 1441 508 corrigenda
1461 455 1632 507 putavit
1650 454 1727 494 Be-

267 514 371 553 linus
394 511 446 562 ὧς
465 513 629 567 ἐγένετο.
658 512 852 551 laborare
873 511 986 551 enim
1001 525 1047 552 ea
1070 510 1233 564 duplici
1248 510 1513 559 soloecismo,
1528 511 1724 563 primum,

267 569 381 624 quod
414 578 691 621 sequerentur
723 568 957 608 Indicativi
986 566 1118 620 ἠφίει,
1151 567 1273 621 ’ἤσθιε
1293 577 1372 606 etc.
1400 565 1576 616 deinde,
1610 566 1727 620 quod

267 624 323 674 ὥς
345 641 438 665 cum
463 624 672 677 Optativo
701 625 794 664 sine
817 621 868 665 ἂν
895 614 1231 680 significaturum
1256 632 1386 663 esset:
1417 625 1498 678 afin
1516 639 1609 677 que.
1668 623 1728 660 At

267 692 417 721 neutra
445 683 555 720 ratio
579 680 808 735 quidquam
833 684 958 723 valet.
1018 681 1142 720 Prior
1164 678 1334 733 quidem
1360 681 1398 718 si
1420 677 1524 732 quid
1548 681 1725 726 valeret,

267 737 320 776 ad
341 737 517 778 ea'ndem
544 752 731 777 normam
761 751 847 776 non
869 741 1006 776 solum
1026 740 1146 777 locus
1175 750 1264 789 cap.
1283 740 1351 779 71.
1375 733 1503 788 ὥςπερ
1527 735 1639 783 εἴτις
1661 736 1729 776 δα-

265 792 404 844 κρύοι,
435 794 504 836 καὶ
528 796 685 849 αἰτιῷτο
717 792 794 847 τὴν
815 791 957 847 τύχην,
990 792 1049 835 ὅτι
1066 792 1118 848 μὴ
1149 791 1363 836 δύναιτο
1394 788 1579 833 ἀνελθεῖν
1600 793 1640 839 ἐς
1655 788 1728 832 τὸν

266 848 467 904 οὐρανὸν,
497 847 527 903 ἢ
547 848 606 892 1’ότι
624 849 678 903 μὴ
707 873 762 882 -
792 845 1140 900 ἀναδύσεται,
1171 847 1200 902 ’ἢ
1221 848 1282 891 ὅτι
1301 847 1354 902 μὴ
1385 872 1442 879 -
1469 852 1622 889 τελεῖ.
1653 845 1728 885 sed

265 907 489 947 innumera
521 920 694 960 quoque
725 906 808 945 alia
841 906 1089 961 corrigenda
1117 908 1275 946 forent.
1335 906 1479 944 Altera
1510 912 1650 943 autem
1681 911 1730 941 ut

264 978 341 1017 per
361 978 403 1003 se
421 964 552 1013 falsa,
585 963 645 1001 ita
674 963 800 1001 etiam
827 963 870 1000 in
890 963 1031 1003 Βεῖἰηο
1058 962 1228 1018 quidem
1257 970 1405 1001 nostro
1437 960 1556 1000 mira.
1617 959 1726 998 Nam

265 1017 319 1068 ὧς
348 1035 442 1058 cum
464 1018 674 1073 Optativo
706 1034 792 1058 non
821 1033 909 1058 uno
939 1019 1066 1058 modo
1094 1028 1341 1071 usurpatum
1374 1016 1578 1056 occurrit:
1611 1014 1727 1053 hunc

264 1077 405 1128 ipsum
432 1075 604 1114 modum
639 1089 841 1128 agnosces
873 1075 918 1113 in
951 1075 1084 1116 Dian.
1116 1076 1249 1113 Deor.
1277 1074 1385 1122 VII,
1420 1077 1458 1116 4.
1495 1073 1597 1126 ἔλεγε
1632 1071 1674 1112 δὲ
1700 1066 1728 1122 ἦ

266 1138 398 1181 Μαῖα,
431 1129 495 1180 ὥς
526 1127 617 1173 οὐδὲ
647 1133 796 1185 μένοι
823 1130 893 1180 τὰς
910 1129 1060 1179 νύκτας
1079 1132 1120 1172 ἐν
1139 1135 1193 1187 τῷ
1214 1127 1398 1185 οὐρανῷ,
1431 1124 1521 1168 ἄλλ’
1552 1149 1607 1161 -·-
1636 1143 1729 1168 κατ-

262 1191 336 1239 lot,
369 1197 411 1228 et
432 1188 613 1241 saepius.
670 1187 833 1227 Mirum
861 1197 1001 1227 autem
1029 1188 1247 1240 profecto,
1281 1200 1405 1239 quem
1430 1183 1612 1225 Belinum
1635 1198 1727 1222 sex-

264 1245 422 1284 centies
447 1247 529 1296 jam
554 1243 740 1282 vidimus
773 1242 823 1284 ἂν
846 1244 1020 1297 reponi,
1054 1246 1122 1282 vel
1152 1243 1245 1285 sine
1271 1244 1357 1280 ulla
1379 1239 1514 1283 Codd.
1542 1238 1728 1278 auctori-

263 1310 371 1349 tate,
409 1301 605 1353 jussisse,
646 1300 722 1338 ubi
754 1297 808 1348 ὥς
833 1299 1040 1353 Optativo
1077 1303 1270 1350 junctum
1289 1301 1417 1353 finem
1445 1295 1726 1351 significaret,

263 1357 444 1396 eundem
464 1371 579 1395 nunc
600 1365 872 1410 praeceptum
903 1355 1023 1406 dare,
1057 1355 1121 1396 illi
1144 1355 1327 1394 consilio
1351 1352 1574 1393 temerario
1600 1354 1727 1405 plane

262 1413 539 1452 contrarium.
601 1414 756 1465 Sapere
775 1412 923 1466 itaque
944 1412 1108 1466 coepit,
1139 1410 1212 1450 sed
1230 1411 1370 1450 alieno
1392 1413 1504 1449 loco.
1536 1409 1696 1448 mem.

372 1468 522 1508 Eud-l·
546 1474 609 1512 12.
659 1466 758 1521 Οὐχ
789 1467 948 1522 ὥςπερ
981 1469 1193 1517 ἕκαστος
1230 1464 1372 1519 ἡμῶν
1397 1467 1524 1508 ,δέκα
1561 1466 1613 1506 ἐν
1643 1459 1726 1515 ἆμ-

262 1543 293 1576 q>
309 1526 513 1578 οτὲραις
541 1531 655 1571 ταῖς
683 1541 766 1577 χερ
781 1526 848 1577 σί]
881 1524 1148 1571 Ridiculam‚
1170 1538 1292 1576 quam
1314 1522 1454 1571 habet,
1471 1520 1725 1560 sententiam

261 1582 372 1620 hanc
391 1581 486 1620 tolli
506 1584 601 1619 vult
621 1580 803 1629 Remus,
834 1580 1002 1619 sublata
1026 1580 1233 1633 particula
1255 1578 1440 1633 negandi
1465 1574 1551 1630 ου’χ.
1599 1575 1726 1614 Ridi-

262 1640 382 1677 culus
412 1638 474 1676 sic
509 1637 602 1690 ipse
631 1637 793 1685 factus,
828 1651 956 1689 quum
988 1651 1075 1675 non
1107 1635 1292 1683 videret,
1326 1635 1522 1676 verba-s’v
1556 1628 1725 1684 ἀμφοτέ-

261 1711 351 1745 ραις
369 1699 454 1741 ταῖς
470 1696 580 1747 χερσί
596 1692 770 1731 nonnisi
791 1691 843 1730 ad
864 1690 981 1746 ἡμεῖς
999 1692 1240 1741 referenda,
1274 1691 1449 1730 omnino
1470 1699 1610 1728 autem
1634 1703 1726 1727 ora-

260 1751 420 1789 tionem
439 1750 671 1801 ellipticam
689 1762 798 1797 esse,
834 1763 942 1801 quae
967 1763 1065 1787 sane
1088 1747 1271 1786 rationis
1295 1760 1375 1798 ope
1397 1745 1512 1784 haud
1535 1743 1723 1783 difficul-

259 1817 325 1844 ter
344 1805 404 1844 ita
434 1806 598 1859 expleri
629 1805 793 1857 possit,
826 1814 874 1843 ut
895 1820 969 1843 sex
997 1820 1183 1843 manuum
1212 1803 1440 1856 imaginem
1465 1817 1521 1841 ex
1546 1810 1724 1840 antece—

260 1862 388 1901 dente
421 1861 734 1915 descriptione,
779 1860 1096 1901 recentissimae
1137 1861 1211 1899 illa
1250 1860 1495 1909 memoriae,
1540 1866 1720 1910 repetas.

257 1919 418 1957 Lnnm.
1409 1924 1412 1925 ’
1596 1929 1597 1933 ’

369 1973 472 2014 Εατῖ.
496 1976 523 2015 1.
547 1976 611 2017 14.
649 1975 824 2026 Πέλτην,
856 1969 886 2025 ἢ
912 1973 1078 2027 γέρὁν,
1111 1969 1139 2023 ἢ
1159 1968 1330 2019 ἀσπίδα)
1364 1970 1555 2023 Uterque
1580 1968 1722 2007 inter—-

256 2046 352 2083 pres
379 2030 564 2070 medium
594 2030 726 2070 vertit
750 2045 932 2084 parmam
966 2029 1179 2068 Per-sicam.
1237 2028 1304 2066 An
1332 2025 1538 2065 credimus
1573 2025 1721 2078 utique

256 2087 500 2126 Lucianum
524 2087 713 2126 voluisse
733 2101 779 2125 ea
801 2099 905 2125 voce
926 2084 969 2123 id
990 2083 1256 2135 exprimere?
1299 2084 1356 2121 Et
1377 2097 1450 2121 cur
1471 2095 1557 2120 non
1581 2083 1720 2134 peltae

258 2143 421 2182 addunt
439 2144 690 2194 interpretes
710 2151 898 2196 gentem,
931 2141 1002 2180 cui
1027 2140 1099 2178 illa
1123 2141 1166 2177 in
1187 2139 1303 2179 usu?
1352 2138 1497 2178 Gnon.
1576 2165 1581 2169 -

369 2200 469 2253 Pag.
493 2200 639 2241 104.1.
663 2203 702 2241 3.
735 2195 856 2238 Εὗθῦ
882 2198 1069 2246 σκοπεῖν)
1110 2195 1265 2235 Wessel.
1298 2194 1349 2234 ad
1385 2193 1508 2234 Diocl.
1544 2193 1627 2233 Sic.
1660 2191 1715 2233 II.

260 2271 293 2295 c.
315 2262 381 2301 12.
405 2269 448 2295 n.
475 2261 544 2299 31.
565 2255 671 2308 legit
696 2250 839 2302 εὐθὺς,
871 2269 937 2294 me
958 2267 1045 2292 non
1067 2262 1214 2291 contra
1236 2253 1420 2300 nitente,
1455 2249 1552 2303 quia
1575 2249 1625 2288 ab
1645 2261 1717 2286 se-

260 2322 417 2366 quente
445 2325 467 2352 6
485 2311 613 2350 facile
640 2310 883 2362 absorptum
914 2311 968 2349 sit
992 2312 1183 2350 alterum.
1242 2310 1385 2347 Multa
1409 2316 1545 2345 tamen
1568 2303 1716 2349 ,adno-

259 2369 370 2420 tavi,
403 2368 479 2406 ubi
501 2366 743 2406 differentia
765 2367 837 2405 illa
862 2367 974 2405 inter
996 2363 1097 2407 εὗθύ
1125 2374 1167 2403 et
1191 2362 1338 2413 εὐθύς,
1370 2362 1421 2401 de
1444 2376 1525 2415 qua
1545 2360 1715 2400 Ammo-

260 2428 367 2474 nius,
400 2439 487 2464 non
510 2423 768 2464 observatur.
829 2422 910 2462 Sed
934 2422 1034 2475 quia
1060 2423 1187 2474 longe
1209 2418 1549 2473 frequentissime
1572 2425 1710 2454 tamen

261 2480 529 2528 observatur,
561 2489 745 2533 praestat
767 2493 854 2518 eam
887 2489 1052 2523 tenere;
1087 2485 1149 2526 et,
1180 2491 1288 2529 quae
1316 2473 1488 2526 collegi,
1519 2475 1600 2523 jam
1622 2484 1711 2509 non

261 2536 410 2575 addere
432 2539 548 2575 licet.
580 2537 743 2576 Rmrz.
794 2530 937 2583 Εὗθῦς
956 2527 1578 2587 Ms.Reg·2954.testeBeZino.
1609 2527 1706 2566 er.

265 2591 385 2629 Unde
417 2592 685 2631 Sclzmiederus
718 2587 842 2639 εὐθὺς
866 2590 1038 2643 recepit.
1109 2587 1243 2643 quue
1274 2597 1392 2627 tanto
1431 2582 1708 2636 probabiliuS,

262 2660 388 2697 quum
409 2662 479 2698 per
502 2647 618 2686 hunc
642 2647 856 2702 dialogum
884 2660 1068 2698 semper,
1101 2654 1142 2685 et
1158 2648 1302 2697 paullo
1326 2651 1422 2680 ante
1444 2639 1622 2677 minimo
1645 2639 1709 2676 in-

263 2705 439 2742 tervallo
460 2702 543 2753 bis,
577 2700 719 2754 εὐθὺς,
752 2719 838 2744 non
859 2701 983 2751 εὗθύ,
1016 2701 1178 2743 dictum
1197 2700 1264 2742 sit.
1315 2695 1610 2740 Nihilominus
1633 2693 1709 2734 du·
