1834 3188
274 214 519 256 QUOMODO
557 213 795 245 msTomA
830 200 916 243 srr'
943 210 1143 243 conseri.
1297 195 1393 242 171

11 313 244 370 τολμήσειεν
264 311 315 356 ὅῖν
335 331 394 363 τις
423 309 614 355 ἇάτᾶντων
635 310 712 366 ἤδη
733 309 1053 366 κεχειρωμένων)
1072 311 1210 363 ἔχωσιν
1231 304 1400 361 ἄμεινον
1411 320 1447 354 Ρ.
1461 321 1495 356 7·

14 387 272 434 συντιθέναι,
303 381 374 424 τὸν
403 382 556 424 κανόνα
588 387 732 424 τοῦτον
761 378 1050 435 προςάγοντες,
1081 376 1210 432 ἤνπερ
1237 393 1280 431 γε
1308 374 1403 434 δόξῃ

14 450 154 502 αύτοΐς
174 450 302 506 ὀρθὸς
324 450 427 493 εἶναι
441 463 449 472 ·
481 454 516 493 εἰ
541 451 581 493 δὲ
601 449 676 505 μὴ,
709 445 824 490 αὐτοὶ
844 450 914 501 μὲν
933 449 1001 489 καὶ
1017 444 1102 489 τότε
1122 451 1178 503 τῷ
1202 444 1312 502 αὐτῷ
1329 445 1406 498 πή-

12 539 98 576 χει,
130 519 258 574 ὥςπερ
281 518 321 570 t)
352 521 418 561 καὶ
446 524 546 571 νῦν,
578 516 830 573 μετρούντων
858 514 901 558 τὸ
933 519 1114 571 πρᾶγμα·
1148 513 1169 557 ὁ
1195 513 1331 568 ἰατρός
1361 515 1447 564 δὲρ.
1460 524 1495 558 8.

14 586 66 646 ου’
88 587 200 631 πάνυ
231 585 461 639 τῖνιοὲσεται,
494 586 548 641 ἢνΥ
575 586 722 636 πάντες
744 582 973 640 Ἀβδηρῖται
1001 582 1157 633 ἑκόντες
1183 579 1400 638 Ἀνδρομέ-

426 661 577 699 Διττοῦ
606 658 647 698 δὲ
681 653 798 703 ὄντος
827 658 900 695 τοῦ
929 658 1001 706 τῆς
1020 656 1250 707 συμβουλῆς
1268 653 1398 707 ἔργου,
1424 665 1451 704 6

12 722 60 767 τὰ
83 725 152 779 μὲν
172 725 247 780 γὰρ
270 727 472 780 αἱρεῖσθαι
490 728 534 776 ¹²)
550 758 561 776 ,
592 723 640 766 τὰ
666 724 706 766 δὲ
729 720 899 777 φεύγειν
920 720 1119 771 διδάσκει,
1155 722 1251 775 φέρε
1266 725 1402 774 πρῶτα

13 660 88 699 δαν
115 661 364 714 τραγῳδῶσι.

17 795 211 846 εἴπωμεν,
253 792 369 835 ἅτινα
404 791 666 847 φευκτέονχ)
697 797 752 850 τῷ
791 792 970 845 ἱστορίαν
1003 789 1297 845 συγγράφοντι,
1335 790 1403 831 καὶ

15 855 72 902 ὧν
91 860 260 915 μάλιστα
281 863 554 916 καθαρευτέον
569 874 577 883 ·
607 862 756 910 ἔπειτα,
789 857 850 908 οἷς
876 857 1080 914 χρώμενος
1105 855 1177 901 οὐκ
1198 857 1249 901 ἂν
1270 856 1404 912 ἆμαρ-

14 945 76 969 τοι
105 933 177 982 τῆς
204 926 358 983 ὀρθῆς,
390 932 458 972 καὶ
487 926 552 971 ἐπ’
584 926 687 972 εύθύ
721 925 920 983 ἀγούσης,
957 924 1085 982 ἀρχήν
1112 944 1151 969 τε
1179 929 1267 969 οἵαν
1296 926 1405 984 αὐτῷ

13 992 204 1048 ἆρκτέον,
226 1000 292 1039 καὶ
313 996 424 1049 τάξιν
440 997 585 1051 ἥντινα
603 1005 685 1047 τοῖς
706 999 837 1052 ἔργοις
859 997 1153 1049 ἐφαρμοστέον,
1177 996 1244 1036 καὶ
1261 996 1405 1048 μέτρον

12 1061 203 1115 ἑκάστου,
245 1067 312 1108 καὶ
341 1063 367 1106 ἃ
400 1068 643 1118 σιωπητέον,
684 1068 754 1108 καὶ
787 1063 848 1114 οἷς
874 1065 1192 1119 ἐνδιατριπτέον,
1234 1065 1299 1105 καὶ
1332 1062 1407 1105 ὅσα

12 1136 290 1188 παραδραμεῖν
320 1131 507 1186 ἄμεινον,
539 1136 606 1176 καὶ
627 1133 738 1183 ὅπως
768 1136 1007 1188 ἑρμηνεῦσαι
1040 1130 1139 1174 αὕτα
1164 1133 1234 1174 καὶ
1259 1146 1408 1186 συναρ-

15 1198 149 1255 μόσαι.
194 1207 316 1244 ταῦτα
338 1203 430 1255 μὲν,
462 1204 531 1244 καὶ
550 1201 597 1244 τὰ
616 1207 801 1253 τοιαῦτα,
832 1200 1025 1254 ὕστερον·
1053 1205 1130 1242 νῦν
1155 1201 1216 1250 δὲ,
1247 1199 1319 1249 τὰς
1338 1217 1407 1241 κα-

16 1271 106 1317 κίας
125 1267 205 1322 ’ἤδη
229 1272 423 1323 εἴπωμεν,
458 1268 608 1312 ὁπόσαι
635 1278 719 1320 τοῖς
742 1269 908 1324 φαύλως
927 1266 1407 1325 συγγράφουσιπαρακο·

14 1341 254 1380 λουθοῦσιν.
300 1336 326 1380 ἅ
344 1339 414 1392 μὲν
435 1332 509 1381 οὖν
530 1338 648 1382 κοινά
665 1338 828 1382 πάντων
852 1336 984 1394 λόγων
1007 1339 1112 1380 ἐστὶν
1133 1334 1406 1391 ἁμαρτήματα,

64 1456 101 1491 t)
129 1446 250 1490 ὥςπε
264 1452 307 1494 ρ]
336 1446 434 1498 ᾧπερ
453 1452 552 1494 conj.
576 1453 718 1497 Seager.
734 1451 774 1484 in
795 1451 979 1485 Classical
998 1450 1153 1483 Journal
1173 1451 1277 1482 Fase.
1298 1449 1406 1481 XIII.

107 1508 143 1541 p.
166 1509 221 1541 74.
245 1498 449 1530 secundum
470 1498 621 1531 eandem
642 1510 760 1543 prope
781 1510 967 1540 normam,
997 1497 1041 1529 de
1064 1508 1135 1541 qua
1150 1507 1262 1540 supra
1281 1501 1409 1528 actum

106 1542 153 1576 ad
177 1544 286 1576 Zeux.
309 1555 340 1577 c,
360 1556 394 1587 4.
440 1545 568 1589 Neque
587 1551 713 1577 tamen
734 1545 794 1577 hic
813 1545 1013 1576 videbatur
1031 1542 1295 1575 emendatione
1315 1553 1409 1586 opus

107 1599 196 1622 eSSe.

269 1590 316 1631 u)
356 1590 633 1634 αἱρεῖσθαι]
666 1591 754 1633 „Sic
785 1591 837 1623 ΡΙ.
861 1592 906 1622 Η.
933 1591 1015 1622 Par.
1048 1595 1084 1621 et
1109 1589 1195 1621 Alcl.
1230 1589 1278 1629 (1.
1300 1595 1337 1621 et
1357 1589 1407 1631 2.)

108 1635 298 1680 αἱρεῖσθαι
315 1637 373 1671 ch
428 1644 466 1675 x)
497 1637 762 1682 φευκτέον]
788 1632 960 1681 ,,φευκτοὶ
978 1647 1081 1680 5011.
1104 1640 1140 1668 et
1159 1634 1267 1667 Gorl.

16 1738 241 1788 Indorum,
264 1743 424 1794 (neque
448 1741 561 1780 enim
583 1756 683 1780 con-

19 1807 82 1836 tra
103 1811 179 1835 nos
205 1798 430 1851 quisquam
463 1799 576 1836 ausit
607 1798 686 1837 tale

20 1852 138 1908 quill,
172 1853 423 1905 perdomitis
443 1858 523 1906 jam
550 1855 683 1893 omni·

20 1907 118 1962 bus)
133 1909 329 1959 habeant⁷
343 1911 558 1963 quomodo
575 1925 684 1949 com-

21 1980 181 2020 ponere
205 1968 355 2005 melius
378 1967 567 2019 possint,
603 1982 687 2020 ap—

23 2022 218 2076 plicanda
241 2022 320 2061 hac
341 2038 501 2073 norma,
534 2025 569 2062 si
593 2024 685 2076 qui-

25 2079 119 2117 dem
142 2089 252 2118 recta
277 2081 330 2117 iis
359 2080 555 2118 videatur
583 2094 684 2120 esse.

25 2135 99 2175 Sin
127 2136 280 2184 minus,
297 2136 380 2187 ipsi
405 2137 576 2189 quidem
597 2146 686 2174 tum

25 2190 169 2230 eadem
191 2194 313 2240 ulna,
347 2201 393 2229 ut
413 2207 526 2230 nunc
545 2193 685 2242 etiam,

27 2262 112 2286 rem
135 2248 386 2285 metiantur:
410 2248 598 2286 medicus
619 2252 689 2288 ve-

0 2322 1 2330 *
27 2317 74 2342 ro
114 2317 200 2341 non
238 2303 362 2341 valde
403 2314 606 2357 angetur,
656 2305 692 2342 si

28 2359 284 2398 Abderitani
323 2374 468 2398 omnes
502 2374 576 2398 sua
607 2374 695 2398 vo-

29 2419 195 2455 luntate¹
216 2426 344 2469 agant
366 2415 693 2456 Andromedam.

31 2473 138 2512 Cum
164 2483 302 2512 autem
328 2472 487 2524 duplex
521 2472 694 2510 consilii

35 2541 141 2579 opus
169 2529 222 2566 sit
241 2562 250 2579 ,
285 2530 401 2582 quod
429 2530 509 2567 alia
539 2530 695 2582 eligere

35 2582 182 2635 docet,
215 2586 362 2639 fugere
384 2600 483 2624 vero
507 2586 613 2623 alia:
648 2600 697 2622 a·-

36 2653 87 2692 ge
121 2641 299 2691 primum
335 2641 543 2691 dicamus,
590 2655 697 2694 quae

36 2696 241 2749 fugienda
277 2698 363 2736 sint
389 2698 593 2736 scribenti
622 2698 698 2735 hi-

37 2752 210 2791 storiam
227 2784 237 2802 ,
268 2763 310 2793 et
330 2769 349 2793 a
375 2755 527 2809 quibus
545 2769 698 2806 purum

745 1755 834 1781 esse
852 1749 1073 1794 oporteat;
1109 1737 1286 1787 deinde,
1319 1737 1411 1792 qui-

743 1797 821 1835 bus
847 1798 970 1837 rebus
993 1811 1094 1834 usus
1123 1810 1210 1833 non
1245 1794 1410 1834 aberret

746 1869 767 1892 a
799 1869 895 1893 vera
924 1856 1012 1902 via,
1068 1866 1260 1905 quaeque
1294 1860 1410 1889 recto

743 1913 878 1949 itinere
903 1909 1050 1959 ducat,
1087 1922 1172 1961 quo
1194 1908 1322 1945 initio
1347 1906 1412 1944 illi

745 1965 1145 2019 sitjncipiendum‚
1179 1964 1273 2017 quis
1307 1962 1412 2001 ordo

747 2024 803 2062 sit
836 2021 1219 2061 accommodandus
1261 2020 1410 2068 rebus,

748 2094 856 2133 quae
881 2079 1219 2130 uniuscujusque
1241 2090 1415 2114 mensu-

747 2150 815 2185 ra,
862 2149 969 2189 quae
1008 2132 1315 2187 praetereunda
1351 2132 1416 2169 si-

746 2193 898 2244 lentio,
926 2192 1080 2245 quibus
1102 2188 1414 2228 immorandum

747 2249 828 2298 sit,
893 2263 1001 2302 quae
1041 2247 1191 2285 melius
1231 2245 1417 2283 breviter

751 2318 1022 2357 percurrere,
1064 2301 1282 2355 quomodo
1314 2314 1418 2339 ver—-

753 2361 816 2398 bis
841 2359 1094 2413 explicanda
1126 2357 1265 2396 omnia
1291 2366 1333 2394 et
1353 2356 1416 2392 in-

753 2427 816 2455 ter
840 2432 882 2455 se
913 2413 1243 2461 committenda,
1289 2422 1419 2464 atque

755 2471 1052 2511 devincienda.
1123 2471 1266 2521 Atque
1314 2468 1420 2506 haec

755 2529 923 2582 quidem
941 2561 952 2576 ‚
985 2537 1026 2565 et
1047 2525 1204 2565 similia
1227 2524 1316 2574 his,
1351 2524 1422 2562 de-

757 2584 870 2622 inde.
931 2584 1022 2623 Jam
1048 2596 1161 2620 nunc
1190 2596 1290 2620 vero
1314 2581 1421 2619 vitia

757 2640 970 2688 dicamus,
1006 2653 1112 2691 quae
1135 2640 1266 2675 malos
1290 2637 1420 2688 scrip-

758 2707 870 2735 tores
891 2696 1162 2734 comitantur.
1186 2694 1306 2747 Quae
1329 2693 1420 2746 qui-

758 2752 850 2792 dem
872 2753 1005 2807 igitur
1020 2752 1066 2791 in
1088 2750 1283 2791 oratione
1305 2749 1422 2789 omni
