1834 3188
300 209 398 255 496
644 217 1394 249 ADNOTATIONES

299 320 440 367 παῖδες
457 316 613 357 Noster
632 314 737 353 alibi
760 314 897 354 dicere
920 324 1040 354 amat.
1100 314 1295 356 Ceterum
1317 330 1370 355 ne
1391 315 1539 356 mirere
1561 324 1751 356 structu-

299 391 388 416 ram
413 374 565 413 horum
599 371 847 420 verborum,
880 385 959 410 nec
995 385 1189 425 quaeraS‚
1224 386 1309 425 quo
1340 372 1611 426 participium
1642 371 1748 410 illud

299 431 534 487 pertineat,
566 442 705 481 neque
726 428 770 465 in
788 429 987 469 ἐπαινοῖεν
1006 428 1252 467 mutandum
1275 429 1499 482 suspicere.
1538 430 1618 467 Est
1637 427 1750 466 enim

301 488 514 543 genuinus
537 484 785 523 Atticismus
809 484 1028 536 participii
1052 486 1117 535 *)‚
1147 499 1223 538 pro
1253 484 1503 538 imperativo
1525 485 1750 527 ἐπαινείτω·

303 560 391 593 σαν,
414 557 536 597 quem
555 549 666 580 recte
689 540 874 579 illustrat
892 541 964 580 Th.
982 542 1152 593 Magist.
1173 556 1212 582 v.
1237 545 1541 592 ΧΡΗΣΘΩΝ,
1573 555 1621 579 ac
1642 554 1750 579 non-

302 600 431 640 nullis
453 596 654 649 exemplis
676 595 909 635 confirmat.
940 596 1060 637 Adde
1087 597 1308 651 Wesseling.
1330 597 1506 637 Observ.
1529 611 1568 650 p.
1588 600 1654 641 51.
1675 595 1750 634 ubi

302 672 357 697 ex
381 653 566 709 Sophoel.
590 653 707 706 Ajac.
726 654 900 707 Mastig.
922 658 1016 696 981.
1040 652 1199 692 adfert:
1237 657 1288 695 Οἱ
1307 650 1346 695 δ’
1367 649 1439 696 οὖν
1456 651 1658 709 γελώντων
1681 648 1754 709 κᾷ-

299 710 569 767 πιχαιρόντων
592 714 749 759 κακοῖς,
782 710 808 750 ἱ.
835 724 869 748 e.
900 709 1051 749 rideant
1081 709 1145 749 illi
1178 721 1213 750 et
1240 710 1438 763 gaudeant
1465 709 1597 751 malis.
1656 709 1752 747 Alia

299 769 430 822 hujus
454 765 618 822 generis
639 765 867 820 participia
884 779 962 819 pro
981 766 1077 805 aliis
1097 766 1256 819 modis,
1289 766 1374 808 vid.
1397 767 1685 821 ap·Maittaire
1703 764 1755 803 de

299 825 419 867 Dial.
444 838 486 878 p.
507 828 577 869 79.
608 823 772 862 Rmrz.

413 902 518 943 Ead.
537 904 566 941 1.
585 907 624 946 8.
661 898 890 958 Ἐπῄνεσα)
919 901 1114 942 Absurde
1153 901 1395 957 Obsopoeus,
1437 901 1556 943 laude
1580 900 1757 942 extolle-

303 962 416 1011 ham,
447 974 541 998 eum
565 958 708 999 aorist.
729 957 955 997 indicativi
978 957 1048 998 hic
1069 959 1297 998 vertendus
1326 959 1610 1013 subjunctive.
1669 959 1757 996 Ex-

301 1020 439 1070 empla
459 1015 581 1056 simil.
603 1013 689 1056 vid.
712 1028 776 1067 ap.
798 1014 901 1055 Jens.
924 1015 968 1052 in
992 1016 1133 1055 Lectt.
1152 1017 1335 1055 Lucian.
1357 1030 1399 1068 p.
1421 1020 1476 1059 28
1493 1038 1550 1046 —-
1566 1019 1635 1059 30.
1673 1013 1755 1054 Sed

301 1072 456 1171 geldox}
483 1070 533 1166 iPdI
548 1085 614 1170 ηὲθ
631 1073 715 1171 jgxln
734 1079 902 1164 rfftasse
923 1071 972 1110 ad
994 1072 1182 1113 Hermot.
1204 1086 1293 1125 cap.
1316 1076 1385 1116 61.
1405 1081 1447 1112 et
1464 1076 1533 1118 81.
1593 1070 1756 1112 Confer

347 1147 366 1169 e
385 1161 394 1172 .
459 1157 468 1167 .
537 1157 546 1166 .
605 1160 618 1178 ‚
701 1156 710 1166 .
785 1142 905 1166 Errz.

414 1196 513 1250 Pag.
529 1196 623 1239 135.
644 1196 671 1232 1.
692 1197 731 1236 7.
768 1191 819 1235 Τὸ
836 1192 1002 1249 νεογνὸν
1024 1194 1065 1237 δὲ
1083 1194 1125 1238 τὸ
1145 1197 1190 1238 ’ἓν
1207 1201 1287 1238 ταῖν
1308 1197 1478 1249 νηπίων,
1496 1193 1602 1249 ’ὅμως
1620 1192 1759 1250 ὃῖγριον

303 1254 372 1297 καὶ
395 1255 436 1296 ἐν
452 1258 509 1309 τῷ
529 1251 671 1307 ἁπαλῷ
688 1247 768 1303 ἤδη
798 1250 1000 1305 φοβερὸν)
1030 1253 1392 1306 Interpretantur‚
1423 1268 1542 1307 porro
1562 1252 1758 1306 irffantum

304 1311 426 1360 alter,
458 1325 537 1350 non
553 1324 661 1348 secus
679 1322 728 1346 ac
749 1317 862 1360 pater
883 1310 1044 1361 agrestis
1061 1319 1136 1357 est,
1170 1320 1204 1347 et
1225 1311 1264 1347 ἰη
1285 1320 1412 1348 tenera
1429 1319 1554 1348 aetate
1568 1311 1654 1363 jam
1674 1318 1759 1346 fer-

304 1367 445 1407 ribilis.
505 1364 615 1406 Satis
655 1362 859 1414 fideliter,
892 1365 978 1402 nisi
1014 1364 1127 1419 quod
1162 1375 1344 1419 quatuor
1371 1379 1518 1413 voceS,
1551 1379 1658 1419 quae
1687 1378 1758 1402 se·-

305 1432 497 1477 quuntur
527 1420 693 1460 tertiam
709 1449 718 1465 ,
750 1433 813 1457 me
838 1420 1086 1471 offendunt,
1118 1422 1298 1460 maxime
1332 1423 1431 1476 quia
1455 1435 1533 1461 nec
1555 1422 1598 1459 in
1623 1421 1759 1458 Grae-

303 1480 366 1518 cis
389 1478 608 1518 habentur.
641 1473 800 1528 (”Ομως
816 1476 1038 1529 Obsopoeus
1057 1488 1274 1531 acceperat
1294 1492 1370 1530 pro
1394 1475 1553 1531 ὁμοίως.
1584 1473 1759 1529 LEuM.)

303 1536 363 1573 Et
386 1548 513 1588 quare
540 1545 652 1571 unus
676 1530 804 1571 modo
836 1532 987 1570 similis
1018 1542 1081 1571 est
1105 1533 1236 1586 patri,
1271 1548 1357 1571 non
1390 1535 1516 1573 etiam
1540 1535 1643 1570 alter
1660 1533 1759 1584 pul-

303 1589 406 1631 lus?
437 1591 503 1628 An
524 1603 623 1629 vero
646 1586 857 1638 scribunt,
887 1587 997 1626 hane
1016 1589 1150 1628 fuisse
1173 1598 1365 1627 naturam
1390 1590 1695 1628 Centaurorum
1715 1596 1758 1626 et

305 1646 615 1693 diversitatem,
647 1652 777 1696 prout
806 1657 857 1682 ex
890 1644 1051 1697 equino
1084 1655 1156 1683 aut
1179 1644 1372 1683 muliebri
1400 1645 1527 1684 ubere
1548 1647 1758 1683 lactaren-

303 1701 406 1742 tur?
439 1700 574 1755 Quasi
595 1714 694 1739 vero
714 1699 758 1736 in
778 1699 1033 1738 lactantibus
1053 1701 1284 1740 etiamnum
1306 1700 1453 1740 bestiis
1473 1714 1666 1755 magnam
1693 1700 1758 1737 in-

305 1758 414 1797 dolis
439 1767 481 1797 et
500 1755 684 1796 feritatis
715 1754 1000 1795 differentiam
1028 1756 1259 1795 videamus.
1320 1756 1455 1796 Immo
1489 1757 1585 1810 quis
1607 1756 1679 1796 ille
1700 1770 1757 1795 ex

303 1813 473 1854 duobus
494 1822 556 1854 est
572 1808 809 1866 ἀγριώτερος
825 1813 891 1853 καὶ
912 1810 1217 1865 φοβερώτερος;
1246 1813 1445 1852 Profecto
1465 1827 1602 1852 merae
1617 1812 1759 1850 absur-

305 1870 484 1918 ditates,
515 1877 556 1909 et
577 1869 726 1907 misere
750 1866 1003 1921 depravatus
1028 1879 1090 1907 est
1108 1869 1180 1907 hic
1200 1873 1335 1908 locus.
1394 1869 1503 1908 Nam
1523 1882 1576 1908 ne
1597 1868 1760 1907 Graeca

305 1925 477 1981 quidem
495 1925 609 1964 bona
636 1933 747 1965 sunt.
807 1923 916 1976 Quis
947 1923 1058 1964 enim
1085 1924 1191 1963 dicit
1209 1924 1253 1967 τὸ
1277 1923 1443 1978 νεογνὸν
1461 1923 1506 1966 τὸ
1522 1927 1568 1966 ἓν
1587 1929 1666 1965 τῶν
1686 1941 1757 1976 νη-

301 1985 431 2034 πίων,·
464 1996 549 2037 quo
573 1980 787 2035 geminum
808 1980 926 2019 illum
949 1980 1207 2019 articulum?
1238 1990 1281 2020 et
1301 1994 1374 2019 cur
1395 1995 1481 2020 non
1501 1978 1756 2019 tantummo-

304 2041 360 2082 do
385 2038 430 2082 τὸ
458 2041 504 2082 ἓν
529 2041 609 2080 τῶν
633 2038 812 2090 νηπίων,
844 2040 912 2076 vel
929 2034 973 2078 τὸ
988 2038 1034 2077 ἓν
1053 2041 1132 2077 τῶν
1148 2042 1344 2092 νεογνῶνς
1390 2036 1508 2091 Quin
1533 2036 1659 2076 etiam
1683 2050 1756 2075 cur

301 2112 393 2138 non
423 2095 542 2135 addit
569 2093 837 2133 manifestius
872 2092 1175 2143 differentiam,
1207 2103 1256 2131 ut
1280 2101 1499 2146 appareat,
1534 2106 1657 2146 quam
1683 2091 1756 2131 hic

302 2155 362 2193 sit
385 2168 438 2194 ex
461 2161 579 2206 patre
608 2148 768 2205 ἄγριος,
800 2151 903 2188 alter
932 2148 989 2187 sit
1018 2149 1153 2187 instar
1183 2150 1324 2188 matris
1351 2159 1424 2188 aut
1453 2152 1648 2198 καλλίων,
1681 2157 1755 2186 aut

300 2209 483 2250 mitior?
514 2209 582 2247 En
604 2207 736 2261 igitur
758 2205 1030 2245 necessariam
1053 2214 1094 2243 et
1111 2206 1320 2260 egregiam
1342 2206 1678 2256 restitutionem,
1708 2203 1754 2246 τό

300 2263 467 2321 νεογνὸν
485 2264 539 2315 δὲ,
561 2261 603 2305 τό
623 2265 664 2305 ἐν
682 2267 739 2319 τῷ
758 2263 888 2314 νηπίῳ
909 2259 1017 2314 ὅμως
1039 2257 1181 2316 ἄγριον
1204 2263 1270 2303 καὶ
1289 2264 1330 2303 ἐν
1347 2266 1404 2318 τῷ
1425 2259 1563 2319 ἁπαλῷ
1579 2261 1655 2314 ἤδη
1679 2277 1754 2311 φο-

299 2321 440 2377 βερόν·
472 2335 551 2360 nec
581 2319 631 2359 de
661 2321 793 2358 altero
830 2318 1068 2367 infantum,
1102 2317 1173 2357 sed
1203 2329 1387 2371 utroque
1418 2318 1582 2370 accipe,
1612 2316 1754 2356 For-ius

302 2390 428 2418 autem
446 2377 574 2417 adhuc
589 2378 631 2415 in
654 2376 856 2414 tenerrima
878 2383 1001 2413 aetate
1021 2385 1147 2413 tamen
1155 2374 1275 2430 firus
1292 2385 1327 2412 ct
1344 2376 1384 2412 in
1402 2374 1515 2413 molli
1527 2377 1612 2427 jam
1631 2374 1754 2410 terrim

304 2435 408 2475 hilis.
446 2431 618 2473 Deinde
638 2440 778 2471 verte:
808 2431 858 2469 Et
877 2430 952 2470 lzoc
971 2430 1067 2469 mihi
1082 2434 1206 2470 visum
1225 2442 1279 2470 est
1297 2430 1558 2469 admiratione
1577 2428 1750 2481 dignum,

305 2492 383 2542 (ut
403 2492 609 2531 referatur
627 2486 679 2526 ad
699 2485 970 2540 praecedens,
1003 2486 1118 2540 quod
1140 2501 1355 2540 perperam
1371 2485 1601 2526 Benedictus
1620 2484 1752 2523 refert

305 2546 358 2585 ad
382 2548 587 2601 sequens)
606 2555 641 2584 et
661 2542 769 2600 quod
790 2542 1004 2583 admodum
1025 2543 1225 2596 pueriliter
1245 2552 1324 2584 etc.
1383 2544 1493 2584 Sane
1516 2540 1642 2580 etiam
1666 2542 1750 2579 tale

351 2705 391 2747 ’)
416 2707 536 2740 Immo
563 2706 777 2741 terminatio
807 2705 1027 2751 imperativi.
1085 2706 1190 2740 Adde
1216 2706 1354 2738 Homer.
1381 2702 1487 2736 Iliad.
1521 2703 1572 2746 Θ,
1604 2710 1680 2746 517.
1712 2706 1752 2735 et

397 2759 460 2794 521
475 2777 486 2796 ,
510 2752 679 2799 aliaque,
705 2765 799 2800 quae
819 2753 951 2788 deinde
972 2751 1066 2787 dedi.
1113 2753 1250 2786 Rau-z.
1270 2752 1306 2783 iu
1321 2751 1483 2787 Adde-nd.
1502 2758 1535 2782 et
1559 2749 1691 2793 Corrig.
