1834 3188
266 182 366 228 706
626 185 1378 218 ADNO‘rA‘ronEs

268 286 488 333 Vr'rruxssss
552 288 779 339 Vin-ingoni
803 293 845 323 et
868 282 1041 323 Jensium
1068 292 1181 323 recte
1208 291 1358 323 contra
1374 281 1611 324 Marcilium
1632 296 1732 323 sen·-

268 351 371 400 tire‚
401 347 439 386 si
470 344 575 400 quid
605 341 862 398 probatione
892 339 1082 396 indiget,
1115 339 1213 379 vide
1243 353 1320 379 nos
1349 338 1401 379 ad
1423 346 1461 384 1.
1491 339 1589 380 Ver.
1613 337 1752 380 Hiar.v

270 421 305 447 c,
326 412 365 451 3.
397 404 561 442 Rssrrz.
1512 421 1514 423 >

380 459 483 500 Ead.
505 462 532 498 1.
557 463 620 501 12.
646 453 714 507 Ἐν
741 459 791 511 τῇ
818 456 982 510 σφαγῇ)
1011 453 1149 492 Probe
1179 463 1403 493 monuerat
1422 452 1640 494 Hemsierh.
1661 453 1734 490 vi·-

270 517 455 560 dendum
486 515 629 554 Duker.
664 513 715 552 ad
740 511 914 566 Thucyd-
935 511 1012 561 IV,
1039 515 1106 553 48.
1167 512 1209 549 Is
1239 511 1373 565 igitur
1401 508 1562 564 σφαγὴν
1587 518 1630 549 et
1660 508 1734 548 hic

261 573 444 632 jugulum
471 570 734 625 significare,
767 582 898 623 aeque
928 582 976 606 ac
1004 566 1115 619 apud
1147 567 1323 621 Thu-cycl.
1346 570 1372 605 l.
1396 581 1430 607 c,
1454 565 1647 619 pluribus
1665 575 1736 604 te-

268 620 483 673 stimoniis
505 627 681 681 probat,
712 625 823 664 inter
849 638 956 677 quae
977 624 1133 662 eminet
1157 624 1263 661 illud
1288 623 1496 663 Plutarchi
1515 621 1637 662 Galb.
1660 619 1736 674 τὴν

272 684 432 741 σφαγῂν
460 682 690 734 προτείνας,
725 685 862 732 δρᾶτε,
896 679 991 723 εἷπε.
1054 678 1180 732 Quod
1209 680 1313 718 Suet.
1352 680 1475 719 Galb.
1509 684 1576 722 20.
1609 676 1732 729 dicit,

272 744 456 786 obz'ulisse
473 740 576 780 ultro
598 737 794 794 jugulum.
853 739 963 776 Tum
985 750 1122 790 neque
1142 736 1316 775 Luciani
1336 736 1462 775 verba
1481 738 1569 774 sola
1597 733 1738 772 addu-

271 810 418 845 xeram
453 798 524 837 sed
546 806 587 837 et
609 811 680 846 ea,
714 808 822 848 quae
845 802 944 832 mox
968 808 1059 847 cap.
1081 796 1240 845 penult.
1265 803 1523 846 sequuntur,
1553 788 1740 833 ἀποσπά-

274 875 347 906 σας
375 857 415 898 δὲ
434 858 504 906 τῆς
525 859 706 907 σφαγῆς,
736 853 803 892 καὶ
834 855 908 893 τοῦ
923 850 1148 903 τραύματος
1178 848 1315 899 ἐξελών
1347 846 1390 890 τὸ
1420 851 1559 900 ξίφος·
1591 845 1739 900 (quod.

274 915 427 955 Erasm.
451 911 513 950 ibi
531 920 645 950 recte
675 917 877 957 verterat,
909 905 1045 946 avulso
1072 908 1191 958 igilur
1212 922 1297 945 ense
1327 922 1346 944 e
1363 905 1531 960 jugulo)
1551 917 1629 942 nec
1647 917 1737 942 non

274 971 443 1011 Phalar.
467 970 498 1008 I.
524 982 558 1006 c.
583 970 623 1010 5.
654 970 803 1019 μᾶλλον
827 964 866 1005 δὲ
895 962 1051 1018 γυμνὴν
1075 962 1152 1015 ἤδη
1176 961 1334 1016 ὑπέχειν
1353 960 1427 1015 τὴν
1449 959 1632 1016 σφαγὴν,
1662 958 1741 999 ubi

279 1027 448 1068 Gronov.
466 1033 579 1063 recte
601 1020 875 1075 reprehendit
897 1021 1192 1073 interpretem,
1220 1020 1293 1071 qui
1313 1019 1440 1068 haec,
1474 1018 1621 1057 nuclam
1643 1033 1742 1055 cuc-

279 1085 365 1123 clem
383 1083 588 1125 sustinere,
622 1078 849 1119 convertit.
909 1075 994 1117 Sed
1017 1075 1100 1116 vid.
1127 1089 1233 1126 quae
1253 1074 1312 1113 ibi
1330 1085 1448 1114 noto.
1491 1073 1612 1113 Adde
1629 1073 1740 1113 Focs.

279 1142 324 1179 in
353 1138 514 1178 Oecon.
536 1137 744 1188 Hippocr.
765 1133 840 1172 ubi
859 1131 1016 1187 σφαγὰς
1033 1147 1086 1172 ex
1109 1132 1303 1185 PIippocr.
1329 1131 1440 1170 libro
1465 1132 1556 1183 περὶ
1574 1126 1742 1178 ἆδένων,

278 1212 396 1237 venos
410 1192 612 1249 jugulares
629 1205 718 1229 esse
741 1199 854 1229 recte
877 1189 1014 1238 docet,
1048 1199 1088 1228 et
1110 1187 1270 1243 σφαγὴν
1283 1187 1464 1241 jugulum
1486 1185 1743 1242 significare,

281 1268 335 1293 ex
357 1249 524 1292 Polluce
544 1248 700 1297 tradit3
732 1245 912 1301 ideoque
936 1245 980 1283 id
1005 1246 1194 1284 versioni
1227 1245 1400 1296 inserui.
1431 1245 1592 1285 Rmrz.
1651 1243 1746 1281 Pla-

281 1324 336 1349 ne
367 1307 544 1346 dubium
574 1319 658 1342 non
696 1313 780 1353 est,
813 1301 975 1357 σφαγὴν
1002 1317 1092 1341 esse
1125 1303 1346 1355 jugulum,
1378 1300 1509 1354 idque
1538 1314 1560 1339 e
1581 1299 1747 1340 Polluce

281 1369 363 1420 jam
389 1363 633 1404 Camerarius
656 1359 706 1398 de
728 1360 918 1413 partibus
942 1373 1056 1411 corp.
1081 1358 1195 1397 hum.
1220 1365 1260 1396 et
1273 1357 1435 1397 Lexica
1459 1356 1650 1411 vulgaria
1673 1354 1748 1394 ob-

284 1429 520 1462 servarunt.
567 1417 645 1457 Sed
669 1431 890 1470 posueram
910 1416 954 1453 in
980 1413 1358 1468 interpretatione,
1387 1413 1569 1468 gladium
1589 1415 1632 1452 in
1651 1427 1749 1451 cae-

286 1478 334 1518 tle
363 1476 526 1532 reliqui,
575 1489 660 1512 non
696 1472 823 1512 modo
858 1473 924 1511 uti
958 1473 1262 1525 proprietatem
1292 1470 1411 1510 vocis
1443 1469 1745 1523 exprimerem;

285 1550 384 1573 nam
403 1533 500 1572 ideo
519 1534 670 1570 lacuna
693 1530 767 1568 illa
799 1529 913 1567 inter
933 1532 1083 1579 κλεῖδα,
1115 1543 1146 1567 s.
1169 1531 1340 1581 jugulos
1372 1527 1592 1580 interjecta
1614 1521 1750 1579 σφαγὴ

284 1600 490 1637 vocatur,
526 1585 641 1639 quod
667 1589 786 1625 locus
811 1586 885 1624 ille
915 1584 966 1622 ad
989 1584 1204 1623 mactanda
1232 1598 1362 1636 parva
1384 1583 1427 1622 vi
1451 1581 1649 1621 animalia
1673 1595 1751 1633 op-

287 1655 500 1700 portunus
524 1653 606 1682 est:
641 1642 712 1681 sed
746 1641 871 1680 etiam
905 1640 1019 1694 quod
1049 1640 1382 1680 obversabantur
1405 1638 1629 1678 memoriae
1649 1642 1751 1690 poe-

288 1713 357 1742 tae
381 1701 531 1749 verba,
563 1713 670 1752 quae
689 1701 768 1751 jam
796 1712 993 1752 quaerere
1018 1711 1105 1736 non
1129 1705 1272 1743 vacat,
1299 1695 1557 1749 gladiumque
1575 1696 1615 1733 in
1636 1692 1752 1733 caede

289 1759 458 1815 reliquit.
501 1755 663 1796 Confer
683 1769 791 1808 quae
812 1768 910 1792 mox
935 1753 1130 1792 dicentur
1154 1752 1203 1791 ad
1229 1752 1396 1791 Phalar.
1421 1752 1456 1792 I.
1481 1756 1518 1800 0.
1539 1754 1578 1796 5.
1612 1750 1750 1791 GEsN.

406 1815 507 1868 Pag·
522 1816 615 1857 355.
640 1814 719 1854 Lss.
746 1808 758 1823 Γ
771 1808 911 1865 Τμεῖς)
944 1809 1208 1863 Quamquam
1224 1808 1400 1848 Parisina
1420 1807 1604 1848 habebat
1619 1804 1748 1861 ἡμεῖς,

293 1874 337 1912 in
356 1871 555 1912 versione
579 1879 717 1907 tamen
740 1877 853 1906 recte
876 1876 1139 1920 expresserat
1158 1881 1238 1905 vos.
1278 1866 1444 1907 mez.

406 1926 507 1968 Eud.
527 1929 554 1965 1.
578 1931 615 1968 6.
648 1925 773 1966 Μέλει
797 1924 838 1965 δέ
867 1937 932 1965 σοι
956 1929 1043 1972 πῶς
1075 1919 1327 1975 ἆπέθανενς)
1358 1922 1458 1961 Non
1479 1921 1541 1960 ita
1563 1923 1749 1975 populus

291 1988 528 2032 Romanus,
563 1981 613 2021 de
637 1995 721 2032 quo
746 1979 826 2020 Cic.
846 1980 963 2020 Fam.
985 1984 1024 2030 9,
1048 1985 1110 2022 10.
1139 1981 1193 2018 Te
1209 1979 1283 2018 lzoc
1303 1981 1400 2019 scire
1412 1977 1515 2028 volo,
1547 1979 1753 2018 vehemen—

291 2054 349 2083 τεν
374 2040 564 2096 populum
582 2037 779 2078 solicitum
793 2037 928 2092 fuisse
958 2036 1004 2075 de
1023 2037 1069 2077 P.
1101 2035 1238 2076 Sullae
1257 2047 1396 2085 morie,
1430 2047 1639 2090 antequam
1660 2052 1753 2074 cer-

292 2111 375 2139 tum
405 2100 547 2137 scierit.
605 2094 722 2133 Nunc
750 2110 930 2147 quaerere
957 2093 1167 2142 desierunt,
1199 2092 1394 2147 quomodo
1410 2094 1580 2146 perierit.
1642 2091 1753 2132 Satis

292 2166 433 2211 putant
454 2172 492 2193 se
511 2154 631 2200 scire,
663 2151 769 2205 quocl
787 2153 927 2189 sciunt.
960 2150 1095 2191 GESN.

409 2210 513 2250 Eacl.
533 2212 558 2250 l.
581 2212 620 2250 9.
661 2206 718 2249 Τὰ
738 2207 777 2249 δὲ
796 2206 860 2248 διὰ
879 2207 1028 2260 μέσου)
1059 2207 1124 2245 Ita
1146 2207 1230 2246 Ms.
1255 2206 1362 2259 Reg.
1383 2209 1508 2250 3011.
1564 2205 1616 2244 In
1639 2203 1750 2245 Edd.

295 2270 337 2310 δὲ
355 2267 575 2321 legebatur
603 2273 700 2314 post
725 2265 860 2316 μέσου.
891 2263 986 2302 Bm.
1047 2264 1147 2302 Non
1174 2277 1279 2315 opus
1300 2271 1388 2301 erat
1409 2261 1488 2301 hac
1511 2261 1754 2315 transposi-

295 2325 439 2373 tione,
471 2336 577 2377 quae
598 2320 740 2360 Belino
770 2319 896 2360 etiam
917 2320 960 2358 in
984 2319 1277 2375 superioribus
1298 2332 1606 2373 nonnunquam
1625 2318 1754 2356 nimis

298 2379 455 2420 arrisit.
487 2380 644 2419 LnnM.
1454 2388 1456 2390 ’
1736 2386 1738 2389 ·

410 2437 512 2490 Pag.
534 2439 631 2479 336.
654 2437 681 2476 l.
705 2437 743 2477 2.
772 2429 902 2475 Ἐνδεῖ
916 2436 981 2483 τι)
1019 2438 1066 2474 Ta
1095 2434 1139 2471 in
1160 2431 1272 2472 Edd.
1305 2431 1531 2482 deficiens,
1563 2430 1754 2486 reposui-

300 2508 391 2533 mus
411 2508 466 2533 ex
487 2492 572 2531 Ms.
590 2491 695 2545 Reg.
721 2493 845 2535 2954.
887 2490 982 2531 Bm,

412 2548 516 2589 Εαιῖ.
535 2551 565 2587 1.
591 2552 632 2591 9.
669 2552 823 2598 Ταῦτα,
855 2549 890 2590 εἰ
909 2547 1002 2598 καὶ)
1033 2546 1119 2586 Ηὶο
1151 2545 1268 2586 deest
1295 2544 1470 2586 verbum
1500 2548 1641 2594 τελεῖν,
1680 2553 1755 2583 aut

299 2606 438 2646 simile
461 2604 579 2657 quid.
612 2604 788 2643 GUYET.

414 2660 519 2701 md.
537 2659 618 2702 ’Ἐκ
640 2661 708 2716 γε)
740 2661 811 2702 Sic
828 2661 873 2703 P.
900 2660 945 2700 in
967 2659 1142 2716 reliquis
1165 2668 1228 2699 est
1245 2661 1289 2702 ἐκ
1309 2676 1360 2703 τε.
1393 2659 1561 2699 sonim.

415 2717 555 2757 Ead.1.
571 2723 635 2761 10.
663 2716 937 2766 Καταστάντα)
956 2721 1023 2757 An
1042 2717 1322 2769 παραστάντα,-
1349 2716 1525 2756 Gvrnr.
1570 2713 1752 2768 Accipio
