1834 3188
228 211 329 260 540
482 203 1334 257 ''ADNo'rA'r10an

227 338 317 364 non
338 337 482 363 norma
500 323 777 376 simpliciter,
807 321 879 362 sed
906 336 958 361 ex
979 319 1190 375 adjunctis
1221 319 1271 361 de
1291 330 1430 361 vetere
1452 321 1611 362 cariosa
1641 331 1683 363 et

226 395 354 434 prava
376 380 716 435 intelligendum.
749 380 917 418 SOLAN.

339 437 438 478 Emi.
457 440 486 475 1.
507 441 544 480 7.
574 439 858 491 Αἷρεῖσθαι
886 457 943 465 --
972 432 1214 489 φεύγειν]
1255 435 1335 473 Per
1352 449 1395 474 se
1417 433 1589 488 quidem
1612 434 1682 475 be-

225 508 280 533 ne
302 507 345 532 se
366 493 494 533 habet
524 492 627 532 haec
660 492 908 542 distinctio,
954 490 1027 531 sed
1056 491 1130 546 qui
1157 490 1209 530 ad
1231 489 1482 545 disciplinas
1503 501 1546 531 et
1571 500 1683 531 artes

224 565 317 592 eam
337 550 616 598 transferant,
649 559 698 587 ut
716 549 788 588 hic
806 548 1053 598 Lucianus‚
1085 561 1155 587 eos
1178 562 1323 601 parum
1348 546 1565 599 commode
1588 547 1683 589 sivo

226 605 420 646 dividere
452 607 543 645 sive
565 605 714 658 partiri
741 605 954 645 existimo.
1015 604 1131 644 Fieri
1151 605 1262 644 enim
1298 605 1373 643 vix
1405 613 1569 657 potest,
1608 614 1679 655 ut,

225 662 306 702 hac
327 662 563 715 partitione
583 661 729 715 scripti
749 661 951 712 admissa,
994 676 1137 701 omnes
1167 661 1446 714 repetitiones
1481 660 1679 701 vitemus.

222 719 446 758 Lucianus
469 728 580 758 certe
604 733 669 757 eas
692 717 806 757 haud
828 719 1007 768 vitavit,
1049 716 1165 772 quod
1189 727 1327 757 tamen
1356 717 1482 757 facile
1510 717 1683 771 potuis-

223 785 310 826 set,
343 775 378 814 si
398 775 534 832 logici
555 775 754 824 canonis,
789 777 908 828 cujus
930 775 1043 814 infra
1064 790 1097 816 e.
1119 780 1187 819 32-
1207 774 1425 822 meminit,
1458 773 1505 812 in
1527 772 1684 813 descri-

223 830 366 870 bendo
400 846 525 884 opere
552 832 760 871 rationem
785 831 939 872 habere
972 832 1193 876 voluisset,
1229 831 1350 871 Run.
1405 829 1527 870 Idem
1555 830 1684 870 etiam

228 887 477 928 Wielandius
498 887 738 928 observavit
764 889 808 926 in
831 889 979 928 limine
1001 888 1213 928 versionis
1241 888 1368 942 hujus
1390 886 1543 928 libelli.
1601 884 1684 927 Sed

223 943 530 997 dispositiones
552 944 755 984 librorum
775 946 1095 985 Lucianeorum
1125 960 1212 985 non
1236 955 1334 985 sunt
1364 959 1508 984 omnes
1538 943 1685 983 stricte

222 1000 274 1038 ad
296 1001 561 1056 Logicorum
584 1011 905 1055 praeceptorum
935 1016 1125 1041 normam
1147 1001 1397 1057 exigendae.
1456 1000 1575 1039 Alibi
1602 1014 1683 1053 po-

222 1056 309 1095 tius
335 1058 556 1110 scriptoris
578 1058 714 1096 nostri
739 1059 919 1098 virtutes
939 1057 1216 1112 quaerendae.
1247 1059 1406 1100 LmrM.

333 1113 479 1154 Eadd.
506 1119 571 1157 16.
605 1113 772 1156 Κοινὰ
803 1113 902 1169 γὰρ
937 1140 985 1144 ⁸-
1020 1112 1267 1170 ἁρμονίᾳ]
1299 1116 1480 1167 Interpr.
1506 1111 1684 1153 Commu-

219 1172 289 1209 nia
310 1172 431 1220 enim,
464 1170 571 1224 quod
590 1170 704 1220 dixi,
736 1174 862 1211 omnis
885 1174 1075 1212 orationis
1089 1174 1188 1210 vitia
1206 1183 1295 1211 sunt
1311 1175 1353 1211 in
1371 1171 1507 1224 lingua
1523 1180 1558 1208 et
1579 1184 1685 1208 com.-

217 1229 424 1281 positione.
457 1226 584 1266 immo
608 1227 893 1268 reddendum:
922 1231 1020 1268 vitia
1042 1230 1143 1268 enim
1165 1231 1204 1267 irz
1225 1227 1361 1282 lingua
1378 1239 1413 1266 et
1434 1227 1683 1280 compositio-

220 1301 268 1323 ne
289 1286 459 1323 omnium
485 1286 708 1324 orationum
736 1295 826 1323 sunt
856 1288 1092 1325 communia.
1151 1285 1265 1324 Num
1297 1283 1505 1337 intelligit
1531 1285 1685 1323 elocu—

221 1341 408 1390 tionem,
441 1354 494 1379 an
526 1355 648 1379 usum
678 1343 925 1381 vocularum
955 1352 997 1381 et
1019 1340 1410 1396 compositionem?
1443 1338 1684 1379 Putaverim

219 1396 447 1449 posterius.
479 1398 599 1436 Run.
659 1397 888 1450 Suspectus
919 1398 1025 1437 mihi
1047 1409 1110 1438 est
1142 1397 1237 1437 finis
1272 1396 1459 1451 ejusdem
1482 1398 1590 1447 (6.)
1611 1409 1686 1434 ca-

219 1453 346 1506 pitiS‚
382 1452 501 1495 κοινὰ
519 1453 595 1509 γὰρ
625 1477 681 1485 —-
711 1451 897 1512 ἁρμονίᾳ.
930 1470 1026 1493 nam
1047 1469 1247 1510 perquam
1280 1453 1439 1508 frigida
1466 1461 1529 1494 est
1557 1466 1688 1505 repe-

218 1510 348 1556 titio,
380 1519 422 1550 et
444 1525 492 1550 ea
523 1509 696 1563 quidem
729 1510 889 1550 fluxum
919 1511 1130 1550 orationis
1159 1510 1420 1565 impediens,
1454 1523 1585 1566 quae,
1616 1508 1685 1547 his

221 1565 403 1616 omissis,
435 1566 586 1607 melius
606 1576 647 1606 et
666 1567 929 1607 commodius
949 1568 1156 1621 procedit.
1218 1566 1400 1607 Videtur
1419 1576 1560 1606 autem
1579 1565 1686 1604 haec

218 1622 409 1661 Luciani
432 1622 673 1662 observatio
696 1623 739 1661 in
763 1624 978 1678 margine,
1009 1623 1237 1664 memoriae
1258 1638 1404 1673 causa,
1446 1623 1610 1676 posita,
1643 1630 1687 1661 et

219 1687 370 1731 postea
403 1678 449 1717 in
476 1688 640 1719 textum
668 1679 785 1719 illata
814 1681 971 1732 fuisse,
1011 1680 1170 1719 additis
1201 1680 1367 1721 voculis
1396 1678 1684 1719 connexionis

220 1745 265 1774 et
296 1735 613 1786 excusationis,
655 1734 754 1791 γὰρ,
797 1734 851 1786 ὥς
870 1738 984 1790 ἔφην,
1044 1738 1169 1776 IDEM
1201 1737 1247 1775 in
1273 1737 1459 1776 Praefat.
1486 1749 1581 1790 pag.
1606 1734 1683 1774 VI.

219 1791 317 1830 Hoc
338 1791 547 1846 Rudolplzi
564 1790 798 1846 judicium,
832 1796 953 1846 cujus
983 1794 1235 1848 elegantiam
1266 1792 1413 1831 laudat
1436 1792 1597 1832 Censor
1623 1791 1687 1830 Je-

219 1851 367 1898 nensis‚
401 1849 461 1887 ita
481 1858 652 1889 secutus
678 1859 743 1888 est
763 1849 1053 1900 Schmiederus,
1085 1859 1134 1888 ut
1155 1849 1319 1900 verbis,
1351 1848 1403 1889 de
1424 1847 1577 1901 quibus
1598 1848 1688 1902 agi-

218 1914 308 1954 tur,
340 1904 599 1958 suspicionis
619 1915 764 1945 notam
782 1907 1056 1960 impresserit.
1095 1906 1214 1945 Mihi
1231 1920 1349 1945 secus
1367 1905 1552 1945 videtur.
1590 1905 1687 1945 Du-

219 1961 373 2013 plicem
393 1961 559 2002 scilicet
575 1976 788 2011 caussam,
820 1978 896 2003 cur
915 1963 1155 2002 communia
1175 1962 1258 2001 ista
1280 1961 1478 2001 omnibus
1497 1959 1686 2000 scriben-

221 2016 265 2054 di
294 2017 521 2071 generibus
544 2019 651 2057 vitia
673 2034 788 2059 nunc
809 2019 1081 2073 praemittere
1109 2018 1396 2068 constituerit,
1420 2017 1566 2056 attulit
1587 2031 1686 2056 auc-

220 2083 310 2112 tor:
342 2074 518 2127 primam
538 2073 671 2126 hanc,
696 2074 812 2130 quod
844 2079 1020 2131 longum
1045 2076 1159 2114 foret
1182 2074 1349 2130 singula
1372 2072 1594 2128 persequi;
1626 2076 1685 2112 al-

219 2139 374 2181 teram,
410 2131 510 2184 quia
533 2131 718 2171 alienum
743 2131 788 2171 id
815 2133 928 2171 foret
946 2131 996 2170 ab
1029 2131 1232 2170 instituto
1266 2130 1489 2185 praesenti.
1552 2129 1684 2185 Quod

219 2187 433 2238 posterius
451 2196 500 2226 ut
518 2190 783 2239 explanetur,
804 2187 926 2227 addit
948 2197 1096 2228 auctor
1114 2187 1363 2228 brevissime
1384 2196 1427 2227 et
1448 2187 1570 2240 quasi
1588 2201 1685 2241 par-

222 2242 436 2283 enthetica
462 2245 676 2284 celeritate
709 2244 857 2293 verba,
893 2258 1000 2298 quae
1025 2254 1284 2297 sequuntur:
1325 2243 1444 2287 κοινὰ
1464 2241 1538 2297 γὰρ
1564 2242 1683 2299 (Cur

222 2296 298 2341 οὐκ
327 2302 487 2351 ἴδιον,·
520 2300 665 2352 quaeri
685 2301 848 2354 possit;
883 2300 1180 2354 respondetur,
1209 2300 1357 2344 κοινοὶ
1386 2302 1482 2355 γὰρ)
1505 2299 1558 2349 ὥς
1577 2302 1682 2352 ἔφην

221 2364 300 2394 etc.
319 2355 348 2394 i.
371 2372 405 2397 e.
419 2367 577 2410 propter
594 2360 721 2410 ipsum
741 2357 866 2404 illud,
897 2358 1005 2412 quocl
1031 2358 1150 2398 modo
1176 2358 1290 2408 ‹liar-i,
1330 2357 1438 2413 qnod
1459 2358 1683 2397 communia

220 2423 309 2450 sunt
326 2416 423 2453 vitia
443 2416 520 2452 ista
537 2416 578 2452 in
596 2413 731 2466 lingua
762 2425 796 2452 et
819 2417 1098 2468 compositione
1116 2415 1294 2454 omnihus
1313 2417 1503 2454 orationis
1521 2415 1683 2468 generi—-

224 2466 317 2519 ὅπως
343 2481 501 2524 propter
519 2469 707 2523 idipsum
728 2473 896 2510 recensio
916 2487 1047 2511 eorum
1063 2488 1140 2512 non
1164 2473 1325 2525 propria
1357 2480 1412 2509 est
1441 2473 1543 2524 ejus,
1575 2469 1683 2524 qnod

223 2539 326 2563 nunc
348 2542 444 2578 ago,
477 2529 706 2579 argumenti.
766 2527 838 2566 Sic
858 2537 1000 2579 patet,
1035 2528 1161 2568 verba
1184 2528 1259 2566 illa
1290 2526 1452 2579 adjecta
1473 2539 1560 2565 non
1590 2539 1681 2566 esse

213 2578 419 2634 fmlgiclam
450 2584 732 2636 repetitionem,
765 2583 852 2622 imo
888 2598 988 2624 vero
1023 2599 1193 2640 gravem
1223 2582 1410 2636 ejusdem·
1439 2581 1523 2632 rei,
1557 2597 1681 2637 quam

226 2634 352 2675 modo
374 2639 584 2692 tetigerat,
615 2640 944 2690 revocationem,
978 2655 1112 2695 eoque
1131 2641 1243 2680 illam
1259 2637 1491 2694 graviorem
1509 2671 1520 2688 ‚
1552 2653 1682 2692 quum

228 2689 376 2731 iisdem
402 2695 528 2734 etiam
553 2696 693 2736 verbis
711 2696 799 2736 fiat.
858 2698 980 2735 Patet
1000 2711 1102 2737 vero
1136 2697 1285 2744 etiam,
1304 2697 1473 2748 fluxum
1494 2698 1683 2735 orationis

229 2748 497 2800 procedentis
532 2752 708 2793 minime
736 2752 802 2793 his
833 2753 973 2794 verbis
1004 2752 1227 2805 impediri,
1275 2765 1401 2806 quum
1429 2751 1631 2805 periodus
1659 2766 1684 2792 a
