1834 3188
373 183 423 211 m
461 181 699 219 Quonooo
737 179 970 210 uisronm
1007 182 1082 212 sur
1119 182 1317 215 coNseR.
1476 170 1580 217 567¹

114 281 268 321 vimus.
332 279 553 320 Caeterum
583 278 748 317 dixerat
781 279 964 330 Noster,
997 280 1108 320 inter
1138 281 1269 327 alios,
1303 296 1408 335 quos
1441 287 1574 322 malos

115 337 272 378 viderit
309 336 558 386 historicos,
589 336 744 384 fuisse,
785 336 857 389 qui
891 335 1068 384 nudam,
1108 337 1313 389 sterilem,
1347 349 1387 376 et
1420 339 1575 385 exilem¹

114 393 358 435 corrasisset
379 408 513 441 rerum
544 393 821 447 farraginem,
856 394 968 444 stylo
996 393 1201 446 pedestri,
1234 393 1352 432 humi
1364 406 1574 448 repente;

114 467 203 491 non
224 464 342 489 secus
366 464 489 503 quam
513 450 548 488 si
571 449 690 488 miles
712 448 896 502 quidam,
931 463 1036 502 quae
1054 451 1238 505 singulis
1261 451 1409 490 diebus
1429 466 1576 506 geran-

115 522 206 559 tur,
238 517 471 555 annotans,
503 520 548 545 ea
583 505 918 558 composuisset3
955 509 1021 546 vel
1055 507 1194 557 faber,
1226 510 1294 546 vel
1319 508 1407 546 lixa
1441 520 1573 546 castra

115 578 306 620 sequens.
363 563 454 601 Nisi
473 561 579 616 quod
600 561 686 616 (sic
708 573 849 611 verto,
882 577 987 616 quae
1008 578 1134 617 porro
1145 564 1305 603 Noster
1327 565 1415 616 ait)
1438 566 1576 604 melius

111 621 272 662 modum
305 630 441 658 teneret
474 619 582 658 rudis
607 617 675 657 ille
705 629 739 657 et
765 619 988 672 impolitus,
1020 623 1089 674 qui
1115 624 1268 670 statim,
1302 621 1433 676 qualis
1465 633 1572 670 esse,t

111 679 296 731 cognosci
310 686 450 729 posset,
481 678 622 730 quique
639 675 885 729 impendisset
903 676 1006 716 hunc
1022 677 1215 726 laborem,
1248 694 1331 716 eum
1354 677 1574 717 ornandum

113 736 277 774 daturus
307 733 381 771 alii
403 735 572 785 cuipiam
602 731 729 784 polito
749 747 798 771 ac
823 732 994 781 erudito,
1026 744 1061 771 et
1084 733 1139 771 ad
1168 734 1486 773 conscribendam
1506 735 1574 772 Izi-

110 793 275 832 storiam
293 793 390 828 satis
412 789 527 828 docio
549 791 644 827 viro
695 788 764 827 Sic
787 790 908 826 locus
932 789 1003 827 hic
1025 790 1352 860 intelligendus,
1385 805 1462 843 pro
1482 793 1574 828 vul-

112 858 212 903 gato
244 863 482 897 πεπονηκως
508 859 559 884 ex
595 843 752 883 (ῗιαευίἰ
779 845 872 885 MS.
907 845 1229 898 προπεπονηκώς
1259 850 1395 896 lecto,
1441 846 1571 886 verbo

110 904 214 943 huic
243 906 271 941 l.
298 911 343 940 ut
371 911 484 940 recte
514 901 579 938 vir
607 903 657 941 cl.
679 900 864 955 judicat,
900 903 1216 942 convenientis
1216 903 1324 943 juno.
1386 903 1572 942 Verbum

106 959 320 1015 προπονὲω
330 957 469 995 habet
493 956 662 1010 quidem
686 957 742 998 H
761 957 994 1012 Stephanus,
1017 974 1168 1012 nempe
1191 960 1233 997 in
1256 959 1466 998 Thesauri
1486 960 1572 1011 Ap-

106 1016 312 1080 pendicej
346 1014 418 1053 sed
449 1014 591 1068 qualia
614 1013 676 1052 ibi
704 1018 859 1065 multa,
893 1018 1006 1054 nulla
1040 1015 1297 1056 auctoritate
1314 1015 1571 1055 subnixum:

105 1071 222 1129 quod
243 1072 420 1121 mirum,
453 1086 546 1110 cum
569 1085 655 1110 non
678 1070 807 1110 modo
825 1071 935 1111 ,hic
924 1085 967 1110 ιη
981 1073 1077 1112 MS.
1099 1087 1245 1112 verum
1270 1073 1397 1112 etiam
1423 1081 1573 1126 quater

107 1130 211 1169 alibi
233 1129 437 1168 Lucianus
460 1127 503 1165 id
527 1137 722 1180 usurpet:
755 1129 954 1167 nimirum
981 1129 1025 1167 in
1057 1128 1190 1168 Vitar.
1211 1129 1427 1168 Auctione
1452 1143 1485 1167 c
1503 1134 1570 1171 23.

106 1188 151 1225 iu
174 1185 225 1225 de
246 1184 492 1237 Gymnasiis
516 1199 548 1225 c.
561 1189 599 1227 9.
621 1194 662 1222 et
681 1189 748 1228 26.
770 1185 800 1223 f.
822 1199 869 1224 ac
891 1185 933 1223 in
956 1185 1194 1225 Rhetorum
1215 1185 1454 1238 praeceptis
1480 1199 1514 1223 c.
1527 1191 1568 1228 3.

105 1245 205 1282 Huc
226 1241 413 1294 pertinet
435 1239 655 1296 πρόπονος,
686 1241 800 1295 quod
824 1241 874 1279 ab
889 1241 996 1295 Hes)
991 1242 1085 1282 chio
1109 1243 1344 1296 exponitur
1365 1239 1569 1296 εὖκρατής,

104 1297 314 1351 εὔφημος,
347 1296 580 1351 πρόχειρος,
611 1298 786 1366 ἕτοιμος,
820 1295 1118 1350 ἀνεμπόδιστος
1179 1297 1265 1340 Sed
1284 1312 1500 1351 perperam
1523 1299 1569 1335 in

103 1357 211 1410 Hesy
215 1356 301 1395 chio
327 1354 525 1392 scribitur
546 1352 744 1413 πρόπωνα
766 1368 842 1407 pro
866 1355 1065 1410 πρόπονα
1098 1356 1223 1398 JENS.
1284 1355 1471 1393 Jensiana
1501 1369 1570 1392 ra-

103 1415 190 1462 tio,
222 1412 523 1465 Imperfectum
547 1413 602 1464 ἡν
624 1412 893 1464 explicandi,
925 1412 1036 1451 nihil
1061 1411 1210 1459 habet,
1245 1425 1330 1464 quo
1358 1425 1569 1449 commen-

102 1470 240 1510 detur.
305 1468 452 1521 Neque
483 1482 572 1507 eam
603 1468 888 1507 recentiorum
912 1469 1200 1522 Interpretum
1229 1471 1343 1507 ullus
1368 1477 1430 1505 est
1450 1482 1570 1506 secu-

101 1536 182 1565 tus.
241 1525 335 1564 Imo
358 1528 484 1577 plane
517 1524 753 1564 indicative
783 1523 886 1564 haec
916 1525 1042 1564 verba
1063 1523 1265 1564 sumenda
1291 1538 1400 1572 esse,
1429 1527 1494 1562 vel
1521 1523 1569 1560 il-

101 1583 198 1633 lud,
247 1581 363 1635 quod
395 1580 522 1619 modo
549 1581 799 1634 praecessit,
844 1580 1000 1636 γυμνὸν
1029 1582 1131 1620 satis
1164 1579 1365 1632 ostendit.
1438 1578 1567 1618 Nuda

102 1650 190 1678 erat
218 1641 307 1691 ejus
340 1637 551 1688 narratio,
596 1638 816 1691 omnisque
848 1648 1020 1677 ornatus
1048 1648 1222 1691 expers,
1256 1636 1314 1676 ita
1347 1646 1396 1675 ut
1424 1637 1566 1687 facile,

105 1695 241 1749 qualis
263 1703 392 1742 esset,
427 1694 601 1748 agnosci
626 1704 769 1746 posset
787 1704 934 1733 auctor
954 1694 1102 1733 idiota.
1134 1696 1289 1734 LEHM.

215 1750 319 1790 Emi.
341 1752 370 1788 l
392 1752 431 1793 5.
469 1754 593 1802 Χαριε
586 1751 686 1800 '‘v-n)
718 1750 788 1788 De
809 1750 900 1800 illo,
935 1751 1009 1804 qui
1029 1749 1169 1789 nudos
1191 1749 1292 1789 belli
1314 1748 1430 1789 illius
1457 1764 1568 1788 corn-

104 1808 334 1847 mentarios
366 1805 579 1852 ediderat,
610 1805 786 1859 perinde
814 1820 862 1845 ac
892 1807 928 1845 si
960 1816 1088 1845 nauta
1112 1815 1184 1844 aut
1210 1820 1347 1860 caupo
1370 1816 1568 1845 annotas

104 1875 191 1913 set,
226 1878 334 1919 quae
355 1862 397 1901 in
423 1863 570 1900 castris
603 1871 742 1901 essent
764 1872 906 1929 gesta:
939 1861 1043 1915 πλὴν
1072 1858 1170 1904 ἀλλὰ
1196 1861 1450 1920 μετριώτερός
1480 1880 1521 1916 γε
1546 1883 1564 1904 υ

105 1898 264 1973 ἰδιώτης
287 1920 401 1968 οὗτος
425 1912 499 1971 ἦν,
533 1917 654 1967 αυτὸς
681 1919 750 1973 μὲν
774 1915 918 1960 αὐτίκα
940 1922 1060 1972 δῆλος
1084 1918 1160 1971 ὠν,
1193 1917 1277 1967 οἶος
1297 1921 1370 1972 ἦν,
1403 1917 1504 1960 ἄλλο
1527 1920 1569 1961 δέ

103 1996 182 2019 τινι
207 1977 398 2030 χαριέντι,
430 1977 499 2016 καὶ
526 1977 786 2030 δυνησομένω
811 1977 991 2028 ἱστορίαν
1018 1977 1366 2029 μεταχειρίσασθαι
1393 1992 1568 2026 nervoru-

103 2053 160 2075 κω
167 2051 196 2083 ς.
256 2034 493 2083 interpres:
532 2033 577 2070 77
572 2049 677 2071 erum
707 2031 919 2071 modvctior
938 2044 991 2071 cst
1021 2032 1085 2072 lzic
1111 2035 1310 2086 privatus,
1342 2033 1410 2086 qui
1441 2032 1569 2086 qualis

103 2094 176 2139 sil,
208 2092 340 2128 statim
359 2091 561 2141 apparuit,
596 2100 711 2143 atque
732 2088 846 2127 alteri
867 2091 1063 2142 cuipiam,
1096 2091 1164 2143 qui
1184 2091 1234 2127 sit
1256 2100 1415 2155 gratus,
1446 2100 1480 2127 et
1500 2090 1570 2129 Izi-

102 2149 263 2186 sion-iam
285 2147 408 2198 possit
430 2161 480 2196 ag
482 2145 610 2197 gredi,
642 2147 845 2183 Τητιιωίανη
864 2145 1183 2186 submmistmme.
1242 2141 1399 2183 Num
1379 2162 1398 2186 ο
1424 2148 1570 2198 χαρίεις

104 2214 166 2243 est
188 2212 356 2255 gratus
345 2201 364 2228 ⁴?
398 2194 547 2254 nugae.
614 2205 665 2242 Οι
682 2203 882 2255 χαριέντες
896 2203 1070 2241 Graecis
1093 2211 1193 2240 sunt
1216 2202 1410 2240 homines
1435 2200 1568 2250 docti,

106 2259 256 2313 politi,
303 2257 565 2309 elegantiore
598 2257 793 2296 doctrina
826 2258 1001 2300 exculti.
1061 2258 1131 2297 Sic
1166 2261 1206 2300 οἱ
1229 2259 1424 2311 χαριέντες
1455 2256 1568 2309 apud

105 2313 357 2357 Aristotelem
389 2313 633 2364 frequenter
660 2324 942 2365 opponuntur
969 2319 1054 2362 τοῖς
1078 2319 1257 2362 πολλοῖς,
1299 2313 1436 2366 plebi,
1479 2314 1571 2352 sive

110 2371 319 2417 indoctis,
341 2368 502 2408 idiotis.
556 2373 608 2411 Οἵ
623 2370 864 2422 χαριέστατοι
883 2375 961 2411 τῶν
979 2372 1126 2424 ἰατρῶν
1149 2369 1263 2423 apud
1284 2369 1471 2409 Nostrum
1494 2370 1569 2409 ali-

107 2428 177 2478 bi,
210 2428 425 2467 doctissimi
452 2425 714 2466 abdicor-um.
772 2426 888 2466 Dein
914 2441 989 2478 pro
1008 2425 1248 2479 πεπονηκώς
1266 2425 1491 2480 legendum
1516 2441 1569 2465 ex

109 2487 194 2525 Ms.
217 2499 343 2535 προπε
348 2482 552 2530 πονηκώς,
586 2485 812 2533 eleganter.
874 2482 945 2522 Sic
975 2483 1110 2534 igitur
1132 2484 1247 2524 hunc
1267 2486 1409 2521 locum
1431 2493 1568 2523 verte·

115 2543 155 2580 Ῑ’
154 2558 257 2580 erum
286 2537 494 2579 moclcetior
513 2550 566 2577 cst
587 2539 649 2577 luc
680 2538 892 2577 ineruditus
914 2542 1080 2591 scr-ipim·
1090 2570 1103 2588 ‚
1136 2541 1204 2593 qui
1235 2541 1390 2587 statim,
1421 2542 1489 2597 qui
1505 2541 1570 2589 sil,

111 2598 301 2644 ostendit,
333 2595 474 2643 (sive,
507 2612 576 2634 cur
597 2597 653 2633 cic
679 2596 895 2647 scripseris.
925 2593 1086 2647 prodii)
1115 2595 1188 2634 alii
1219 2594 1408 2640 doctiori
1441 2607 1475 2635 ct
1504 2599 1572 2649 qui

109 2669 184 2706 pm·
201 2656 251 2691 5ἰι
280 2653 462 2692 historiae
483 2651 726 2698 scribendae,
760 2653 963 2688 materiam
992 2652 1181 2703 praebuit.
1242 2651 1369 2702 Quod
1394 2642 1437 2690 et
1463 2651 1571 2692 Cir.-

113 2725 265 2757 roncm,
298 2709 341 2747 in
373 2707 680 2748 commentario
707 2706 773 2745 sui
804 2710 1073 2757 consulatus,
1115 2718 1159 2749 et
1190 2708 1340 2748 Julium
1369 2708 1571 2748 Caesarem
