1834 3188
255 170 356 216 470
616 182 1371 214 ADNOTATIONES

255 279 338 321 Sed
361 279 582 319 Lucianus
610 279 786 333 subjicit
818 280 1100 318 nmrationem
1123 279 1174 319 de
1206 281 1401 321 sordibus
1425 291 1466 322 et
1497 282 1718 323 iracundia

255 337 432 377 alterius
454 336 708 390 philosophi
728 336 924 386 senioris,
956 350 1062 390 quae
1085 338 1329 391 quaestioni-
1348 340 1606 378 Hermotimi
1630 355 1717 379 non

256 393 539 433 conveniunt.
601 393 706 431 Cum
730 402 868 431 tamen
896 394 1071 430 omnino
1096 392 1147 433 ad
1172 394 1510 435 convincendum
1531 396 1718 435 Hermo·-

253 450 403 489 timum
425 448 735 488 ostendendum
762 448 938 498 fuisset,
975 448 1227 501 quibusnam
1256 450 1472 491 videretur
1492 466 1579 491 esse
1599 450 1715 505 φιλη·

254 509 392 556 δυνος-ς
425 520 502 545 nec
527 507 754 559 quicquam
774 507 907 543 soleat
930 506 1072 544 omitti
1094 521 1115 544 a
1137 506 1362 556 Luciano,
1397 507 1512 561 quod
1531 508 1583 547 ad
1608 510 1714 547 Her.

252 563 418 601 motimi
449 563 725 614 pertinaciam
748 561 1075 615 expugnandam
1100 563 1241 602 faciat.
1302 564 1455 617 Itaque
1485 564 1588 604 haec
1619 580 1714 604 cum

254 617 491 657 accuratius
523 617 840 682 expendissem,
873 619 1063 671 persuasi
1091 619 1219 670 mihi,
1260 621 1346 659 levi
1374 620 1610 661 mutatione
1641 625 1716 660 lo·-

254 689 348 713 cum
375 673 490 712 hunc
513 673 639 713 foede
665 674 937 742 inquinatum
966 675 1025 714 sic
1047 689 1171 728 posse
1195 678 1458 730 purgari.e13
1476 678 1543 718 καὶ
1560 676 1613 729 μὴ
1632 683 1716 726 τοῖς

251 736 411 778 πολλοῖς
433 734 554 772 δοκεῖ.
585 732 623 771 τί
653 735 783 786 σιγᾷς,
818 732 848 772 ὦ
876 727 1097 784 Ερμότιμε.
1162 732 1269 784 Quid
1296 743 1422 783 taces,
1455 733 1712 773 Hermotime.

251 787 445 826 [Maxime
466 786 576 825 hanc
597 802 727 827 meam
747 786 1002 826 emendatio
993 803 1084 827 nem
1106 788 1242 828 firmat
1261 791 1557 854 antiquissima
1579 790 1715 830 editio

250 843 440 882 Luciani
464 843 571 885 Flor.
594 845 697 884 anni
723 848 841 887 1496.
865 858 986 896 quam
1007 846 1181 896 primam
1211 860 1310 885 esse
1321 856 1453 898 puto,
1486 846 1529 884 in
1555 861 1634 901 qua
1658 849 1716 885 le-

252 900 369 954 gitur
392 899 563 952 quidem
585 903 661 941 τισί
680 917 744 954 γε,
777 900 848 938 sed
871 901 961 939 sine
988 900 1269 940 distinctione
1293 917 1582 954 personarum.
1644 902 1716 942 Sic

252 956 365 995 enim
387 957 459 995 illa
484 955 633 996 habet:
663 960 699 998 εἰ
719 959 788 998 καὶ
806 955 858 1009 μὴ
881 963 965 1005 τοῖς
983 963 1147 1006 πολλοῖς
1166 961 1256 999 δοκε
1261 961 1365 1000 ῖτισί
1384 976 1425 1013 γε
1445 976 1473 999 ω
1492 956 1713 1011 Ερμότιμε.

250 1012 410 1066 Aequis
444 1012 677 1054 lectoribus
706 1027 793 1052 non
827 1011 1078 1064 difficulter,
1122 1028 1271 1067 spero,
1311 1030 1376 1055 me
1411 1015 1714 1068 probaturum,

250 1068 323 1106 hic
344 1083 409 1106 me
430 1082 516 1107 non
543 1069 748 1108 fefellisse
775 1068 915 1108 divam
940 1069 1354 1113 Criticen.GnA1:v.

362 1124 463 1166 Ead.
486 1128 515 1165 l.
539 1129 603 1167 14.
645 1128 691 1167 Τί
714 1129 857 1182 σιγᾷς)
889 1125 1068 1164 Emend.
1099 1125 1285 1166 Graevii
1276 1142 1319 1164 in
1341 1137 1505 1166 textum
1527 1128 1716 1179 recipere

250 1194 337 1219 non
362 1180 569 1219 dubitavi.
612 1183 675 1220 Fl.
697 1186 774 1224 τισι
796 1199 848 1236 γε
892 1182 961 1221 Sic
985 1197 1075 1235 cap.
1100 1186 1167 1227 55.
1205 1184 1298 1225 vid
1323 1193 1418 1222 etc.
1441 1189 1506 1228 83.
1549 1184 1717 1225 SOLAN.

257 1239 346 1279 Τισί
363 1240 436 1291 γε)
467 1237 673 1291 Magnum
701 1239 922 1292 ingenium
952 1237 1128 1287 Graevii,
1170 1254 1320 1295 magna
1350 1241 1524 1292 optimis
1554 1240 1717 1279 artibus

249 1304 368 1346 parta
397 1294 545 1347 gloria
605 1295 758 1347 Itaque
793 1294 903 1335 ratio
940 1294 1011 1333 hic
1045 1295 1281 1346 reddenda,
1325 1311 1398 1334 cur
1432 1311 1517 1335 non
1548 1306 1717 1335 secutus

252 1350 331 1388 sim
352 1350 488 1402 ipsius
514 1350 867 1390 emendationem.
931 1351 1118 1403 Nempe,
1151 1353 1250 1405 quia
1273 1354 1387 1391 illam
1419 1367 1505 1391 non
1532 1367 1583 1392 ex
1604 1352 1715 1391 libro

249 1407 455 1459 protulit:
488 1406 595 1446 illud
617 1422 740 1456 vero,
775 1407 889 1460 quod
911 1407 1068 1446 habent
1093 1419 1338 1447 constanter
1355 1409 1477 1459 libri,
1512 1409 1716 1461 optimam

250 1463 378 1501 habet
402 1463 818 1504 sententia1n.Jam
849 1463 923 1501 diu
948 1464 1119 1503 vacillat
1146 1465 1461 1514 Hermotimus,
1495 1469 1576 1518 jam
1600 1463 1719 1503 diffi-

251 1518 350 1558 dere
369 1532 447 1557 suo
479 1517 645 1557 doctori
676 1518 855 1569 didicit,
896 1522 978 1572 jam
1012 1524 1221 1584 crapulam
1256 1521 1338 1559 viri
1371 1530 1412 1559 et
1446 1522 1560 1560 rixas
1591 1535 1716 1572 supra

252 1584 596 1615 commemoiatas
618 1576 727 1625 aliis,
761 1590 885 1628 quam
904 1586 1017 1626 ante,
1052 1577 1188 1615 oculis
1208 1578 1412 1617 intuetur.
1461 1577 1598 1631 Igitur
1621 1591 1717 1615 cum

252 1629 359 1669 dicit
380 1630 602 1682 Lycinus,
636 1633 701 1669 An
719 1608 843 1670 ’illius
869 1633 974 1670 velit
996 1646 1084 1671 esse
1106 1633 1292 1671 similis?
1336 1642 1377 1672 et
1405 1634 1450 1671 in
1482 1634 1565 1672 fine
1592 1634 1720 1686 ponit

251 1701 300 1725 ea
325 1686 476 1736 verba,
510 1687 664 1739 quibus
692 1687 841 1735 docet,
885 1689 1081 1740 profecto
1117 1690 1321 1727 vitiosum
1358 1703 1445 1728 esse
1476 1689 1716 1736 hominem

253 1742 529 1796 quantumvis
554 1746 682 1797 vulgo
705 1745 804 1782 talis
829 1758 918 1783 esse
943 1759 1030 1783 non
1061 1744 1280 1784 videatur:
1313 1744 1502 1784 modeste
1531 1747 1720 1784 Hermo-

252 1799 396 1846 timus,
421 1808 462 1838 et
488 1800 635 1838 velut'
625 1814 963 1850 lmmurmuraDS,
986 1802 1065 1841 τισί
1088 1818 1145 1856 γε,
1176 1801 1335 1854 inquit,
1368 1801 1410 1842 h.
1437 1817 1471 1844 e
1501 1813 1543 1840 at
1559 1801 1718 1855 quibus·

254 1854 347 1893 dam
371 1866 521 1903 tamen,
555 1855 694 1893 mihi
684 1856 904 1908 inprimis,
939 1866 1159 1910 postquam
1181 1872 1307 1910 opera
1335 1868 1407 1896 tua
1431 1859 1568 1896 visum
1595 1872 1718 1896 rece-

254 1912 324 1963 pi,
356 1912 453 1954 talis
473 1910 667 1961 videtur,
700 1916 818 1965 cujus
843 1912 1021 1962 proinde
1044 1914 1196 1952 similis
1218 1928 1305 1952 esse
1324 1913 1550 1966 equidem‘
1540 1928 1619 1976 Jarn
1640 1926 1716 1951 no-

255 1968 344 2005 lim.
375 1967 510 2008 Gsssn.
574 1968 715 2008 Solani
744 1978 784 2007 et
820 1968 978 2008 Graevii
1007 1970 1200 2022 periculo
1232 1970 1459 2008 lectionem
1491 1969 1716 2022 pristinam

256 2038 426 2063 movere
447 2038 635 2075 possem,
667 2024 739 2065 sed
764 2039 855 2063 mea
888 2026 1143 2064 auctoritate
1169 2040 1256 2064 non
1283 2025 1502 2075 auderem,
1536 2025 1614 2065 etsi
1639 2039 1718 2064 eo-

256 2094 349 2117 rum
374 2083 617 2133 conjectura
644 2085 872 2133 perplacet.
936 2081 1107 2120 Solanus
1129 2096 1300 2135 quoque
1328 2096 1550 2133 personam
1576 2085 1716 2123 EPM·

258 2145 356 2175 ante
376 2138 412 2181 τί
430 2147 471 2177 et
494 2141 626 2178 AYK
653 2147 752 2190 post
775 2143 887 2193 σιγᾷς
908 2135 1143 2177 deleverat:
1176 2137 1290 2192 quod
1312 2139 1593 2177 necessarium
1614 2147 1716 2188 erat,

259 2191 295 2229 si
316 2206 410 2230 cum
433 2192 508 2231 illo
532 2198 644 2250 σιγᾷς
661 2197 786 2247 legat
847 2195 903 2231 At
935 2208 1027 2231 cum
1054 2193 1240 2233 Gesnerus
1264 2194 1529 2233 commodum
1550 2208 1716 2232 sensum

258 2262 311 2286 ex
329 2251 502 2301 vulgata
523 2237 689 2300 eliciat,
724 2264 812 2289 eam
831 2250 922 2289 sine
942 2249 1116 2289 Codicis
1140 2251 1269 2289 ullius
1289 2251 1543 2290 auctoritate
1565 2250 1715 2288 immu-

259 2312 346 2342 tare
377 2305 440 2342 fas
474 2319 560 2349 non
594 2316 680 2353 est;
725 2305 887 2360 alioqui
918 2306 1079 2356 fateor,
1122 2307 1354 2344 etiamnum
1389 2306 1494 2345 mihi
1523 2305 1714 2344 adridere

263 2358 520 2403 (ῗιαει-ἱαηανη
552 2362 914 2413 emendationem,
955 2372 1043 2401 tum
1077 2362 1173 2415 quia
1211 2363 1318 2401 illud
1352 2365 1388 2403 τί
1415 2368 1526 2420 σιγᾷς
1555 2361 1715 2401 Nost1o

260 2415 487 2466 usitatum,
520 2427 608 2457 tum
634 2419 734 2472 quia
756 2433 840 2458 non
865 2421 925 2458 sic
948 2422 1057 2458 solet
1078 2418 1184 2457 illud
1204 2421 1281 2461 τίσι
1299 2436 1343 2474 γε
1359 2417 1717 2472 usurpare.1m-

260 2484 328 2508 mo
352 2485 435 2523 quo
458 2477 553 2526 plus
578 2474 826 2525 considero,
861 2489 911 2514 eo
934 2475 1071 2539 magis
1089 2476 1328 2529 perspicio,
1369 2489 1523 2514 nexum
1554 2473 1716 2511 oratio-

262 2525 328 2563 nis
354 2527 396 2565 id
421 2533 655 2580 postulare.
686 2534 860 2586 languet
884 2532 995 2570 enim
1019 2531 1181 2584 alioqui
1205 2546 1316 2571 nova
1339 2531 1409 2570 illa
1434 2530 1714 2583 interrogatio

262 2583 394 2643 θέλεις
414 2584 674 2640 ὅιηγησομαις
709 2588 756 2628 Si
780 2602 877 2626 vexo
906 2588 1191 2639 praemiserit,
1236 2587 1331 2642 quid
1359 2585 1496 2626 iaces?
1535 2585 1714 2624 concin-

264 2637 362 2674 nius
386 2642 599 2693 senuitur,
628 2646 706 2682 vin'
728 2646 846 2697 igilur
861 2661 955 2697 μανὸν
934 2644 1053 2684 παηιῗ)
1081 2642 1132 2683 Id
1153 2653 1235 2692 est,
1268 2646 1361 2697 quia
1380 2654 1507 2689 iaces,
1541 2658 1716 2696 egopot-

266 2709 307 2732 ro
325 2697 659 2739 nu›·1al›0.J-am
679 2714 779 2741 vero
800 2701 965 2754 signum
986 2699 1296 2753 interrogandi,
1329 2697 1441 2753 quod
1461 2710 1558 2751 post
1576 2702 1652 2741 τίσι
1674 2715 1715 2754 γε
