1834 3188
351 149 1274 207 ιΝΤΥΗΛΝΝιᾳ-ιυᾼῖπ.
1447 169 1545 215 703

82 271 161 312 dus
180 280 264 312 est:
294 273 425 340 vulgo
451 274 584 321 male,
617 272 683 313 καὶ
702 271 896 340 παρέσχεν
921 267 1118 325 αφοομήν
1134 277 1208 315 τοῦ
1233 272 1371 326 φόνου
1392 274 1439 319 τὰ
1462 281 1541 330 ἴσα,

79 330 148 372 καὶ
169 333 315 371 τοῦτον
342 324 450 379 αξιοῖ
468 325 488 370 ὅ
521 325 646 381 νόιιος
665 325 786 369 αὐτὸν
809 324 1152 378 ἀντικολάζεσθαι
1211 331 1414 386 Sequitur
1434 349 1545 374 con-

80 386 205 425 tinuo
218 382 341 453 apud
359 385 571 433 Nostrum,
603 383 704 426 Εἶτα
731 382 802 426 τὸν
823 384 894 453 μὲν
924 382 1054 434 οὕτως
1081 382 1320 429 ἆποκτείνον
1324 406 1393 440 τοι,
1424 398 1492 432 πολ
1500 392 1543 432 α’-

79 445 157 491 ζειν
182 449 236 491 ως
257 438 554 493 a'v690tp6vov'
533 444 675 491 αξιοῐς,
707 441 774 482 καὶ
797 438 983 493 ου’δαιιῶς
1007 440 1207 493 ἀφεῖσθαι
1221 446 1311 486 θέλε
1297 463 1364 494 «ις.
1409 446 1480 489 τὸν
1501 450 1542 491 δὲ

76 516 177 540 κατα
201 496 271 540 τὸν
294 496 418 540 αυτὸν
443 496 551 540 zoin
551 516 569 539 )
600 496 750 551 τρότον
774 499 816 539 εὐ
845 498 1089 551 πεποιηκότα
1117 519 1188 553 την
1208 499 1347 550 πόλιν,
1382 520 1431 545 ov
1460 509 1540 546 τῶν

78 552 231 608 ὁμοίων
248 550 293 599 oi:
281 552 388 596 ιώσε
382 572 428 603 ις
448 561 530 603 τοῖς
560 552 689 609 εὖεργε
675 555 786 602 ’.ταις
834 555 951 594 Haec
972 569 1046 607 per
1065 556 1441 611 interrogationem
1464 576 1541 613 pu-

77 621 122 650 to
152 614 316 666 prolata
348 626 458 660 esse,
491 621 617 666 atque
646 610 751 650 adeo
785 613 873 664 ejus
897 611 1065 665 signum
1095 612 1139 650 in
1171 617 1283 652 calce
1314 616 1538 681 utriusque

74 668 242 721 periodi
263 667 507 721 requiiitur.
566 666 803 707 Secundum
823 670 948 722 legeS,
986 669 1059 719 ait,
1091 684 1177 708 non
1205 670 1330 709 modo
1355 673 1427 726 qui
1447 674 1538 726 ipse

75 724 244 764 caedem
284 723 566 777 perpetravit,
608 723 810 776 punitur,
854 723 925 763 sed
963 735 1004 763 et
1043 725 1115 778 qui
1146 735 1365 780 utcunque
1396 729 1538 769 caedis

73 790 222 820 auctor
240 780 342 820 fuit.
401 780 456 819 Er
450 797 554 832 gone
571 797 668 830 cum,
702 779 895 835 (pergit)
916 783 984 834 qui
1003 783 1061 820 iia
1082 782 1221 821 cecidit
1243 783 1424 837 aliquem,
1453 803 1538 839 pu—

74 839 156 876 niri
175 848 362 892 tanquam
387 837 628 876 homicidam
647 843 792 886 censes,
826 847 860 874 et
883 839 1102 901 neutiquam
1127 839 1280 878 absolzi
1298 841 1389 881 vis?
1434 842 1536 882 Eum

73 908 185 943 vero,
219 896 288 948 qui
306 895 400 947 pari
429 895 580 932 ratione
600 909 649 932 ac
682 892 751 932 ille
779 892 972 943 (scilicet
1003 894 1074 945 qui
1105 897 1271 934 caedem
1299 898 1536 951 commisit,

72 949 175 989 licet
197 960 415 1003 utcunque
444 949 576 989 fuerit
608 949 783 1001 auctor)
817 949 907 987 hene
924 948 971 987 de
992 952 1148 989 civitate
1172 954 1329 990 meritus
1350 965 1425 1001 cst
1458 972 1536 995 ηοη

71 1005 209 1044 iisdem
229 1005 389 1058 dignum
411 1006 601 1054 censebis,
633 1006 779 1073 quibus
795 1005 934 1058 dignos
957 1022 1082 1046 censes
1104 1007 1194 1046 bene
1213 1025 1293 1046 me]
1295 1019 1389 1050 iios
1385 1010 1403 1038 ἶ)
1432 1012 1534 1050 For·

72 1075 147 1099 san
178 1061 350 1114 scripsit
383 1075 576 1130 quoque
578 1063 642 1101 No
645 1074 720 1101 sier
756 1059 1063 1114 ἆποκτείναντα,
1110 1078 1196 1102 non
1229 1059 1377 1107 ἆποκτε
1381 1069 1531 1110 ι’νοντα.

72 1117 154 1157 Sed
176 1116 284 1156 illud
309 1135 408 1159 κατα
431 1116 502 1160 τὸν
526 1114 648 1160 αυτὸν
676 1117 803 1160 τούτω
827 1116 977 1172 τρότοι
991 1152 1000 1168 ,
1033 1120 1185 1173 utique
1206 1135 1353 1159 sanum
1375 1133 1416 1163 et
1437 1125 1534 1163 sin-

71 1187 210 1213 cerum
232 1183 315 1224 est,
347 1189 395 1213 ac
420 1174 469 1213 ab
498 1175 692 1214 ΖΙἸαι-ςίἷίο
723 1163 900 1242 indigne
933 1176 1225 1215 sollicitatum.
1286 1178 1366 1216 Est
1392 1181 1529 1230 enim,

70 1239 120 1268 Ut
147 1207 554 1284 CXPOSLl'lmU85pa1‘b
573 1243 723 1270 ΓΠῘΖΟῙῙΕ
753 1249 887 1271 'nel'm
904 1249 954 1285 pl*
957 1234 1119 1271 &emb-urst
1146 1233 1355 1272 censendus
1376 1247 1429 1275 eSt
1452 1238 1529 1286 llic,

68 1303 147 1340 qua
165 1287 233 1326 ille
252 1290 346 1341 (qui
368 1287 501 1327 caedis
526 1299 664 1327 auctor
668 1288 780 1342 fuit,
792 1293 806 1335 )
826 1304 909 1328 vele
932 1291 1167 1328 commisisse
1187 1289 1364 1341 caedem,
1398 1304 1432 1331 et
1446 1310 1533 1346 pu—

67 1343 230 1382 niendus
258 1360 355 1392 esse,
400 1343 609 1383 censendus
639 1355 717 1384 est:
756 1344 867 1395 sive,
908 1345 1041 1384 eadem
1074 1348 1223 1385 ratione
1260 1345 1323 1386 illi
1364 1351 1527 1400 rationi,

66 1415 185 1453 quam
202 1399 318 1439 modo
340 1403 554 1453 posuimus.
616 1399 689 1441 Sic
708 1401 820 1441 enim
844 1399 964 1451 αὐτός
984 1419 1060 1443 τινι
1083 1401 1265 1453 dicitur,
1303 1405 1378 1457 qui
1399 1407 1529 1458 plane

67 1455 178 1496 idem
198 1457 274 1506 sit,
310 1471 356 1494 ac
377 1457 501 1497 alius.
544 1457 668 1497 Jews.

173 1512 271 1566 Pag.
286 1517 382 1557 334.
403 1515 433 1551 l.
446 1519 485 1556 2.
526 1512 646 1554 Μῶα
666 1515 848 1564 δικαίως)
887 1516 962 1557 Καὶ
983 1513 1086 1568 μάλα
1107 1516 1281 1564 δικαίως.
1313 1518 1525 1559 ΜΑῐιοῐῐ..

57 1568 159 1609 Non
189 1568 423 1621 improbem
450 1569 560 1607 illud
590 1587 655 1610 και
688 1569 812 1623 μαλᾶ,
845 1571 880 1609 si
913 1575 1055 1624 plures
1089 1571 1222 1613 Codd.
1255 1571 1525 1614 addicerent·

58 1639 155 1664 nam
183 1627 354 1678 vulgata
385 1625 674 1679 claudicabat3
707 1628 806 1680 quia
839 1642 998 1666 comma
1025 1637 1123 1666 ante
1154 1626 1260 1678 μαλα
1279 1643 1524 1681 expressum

61 1690 174 1729 erat,
206 1680 321 1734 quod
347 1683 429 1733 jam
453 1682 665 1720 sublatum
688 1684 829 1722 minus
858 1683 1043 1723 hiantem
1071 1684 1177 1722 facit
1199 1685 1455 1725 orationem:
1488 1686 1525 1725 si

61 1737 155 1791 quis
175 1747 313 1776 tamen
332 1738 395 1778 καὶ
418 1737 623 1777 insertum
657 1740 801 1792 cupit,
834 1740 873 1779 ei
894 1740 997 1779 licet
1018 1739 1061 1778 id
1090 1739 1322 1780 adsumere.
1356 1742 1492 1779 Rem
1484 1758 1522 1787 z,

62 1794 290 1833 Omittitur
309 1794 353 1831 in
382 1793 538 1832 talibus
563 1793 676 1832 haud
703 1810 797 1834 raro
829 1796 1038 1848 particula
1069 1797 1156 1844 καὶ,
1190 1806 1238 1834 ut
1258 1796 1371 1834 infra
1392 1812 1427 1837 c.
1456 1804 1520 1843 18.

58 1849 222 1900 εἰκότως
251 1849 502 1903 simpliciter
527 1851 686 1905 legitur
709 1850 956 1905 adjunctum
980 1852 1026 1890 in
1056 1851 1275 1892 simillimo
1297 1852 1522 1894 verborum

56 1922 184 1949 nexu.
218 1907 376 1947 LGm.

175 1963 280 2004 Ibicl.
318 1960 376 2005 Οὔ
396 1962 470 2018 γὰρ
490 1961 670 2018 ἐβούλετο
688 1973 767 2004 etc.
778 1962 797 2018 )
829 1965 910 2006 Και
928 1961 1002 2019 γὰρ
1023 1961 1216 2019 ἐβούλετο.
1258 1965 1428 2005 Etenim
1447 1981 1523 2006 vo-

59 2022 144 2062 luit
162 2035 254 2088 par
258 2034 346 2060 esse
371 2021 501 2069 facto,
533 2020 577 2059 id
598 2019 714 2090 quod
733 2030 849 2061 extra
870 2031 1026 2060 metum
1047 2035 1120 2060 seu
1140 2021 1375 2074 peiiculum
1398 2023 1520 2073 facti,

56 2078 101 2121 τὸ
134 2083 205 2131 τῆς
231 2072 388 2126 ἀδείας,
414 2091 580 2133 nempe
611 2074 801 2131 ἆφορμην
831 2080 926 2126 ἴσως
954 2079 1152 2130 παρέχειν.
1182 2079 1394 2118 Minoa.
1459 2074 1521 2121 Ου

58 2133 136 2191 γᾶο
168 2130 351 2189 ἐβουλετο
381 2134 511 2182 οὗτος.
570 2133 639 2172 Sic
675 2133 899 2188 legendum
931 2133 1110 2202 videtuf
1171 2135 1228 2172 Et
1257 2134 1318 2172 sic
1348 2134 1520 2175 videtur

56 2192 216 2248 legisse
246 2191 466 2243 interpres.
498 2190 674 2229 Gurrxr.
717 2168 805 2231 t*Sic
835 2192 879 2228 P.
904 2191 1017 2230 etL.
1042 2188 1090 2232 οὐ
1122 2189 1250 2243 γάοὲ.
1272 2208 1302 2231 τ.
1327 2207 1367 2231 π.
1387 2193 1518 2245 ἧσσον

59 2268 95 2305 y.
113 2267 144 2291 τ.
167 2266 199 2289 τ.
222 2244 260 2288 ἆ.
321 2247 461 2286 Antea
480 2261 556 2299 pro
577 2241 705 2299 ἧσσον
726 2247 770 2284 in
803 2247 999 2285 omnibus
1019 2246 1268 2301 legebatur
1260 2249 1359 2288 ἰ’σον.
1419 2248 1519 2287 Lo-

59 2321 155 2345 cum
176 2313 420 2356 corruptum
440 2302 592 2342 merito
613 2303 805 2343 censebat
829 2302 1022 2353 Vorsiius,
1059 2305 1132 2355 qui
1156 2301 1262 2341 illud
1281 2304 1408 2356 ἡσσον
1426 2318 1515 2344 non

56 2361 237 2403 viderat.
278 2361 362 2399 Sor.
370 2374 443 2401 xx.
504 2359 575 2399 Sic
602 2368 765 2399 vertere
789 2359 953 2409 visum,
993 2368 1042 2398 ut
1070 2360 1161 2412 ipsa
1192 2359 1515 2412 argumentandi

54 2419 166 2459 ratio
186 2417 318 2472 magis
339 2424 515 2469 pateret.
576 2415 890 2469 Opponuntur,
923 2425 971 2454 ut
995 2415 1201 2461 albitr0r‚
1232 2414 1276 2457 τὸ
1295 2418 1514 2471 πεπραγμέ-

55 2493 153 2527 νον,
185 2473 261 2530 (ut
290 2487 389 2512 mox
410 2470 562 2525 κεφαλη
582 2477 661 2513 τοῖν
691 2473 998 2542 πεπραγμένων,
1031 2481 1072 2511 et
1094 2472 1205 2521 alia)
1234 2471 1277 2510 id
1301 2472 1415 2525 quod
1436 2479 1513 2511 sua

57 2533 153 2587 quis
177 2545 304 2570 manu
325 2529 449 2579 fecit,
480 2539 522 2569 et
541 2527 585 2570 τό
605 2535 674 2582 τῆς
695 2529 839 2578 ἀδείας
889 2527 982 2570 'A6e
986 2546 1050 2569 ιαν
1071 2538 1208 2567 autem
1230 2538 1350 2580 puto,
1385 2542 1511 2582 quam

55 2583 226 2628 modo'
204 2583 395 2639 αφορμὴν
413 2590 487 2628 τοῦ
504 2585 635 2638 φόνου
659 2585 784 2624 dixit.
832 2585 1124 2624 Observantur
1150 2583 1256 2622 mihi
1281 2585 1361 2622 alia
1382 2584 1509 2623 etiam

54 2648 166 2693 loca,
197 2644 272 2683 ubi
291 2642 358 2685 ἅδε
364 2659 403 2684 ια
423 2652 465 2681 et
484 2639 608 2690 (Ξὸεῶς
627 2642 822 2681 similiter
845 2650 1038 2694 ponunt,
1072 2650 1120 2679 ut
1142 2654 1228 2679 non
1251 2649 1333 2679 tam
1354 2638 1406 2679 ad
1426 2655 1509 2680 me-

54 2711 123 2741 tus
150 2700 378 2741 absentiam
412 2708 455 2739 et
490 2699 806 2754 impunitatem,
849 2711 972 2753 quam
1004 2695 1056 2736 ad
1091 2699 1281 2751 plenam,
1322 2699 1387 2737 cui
1412 2696 1513 2737 nihil

99 2769 243 2802 Luciam.
272 2768 352 2802 Vol.
381 2769 448 2802 [V.
1151 2754 1234 2804 YY
