1834 3188
416 220 1229 254 INHARMON1DEN.
1461 207 1564 256 505

212 322 313 376 Pag.
338 325 432 366 143.
458 323 486 360 1.
508 326 548 366 3.
588 323 671 374 Τῆς
695 319 906 375 Φρυγίου)
934 316 1194 366 Medorum,
1225 330 1301 357 seu
1321 330 1563 367 nomorum,

96 376 208 421 ratio
242 377 616 418 circumscribitur.
674 376 866 429 Phrygio
901 374 1057 414 tribuit
1083 372 1128 416 τὰ
1161 375 1328 424 ἔνθεον,
1360 374 1568 430 (Lydio)

97 435 407 479 Bacchanalem
437 434 681 480 licentiam,
713 433 880 471 Dorico
907 432 1200 481 severitatem,
1232 431 1387 471 Ionico
1409 434 1569 484 jucun-

100 494 293 540 ditatem,
315 490 441 546 Apul.
462 489 536 530 lib.
552 495 588 533 1.
614 487 777 529 Florid.
791 488 896 528 Plut.
923 499 966 529 et
983 488 1124 529 Bozth.
1146 488 1191 527 in
1209 487 1395 530 Musica.
1423 488 1570 527 CocN.

100 551 214 590 Sunt
236 546 528 588 Harmonidae
552 555 736 601 quatuor
761 547 899 584 solum
932 544 1117 585 musicae
1145 544 1263 585 modi
1294 544 1566 598 principales,

99 605 343 659 Phrygius,
375 603 570 657 Lydius,
601 602 768 642 Dorius
798 610 841 640 et
859 601 1057 641 Ionicus:
1090 616 1184 641 cum
1219 611 1384 652 tamen,
1422 601 1498 655 qui
1517 600 1571 639 de

99 663 264 701 musica
286 661 570 714 scripserunt,
603 658 792 714 quinque
821 657 1110 709 constituant,
1145 657 1350 697 addentes
1378 657 1445 696 his
1468 671 1572 711 qua-

101 727 205 758 tuor
230 717 438 767 Aeolium,
470 726 519 755 ut
538 716 657 757 Plato
677 721 716 760 3·
745 713 797 753 de
815 714 927 768 Rep.
960 715 1107 756 Athen.
1141 714 1217 754 lib.
1242 719 1307 758 14.
1344 713 1571 755 Cassiodor.

101 775 243 828 Epist.
262 779 331 818 40.
355 773 429 813 lib.
448 778 488 817 2.
510 783 553 812 et
579 772 677 812 libr.
698 770 751 811 de
771 770 932 810 Music.
991 771 1090 810 Nisi
1109 772 1186 811 sub
1206 770 1350 810 Dorio
1371 771 1571 810 Aeolium

103 832 324 870 involvat:
354 830 460 869 haec
480 829 593 868 enim
619 829 706 868 duo
731 841 855 881 saepe
884 827 1236 879 confunduntur,
1269 836 1318 866 ut
1340 827 1386 865 in
1409 826 1573 867 Pinda-

103 904 169 937 ro,
204 887 392 941 quicum
414 885 578 925 Dorice
609 883 834 934 scriberet,
864 884 1041 923 vocavit
1067 898 1230 933 musa—m
1261 897 1381 922 suam
1401 886 1575 925 Αἰολίδα

100 942 272 997 μολπήν.
332 943 536 998 Assignat
558 951 698 982 autem
719 947 777 998 τῷ
804 943 968 996 Φρυγίῳ
993 938 1038 982 τὸ
1062 942 1230 983 ἔνθεον·
1261 940 1337 978 ubi
1369 943 1478 979 male
1500 940 1576 977 in-

103 1010 267 1052 terpres
290 998 438 1053 Obsop.
459 1001 693 1039 attonitum:
724 998 867 1038 voluit
889 998 1002 1036 enim
1023 996 1312 1036 Harmonides
1335 995 1572 1050 religiosum,

103 1065 154 1094 ut
174 1064 294 1109 patet
312 1056 421 1095 locis
444 1056 562 1096 citat.
595 1065 638 1095 et
663 1053 777 1108 apud
791 1053 1009 1108 Apulejum
1031 1054 1129 1099 libr,
1152 1061 1191 1097 1.
1211 1051 1373 1093 Florid.
1417 1052 1500 1091 Sed
1525 1052 1576 1092 de

103 1121 305 1151 tonorum
339 1112 519 1151 istorum
549 1112 757 1165 qualitate
795 1125 941 1151 omnes
969 1110 1043 1149 isti
1076 1111 1166 1150 fere
1194 1110 1306 1149 inter
1337 1124 1380 1148 se
1409 1108 1578 1148 dissen-

104 1168 247 1209 tiunt:
278 1167 433 1208 tribuit
453 1169 582 1208 Ionio
610 1166 655 1210 τὸ
678 1163 900 1223 γλαφυρόν.
960 1167 1176 1220 Interpres
1193 1167 1450 1206 suavitatem.-
1479 1179 1580 1204 ver-

103 1224 283 1264 tendum
314 1234 405 1264 erat
435 1227 614 1274 var-ium,
645 1235 693 1264 ut
722 1223 838 1278 apud
870 1223 1086 1277 Apulejum
1114 1225 1196 1263 loc.
1222 1223 1295 1262 cit.
1357 1222 1427 1261 Sic
1453 1236 1578 1274 saepe

106 1280 221 1334 apud
243 1280 408 1321 Homer.
432 1280 668 1337 γλαφυρὸν,
700 1295 779 1334 pro
807 1293 881 1331 eo,
915 1279 1031 1333 quod
1057 1282 1216 1319 multos
1249 1292 1438 1318 recessus
1463 1280 1580 1317 mul-

109 1348 262 1391 tasque
282 1337 464 1378 latebras
485 1337 626 1381 habet.
656 1339 833 1379 Bomio.
893 1336 982 1390 Qui
1004 1336 1240 1388 pleniorem
1262 1335 1313 1375 de
1328 1334 1467 1374 modis
1489 1349 1580 1372 mu-

109 1394 211 1433 sicis
237 1393 373 1433 ideam
398 1393 633 1446 desiderat,
666 1394 789 1434 adeat
812 1392 954 1433 Claud.
979 1392 1194 1432 Ptolemaei
1221 1391 1581 1431 Harmonicorum

107 1449 265 1500 libros,
309 1464 489 1505 quorum
516 1450 671 1489 bellam
701 1449 825 1489 nobis
860 1448 1096 1489 editionem
1131 1449 1307 1503 reliquit
1338 1448 1400 1486 Jo.
1438 1446 1584 1486 Wallis

111 1506 258 1547 Oxon.
286 1520 308 1545 e
331 1506 499 1545 theatro
525 1506 845 1546 Scheldoniano
879 1520 945 1544 an.
971 1510 1093 1549 1682.
1152 1505 1306 1559 Ibique
1332 1504 1376 1541 in
1403 1504 1586 1555 Appen-

111 1561 207 1602 dice
223 1572 413 1602 veterum
427 1563 731 1602 Harmonicam
754 1561 806 1601 ad
830 1560 1082 1600 hodiernam
1098 1569 1396 1614 comparatam.
1415 1561 1582 1597 RmTz.

113 1619 306 1669 Varium,
339 1618 456 1674 quod
477 1619 759 1659 Bourclelotius
782 1617 948 1669 maluit,
980 1632 1106 1671 quam
1124 1620 1371 1666 suavitatem,
1403 1629 1491 1654 non
1514 1630 1586 1653 re-

109 1675 295 1728 spondet
318 1675 514 1728 proxime
536 1677 635 1715 voci
654 1673 889 1731 γλαφυρόν,
921 1674 1003 1714 etsi
1024 1672 1133 1713 illud
1155 1673 1204 1712 ab
1224 1674 1318 1727 ipsa
1338 1686 1382 1712 re
1401 1686 1490 1711 non
1515 1670 1586 1710 ad·

111 1731 284 1770 modum
316 1731 528 1771 abhorret.
593 1732 774 1771 Rectius
809 1731 1034 1784 Obsopoeus
1063 1740 1106 1769 et
1140 1729 1331 1771 Gesnerus
1361 1727 1585 1782 proprium

112 1802 236 1826 usum
259 1798 503 1829 tenuerunt,
562 1788 662 1826 Vid.
684 1789 820 1826 Dian.
851 1789 983 1828 Deor.
1017 1787 1122 1837 XX,
1158 1792 1225 1829 11.
1257 1784 1467 1841 γλαφυρὸν
1497 1800 1589 1836 μει-

113 1848 230 1901 διᾷν,
261 1855 303 1884 et
326 1842 554 1884 Demosth.
571 1845 752 1886 Encom.
775 1858 810 1883 e.
833 1848 871 1888 6.
899 1846 943 1885 αἱ
958 1847 1039 1885 τῶν
1065 1847 1307 1898 παραβολῶν
1333 1838 1589 1897 γλαφυρότη-

115 1919 191 1951 teg.
221 1902 383 1941 LmrM.

231 1958 334 1999 Ead.
356 1961 384 1996 l·
405 1962 471 2001 13.
506 1953 993 2011 Νικήσας-ὁμώνυμόν
1018 1957 1109 2006 σοι)
1140 1954 1441 2004 Harmonides,
1466 1956 1589 2006 cujus

116 2015 295 2053 nomine
328 2014 446 2053 hunc
477 2014 669 2054 libellum
708 2014 940 2068 insignivit
965 2013 1216 2060 Lucianus‚
1250 2012 1361 2065 petit
1392 2026 1414 2049 a
1446 2010 1590 2049 Timo-

117 2071 220 2110 theo
239 2071 445 2126 magistro
471 2085 571 2122 suo,
606 2070 680 2124 qui
700 2085 745 2109 se
768 2071 895 2109 tibias
919 2068 1068 2109 inflare
1092 2068 1319 2119 docuerat,
1350 2076 1399 2106 ut
1421 2081 1465 2106 se
1485 2079 1591 2120 quo-

118 2140 225 2179 que,
261 2125 615 2178 quemadmodum
649 2127 825 2181 gloriam
855 2126 937 2165 sibi
963 2136 1202 2179 comparet,
1235 2125 1408 2174 doceat,
1443 2137 1527 2176 quo
1548 2130 1592 2162 et

120 2184 212 2236 ipse
244 2181 380 2237 digito
412 2193 669 2223 monstretur
701 2183 1089 2235 praetereuntium:
1130 2181 1280 2235 ὥςπερ,
1324 2179 1488 2235 inquit,
1526 2175 1592 2220 ’ὅτε

120 2241 189 2282 καὶ
208 2237 279 2290 σύ,
307 2235 338 2280 ὦ
363 2238 555 2292 Τιμόθεε,
587 2237 951 2293 τοπρῶτονέλθών
971 2241 1138 2282 οἴκοθεν
1159 2241 1201 2281 ἐκ
1213 2239 1430 2285 Βοιωτίας,
1461 2231 1593 2287 ὖπηύ·

121 2301 250 2348 λησας
272 2301 321 2353 τῇ
344 2298 607 2345 Πανδιονίδι,
641 2297 707 2337 καὶ
733 2295 907 2349 νικήσας
926 2297 968 2338 ἔν
989 2300 1047 2351 τῷ
1065 2297 1209 2338 Αἴαντι
1225 2300 1282 2349 τῷ
1302 2296 1488 2347 ἐμμανεῖ,
1520 2295 1594 2332 τοῦ

123 2350 343 2406 ὁμώνυμόν
370 2366 434 2395 σοι
464 2350 712 2404 ποιήσαντος
732 2351 776 2394 τὸ
799 2354 934 2405 μέλος,
967 2350 1100 2400 οὐδεὶς
1118 2348 1192 2404 ἦν.
1224 2351 1269 2400 ὃς
1285 2348 1423 2405 ἠγνόει
1443 2345 1594 2391 τοῦνο-

124 2427 200 2463 μα,
241 2407 445 2461 Τιμόθεον
471 2410 514 2452 ἐκ
549 2412 708 2462 Θηβῶν.
769 2410 816 2448 Si
840 2409 944 2448 haec
975 2418 1135 2448 attente
1170 2408 1480 2461 inspiciantur,
1512 2418 1596 2458 pa-

123 2476 209 2515 tet,
252 2466 339 2505 nisi
368 2466 518 2513 fallor,
561 2463 831 2504 scribendum
863 2466 1062 2515 ἐνίκησας.
1123 2465 1233 2504 Sicut
1267 2480 1356 2503 cum
1389 2464 1504 2501 etiam
1537 2471 1592 2508 tu,

127 2523 352 2571 Timothee,
397 2525 566 2575 primum
597 2537 650 2560 ex
682 2523 817 2574 patria
852 2521 1018 2560 Boeotia
1048 2537 1241 2573 egressus,
1284 2520 1391 2558 tibiis
1422 2517 1596 2558 cecinisti

129 2579 398 2629 Pandionicle,
429 2590 463 2617 et
484 2578 792 2632 .s·11periorf11isti
816 2581 855 2616 in
872 2578 1174 2633 Ajacesurenle
1193 2588 1271 2615 etc.
1305 2576 1526 2616 Caeterum
1548 2573 1595 2610 in

129 2635 270 2673 verbis
300 2635 599 2688 sequentibus,
635 2633 750 2686 quod
780 2633 996 2673 DIarcilius
1029 2647 1107 2684 pro
1145 2630 1361 2686 ὁμώνυμόν
1394 2646 1458 2673 σοι
1487 2628 1598 2683 legit

133 2686 354 2743 ὁμωνύμου
388 2705 485 2740 σου,
528 2690 762 2730 certissima
793 2689 964 2741 quidem
1003 2687 1172 2727 videtur
1208 2687 1474 2733 eme11datio;
1520 2682 1598 2735 (id

133 2759 316 2802 namque
340 2748 480 2789 voluit
512 2756 679 2798 auctor,
712 2748 884 2800 superior
903 2745 1030 2801 sitisti
1053 2761 1116 2794 co,
1152 2748 1221 2800 qui
1251 2745 1323 2786 tibi
1355 2742 1595 2798 cognominis
