1834 3188
263 176 363 226 488
612 183 1362 218 Anno‘rArroNEs

263 287 368 330 στῶν
386 286 427 327 οἱ
446 281 718 338 δοκιμώτατοι.
760 280 856 325 ὅσον
891 276 938 323 οὗ
967 278 1106 336 μικρὸν
1131 278 1211 334 ἤδη
1244 278 1297 334 μὴ
1325 279 1472 335 τοῦμὸν
1500 280 1713 337 napea-roh}

265 342 508 395 ἐνδεέστερον
535 341 725 394 φαίνηται
745 343 823 380 τῶν
843 335 1088 390 Ὀλυμπίων.
1149 336 1218 376 Sic
1237 351 1406 392 quoque
1427 338 1577 392 legisse
1597 339 1715 378 vide-

266 407 336 438 tur
378 397 620 451 Obsopoeus,
672 395 745 449 qui
781 394 898 433 hunc
936 398 1076 434 locum
1105 392 1211 433 bene
1245 395 1381 432 vertit.
1421 395 1596 434 GnAnv.
1654 396 1716 434 Ut

269 453 456 496 Graevius
475 452 762 506 interpungit‚
796 451 858 489 sic
877 449 954 489 Ed.
976 451 1067 490 Par.
1089 452 1169 502 jam
1189 449 1378 492 habebat.
1409 451 1568 490 Rmvrz.

381 508 483 549 Eacl.
503 512 530 548 1.
553 513 593 552 6.
615 507 749 548 ΓὈσον
774 504 822 549 οὗ
847 504 989 561 μικρὸν
1011 506 1120 559 ἤδη)
1153 507 1269 544 Haec
1291 520 1439 554 nemo,
1470 506 1619 555 credo,
1650 507 1716 545 in.

270 566 446 621 telligat.
506 564 719 615 Corrupta
759 563 900 616 itaque
931 562 1055 601 verba
1096 562 1351 615 pronunti03
1401 577 1538 617 neque
1578 574 1715 603 tamen

270 620 483 679 quomodo
503 619 674 659 restitui
693 619 879 672 possint,
914 618 1049 657 adhuc
1066 618 1213 671 liquet.
1271 618 1428 658 Dicere
1447 618 1606 670 debuit,
1638 620 1722 659 Pa-

271 695 356 719 rum
374 693 461 731 ergo
482 676 610 725 abest,
642 678 736 731 quin
753 675 806 715 ad
826 675 1115 730 Olympicorum
1135 674 1390 714 celebritatem
1406 675 1597 715 accedant
1613 676 1720 716 kaec-

273 736 443 776 somn.
504 731 571 771 Ad
588 733 784 782 verbum,
824 742 970 770 tantum
1003 748 1079 771 non
1105 747 1269 785 parvum
1284 733 1370 784 jam
1400 741 1484 783 est,
1526 731 1610 770 hoc
1635 740 1720 781 est,

273 805 419 844 parum
441 789 578 837 abest,
610 787 713 841 quin
739 788 859 841 parvi
883 791 963 841 jam
985 786 1115 838 illud,
1147 789 1214 826 vel
1234 787 1346 826 illam
1366 802 1526 838 curam,
1560 787 1724 839 faciam,

275 861 330 886 ne
352 846 531 885 inferior
551 853 629 883 etc.
689 845 733 884 Si
755 844 847 897 quis
871 858 941 893 ea,
976 858 1080 897 quae
1108 843 1245 882 adhuc
1271 842 1385 893 dixi,
1417 844 1522 883 bene
1549 857 1725 898 perpen-

278 902 413 948 derit,
447 900 613 939 videbit
637 915 701 939 me
720 900 764 937 in
789 899 954 939 theatro
978 914 1065 938 non
1088 902 1263 938 multum
1292 899 1479 951 minore,
1507 899 1648 953 'quam
1679 899 1724 937 in

278 957 385 1012 ipsis
405 956 619 1010 Olympiis
643 956 810 995 versari.
869 956 931 994 Ut
951 955 1022 994 hie
1051 955 1188 996 laboro
1222 954 1368 994 addidi
1401 956 1445 994 in
1477 956 1728 1009 interpreta-

279 1015 400 1054 tione
420 1014 469 1051 ad
493 1016 629 1052 lucem
650 1010 908 1051 sententiae:
940 1012 999 1050 ita
1020 1027 1120 1051 mox
1139 1026 1160 1050 a
1183 1011 1339 1051 Zeuxis
1360 1012 1574 1064 principio
1589 1043 1601 1064 ,
1631 1014 1727 1051 veri·

281 1081 343 1109 ius
364 1068 632 1108 inserendum
656 1069 753 1106 fuit.
785 1068 921 1109 GESN.
967 1065 1103 1110 ‘'Ocov
1134 1064 1182 1109 οὕ
1204 1067 1343 1121 μικρὸν
1365 1069 1453 1116 δέος
1469 1068 1728 1120 conjiciebat

282 1126 456 1166 Belinus.
488 1125 583 1164 er.
643 1123 785 1162 Vertit
814 1134 952 1163 autem
970 1124 1154 1165 Belinus:
1185 1126 1305 1177 etj'ai
1324 1134 1407 1162 tout
1427 1123 1502 1162 lieu.
1527 1123 1573 1162 de
1592 1126 1731 1163 crain-

285 1181 353 1220 dre
371 1181 488 1220 d'etre
502 1178 595 1234 juge'
618 1182 672 1220 ici
688 1195 780 1219 avec
801 1179 891 1233 plus
912 1179 957 1218 de
974 1179 1129 1221 sc¹ve¹rite
1149 1182 1268 1235 queje
1289 1196 1333 1217 ηε
1350 1179 1384 1218 Ze
1400 1182 1518 1219 εει-οἱς
1537 1180 1562 1218 ἁ
1589 1179 1732 1235 Olym—

282 1240 356 1291 pie.
436 1237 590 1291 Quam·
611 1237 863 1275 sententiam
896 1245 1010 1275 certo
1038 1237 1128 1275 scio
1160 1250 1183 1274 a
1209 1235 1378 1274 nemine
1403 1236 1628 1289 probatum
1654 1235 1730 1285 iri,

287 1294 363 1345 qui
385 1307 541 1332 nexum
560 1291 767 1331 orationis
790 1301 982 1331 accurate
1001 1291 1292 1346 perpenderit,
1323 1295 1585 1345 maximeque
1605 1291 1732 1330 verba

286 1349 501 1402 proxima,
531 1347 584 1401 μὴ
602 1345 753 1399 τοῦμὸν
775 1357 853 1387 etc.
885 1357 998 1387 recte
1017 1348 1263 1401 respexerit.
1321 1348 1423 1387 Non
1447 1357 1614 1387 veretur
1633 1362 1733 1385 auc-

287 1414 356 1444 tor
387 1408 584 1458 majorem
618 1403 859 1443 auditorum
890 1419 1060 1443 suorum
1096 1404 1382 1452 severitatem,
1421 1403 1493 1442 sed
1521 1402 1736 1456 praedicat

288 1465 486 1515 majorem
508 1475 651 1501 eorum
671 1460 935 1511 splendorem
952 1475 998 1499 ac
1019 1460 1291 1515 dignitatem,
1324 1474 1446 1514 quam
1467 1474 1574 1513 quae
1591 1460 1737 1512 Olym·

289 1517 459 1570 piorum
479 1516 624 1556 fuerit.
684 1516 783 1554 Non
805 1516 1051 1555 inferiorern
1077 1516 1182 1555 dicit
1205 1530 1318 1554 suam
1342 1525 1493 1555 sortem
1520 1530 1633 1565 esse,
1664 1514 1738 1568 qui

291 1571 565 1612 audientibus
589 1571 845 1620 rhetoribus,
870 1571 1083 1611 historicis
1098 1581 1139 1611 et
1162 1571 1380 1624 sophistis»,
1413 1572 1515 1610 viris
1539 1570 1738 1610 doctissi-

292 1628 395 1679 mis,
428 1629 583 1680 scripta
602 1642 675 1666 sua
705 1627 875 1676 recitet,
918 1642 1038 1682 quam
1071 1628 1284 1667 Herodoti
1312 1637 1352 1667 et
1380 1627 1602 1676 Aetionis,
1643 1626 1740 1666 reli-

295 1697 585 1737 quorumque,
618 1683 691 1736 qui
711 1682 938 1737 Olympiae
971 1698 1108 1722 coram
1137 1683 1271 1722 omnis
1303 1683 1465 1738 generis
1496 1682 1741 1722 hominibus

295 1749 424 1778 artem
448 1754 563 1777 sunm
585 1740 908 1779 ostentaverint.
968 1739 1087 1794 Quae
1114 1754 1240 1793 quum
1263 1740 1320 1779 ita
1344 1739 1457 1788 sint,
1488 1754 1562 1791 per
1589 1754 1631 1778 se
1650 1742 1744 1777 col-

293 1795 454 1834 labitur
471 1795 603 1834 Belini
624 1799 886 1847 conjectura,
929 1809 1036 1850 quae
1057 1810 1134 1835 nec
1154 1795 1261 1834 bene
1284 1795 1450 1852 quidem
1475 1796 1631 1834 Graeca
1657 1803 1743 1843 est,

295 1861 338 1889 et
365 1865 457 1889 cum
487 1865 534 1891 ea
567 1851 687 1889 simul
721 1851 846 1890 etiam
878 1852 1160 1904 praestantior
1190 1851 1286 1902 illa,
1326 1866 1448 1906 quam
1478 1851 1684 1890 Jacobsius
1702 1859 1746 1888 et

297 1906 485 1960 Seagerus
504 1907 821 1961 excogitarunt:
853 1910 940 1956 δέος
960 1903 1032 1949 οὖν
1055 1904 1106 1950 ου’
1123 1906 1263 1961 μικρὸν
1284 1917 1361 1949 etc.
1419 1907 1610 1959 Utraque
1632 1904 1745 1945 enim

295 1962 514 2001 timentem
541 1963 656 2002 sistit
680 1971 919 2013 auctorem,
949 1963 1023 2016 qui
1052 1973 1198 2002 contra
1224 1962 1431 2017 gaudebat
1455 1962 1623 2001 honore
1653 1974 1746 1999 suo.

297 2018 448 2058 Otium
467 2018 574 2059 mihi
592 2019 762 2059 fecisset
790 2018 945 2058 Gesner-i
964 2029 1046 2057 tam
1075 2019 1318 2072 planissima
1333 2049 1344 2068 ,
1377 2033 1499 2072 quam
1521 2016 1748 2056 subtilissi-

297 2088 390 2123 ma,
421 2074 643 2114 verborum
668 2074 922 2126 explicatio,
952 2075 1036 2113 nisi
1070 2074 1324 2121 recentiores
1352 2075 1478 2127 hujus
1509 2073 1594 2113 loci
1618 2073 1749 2112 inter-

298 2139 435 2183 pretes
456 2140 497 2169 et
518 2130 680 2184 judices
698 2143 786 2168 eam
809 2134 877 2170 vel
899 2145 985 2168 non
1014 2130 1194 2184 cepisse,
1228 2133 1295 2170 vel
1312 2135 1437 2184 plane
1454 2144 1540 2169 non
1561 2142 1747 2179 curasse,

298 2184 498 2227 viderem.
554 2183 690 2227 ‘'Osov
720 2181 767 2226 οὗ
798 2197 859 2225 est
891 2202 1034 2239 paene,
1064 2187 1223 2243 ferme3
1275 2189 1331 2228 cf.
1365 2185 1459 2229 ὅσον
1491 2181 1648 2227 ου’δὲπω
1676 2185 1748 2224 De

298 2241 433 2284 Mero.
460 2241 594 2283 Cond.
615 2256 648 2282 c.
670 2247 735 2286 31.
794 2242 944 2296 Neque
965 2241 1070 2281 adeo
1093 2239 1141 2283 οὗ
1165 2258 1257 2282 cum
1279 2241 1421 2297 μικρὸν
1442 2251 1551 2280 arcte
1571 2243 1749 2294 jungen-

302 2296 400 2334 dum
437 2308 523 2346 est,
556 2297 669 2353 quod
686 2297 874 2338 Reiizius.
897 2298 1048 2339 fecisse
1070 2298 1264 2349 videtur,
1300 2314 1427 2352 quum
1453 2313 1474 2337 e
1497 2299 1630 2337 Zeux.
1650 2311 1684 2335 c.
1706 2301 1746 2339 3.

303 2354 562 2392 contrarium
600 2352 823 2406 quiddam,
867 2352 940 2396 ὅσα
968 2353 1077 2397 πάνυ
1102 2352 1232 2410 ὀλίγα,
1265 2353 1598 2407 conferrijubet.
1657 2357 1750 2393 Ma·-

301 2406 401 2460 κρόν
419 2419 582 2461 autem,
612 2420 812 2465 sequente
832 2408 884 2463 μὴ
899 2443 909 2461 ,
939 2410 1052 2449 nihil
1072 2420 1152 2462 est,
1185 2411 1270 2449 nisi
1292 2410 1511 2450 notissima
1530 2409 1603 2447 illa
1629 2407 1752 2459 ellip-

305 2464 360 2502 sis
394 2465 512 2507 verbi
540 2467 639 2516 ἐστὶ,
674 2482 815 2520 parum
837 2478 912 2516 est,
940 2468 1204 2525 parvifacio,
1240 2464 1396 2507 metum
1421 2465 1584 2505 scilicet
1605 2463 1750 2514 illum,

306 2535 351 2557 ne
373 2529 451 2559 etc.
476 2522 504 2560 i.
527 2536 560 2563 e.
574 2538 715 2576 parum
732 2534 879 2572 metuo,
912 2540 958 2561 ne
979 2532 1056 2562 etc.
1092 2522 1203 2578 quod
1225 2537 1318 2562 cum
1337 2521 1477 2574 lepida
1497 2518 1676 2572 quadam
1710 2528 1753 2558 et:

307 2575 495 2614 modesta
525 2577 665 2617 ironia
692 2578 850 2617 dictum
874 2591 973 2631 pro:
1015 2579 1085 2619 Sic
1104 2582 1191 2632 jam
1212 2579 1438 2632 planissime
1460 2575 1598 2626 video,
1626 2591 1753 2615 meam

310 2630 567 2672 conditionem
604 2636 759 2674 minime
786 2635 1008 2691 inferiorem
1038 2652 1134 2685 esse,
1186 2651 1305 2689 quam
1338 2633 1614 2687 Olympiorum.
1677 2630 1754 2682 Μὴ

311 2694 449 2726 autem
470 2690 575 2741 poni
594 2704 900 2747 nonnunquam
922 2691 1003 2743 ita,
1035 2701 1083 2734 ut
1102 2690 1295 2744 verbum,
1325 2688 1437 2729 unde
1454 2687 1629 2741 pendet,
1658 2702 1756 2742 sup-
