1834 3188
334 203 401 252 78

193 334 231 368 p.
244 321 323 368 796.
338 311 564 371 οἷνθρῶπου
582 317 681 368 ἐστὶ,
714 314 768 371 μὴ
789 314 986 371 πρότερον
1013 314 1126 365 εἰδῶς
1141 313 1240 371 μηδ’
1263 316 1448 372 ἑωρακώς
1467 315 1712 374 ἄνθρωπον,

335 387 374 427 τί
395 390 528 442 σιγᾷς;
556 382 584 438 ’ἢ
605 387 647 435 a)
681 383 816 440 βούλει
835 383 907 440 ἐγώ
929 381 1210 439 ἀποκρίνωμαι
1229 382 1328 440 ὑπὲρ
1347 391 1422 429 σοῦ
1452 384 1501 428 τά
1522 405 1564 442 γε
1584 384 1716 442 α’ναγ-

826 218 1230 251 LUCIANI

336 459 453 503 καῖα,
485 451 544 495 ὅτι
574 449 650 495 οὔκ
668 452 718 495 ἂν
741 453 854 508 εἶχες,
885 452 978 503 (ὅς-τε
1003 452 1231 497 κινδυνεύει
1263 452 1283 498 ὅ
1321 457 1484 504 Φειδίας
1515 454 1719 509 ἄπρακτος

336 518 651 574 οἷτνεληλυθέναι,
684 521 813 577 μάτην
835 519 1072 574 οἷναπλοῖσας
1091 523 1161 566 τόν
1177 528 1336 567 λέοντα·
1378 519 1495 565 ου’δὲν
1518 522 1593 580 γὰρ
1615 522 1719 579 πρὸς

336 607 407 633 τον
434 589 664 640 Διόνυσον,
719 587 751 633 ὦ
781 587 937 648 παῖῦ),
976 594 1171 648 λέγωνῧ).
1218 590 1247 646 ἢ
1279 597 1367 642 πῶς
1400 588 1517 634 ταῦτ’
1554 594 1720 641 ἐκείνοις

339 656 480 713 όμοια;
510 664 566 715 τῷ
586 661 656 712 μὲν
676 659 751 715 γὰρ
780 664 923 702 Φειδία
942 663 1008 703 καὶ
1041 663 1103 703 σοὶ
1134 658 1253 704 ουδὲν
1285 659 1378 703 ἄλλο
1410 666 1483 704 τοῦ
1511 665 1718 718 γνωρίζειν

335 745 384 769 τα
405 729 501 782 μέρη
527 729 654 769 αἴτιον
673 728 745 781 ἡν,
778 725 805 782 ἢ
823 726 865 770 τὸ
886 731 1029 771 εἰδέναι
1051 729 1093 772 τό
1110 728 1224 781 όλον,
1257 728 1481 785 α’νθρωπον
1503 733 1621 787 λέγω,
1652 732 1719 773 καὶ

336 797 496 838 λέοντα
528 799 571 839 ἐν
591 800 814 852 φιλοσοφίᾳ
835 797 895 848 δὲ,
932 796 1020 840 οἷον
1040 803 1092 855 τῇ
1114 804 1326 878 th'cn’cSv,
1360 803 1443 848 πῶς
1471 797 1522 841 ἂν
1541 796 1623 842 α’πό
1646 804 1721 842 τοῦ

337 864 483 918 μέρους
501 866 568 906 καὶ
585 863 632 906 τοὶ
650 864 769 906 λοιπα
789 868 891 915 ἴδοις
911 862 981 921 d);
1010 862 1037 919 η’
1055 872 1139 916 πῶς
1157 864 1207 908 ὂίν
1226 863 1479 919 α’ποφαίνοιο
1500 868 1541 923 e)
1573 885 1627 916 ως
1648 885 1718 909 κα-

1472 934 1532 977 O
1552 936 1593 977 δὲ
1615 934 1718 991 φῂς,

336 999 397 1042 ότι
415 1019 461 1041 τα
484 1000 685 1052 κεφάλαια
703 1001 846 1059 ῥᾴδιον
870 999 1044 1044 α’κοῦσαι
1063 1000 1223 1057 ἇπασης
1255 1007 1503 1057 φιλοσοφίας
1530 1006 1572 1046 ἐν
1600 1001 1721 1061 (ἶλίγῳ

255 926 310 970 56
337 929 408 983 λά,
441 930 489 974 ου’
506 931 580 988 γάρ
602 932 724 975 οἶσθα
744 932 786 976 τὸ
808 933 925 986 ὅλον,
960 935 1007 976 οὑ
1029 937 1126 989 μέρη
1150 934 1282 978 ἐκεῖνά
1306 938 1422 978 ἐστιν.

334 1071 463 1125 μορίῳ
493 1067 670 1124 ἡμέρας,
704 1069 818 1123 οἷον,
851 1067 974 1126 α’ρχᾶς
1008 1069 1160 1120 αὐτῶν,
1194 1073 1261 1113 καὶ
1289 1073 1403 1126 τέλη,
1433 1074 1501 1114 καὶ
1531 1074 1569 1114 τί
1596 1070 1723 1122 θεοὺς

334 1140 489 1179 οἴονται
507 1138 629 1189 εἶναι,
660 1142 698 1181 τί
724 1138 883 1193 ψυχὴν,
913 1141 979 1182 καὶ
1008 1143 1111 1188 τίνες
1140 1140 1211 1192 μὲν
1241 1140 1403 1194 σώματα
1431 1140 1566 1182 πάντα
1593 1143 1718 1194 φασὶ,

333 1208 439 1255 τίνες
459 1208 500 1249 δὲ
520 1210 583 1249 καὶ
607 1204 798 1261 οἷσώματα
829 1207 931 1250 εἶναι
960 1204 1142 1258 ἐξιοῦσι,
1184 1210 1251 1249 καὶ
1280 1207 1339 1250 ὅτι
1369 1213 1411 1251 οἱ
1435 1210 1507 1263 μὲν
1533 1206 1715 1262 ἡδονὴν,

336 1278 377 1317 οἵ
391 1276 451 1322 δὲ,
481 1274 525 1318 τὸ
552 1274 673 1318 καλὸν
698 1273 856 1331 ἆγαθὸν
885 1278 952 1318 καὶ
984 1274 1175 1330 εὔδαιμον
1207 1279 1405 1329 τίθενται,
1437 1279 1501 1319 καὶ
1523 1276 1569 1318 τοὶ
1589 1283 1721 1320 τοιαῦ-

188 1353 227 1386 Ρ·
241 1352 319 1387 797·
333 1357 400 1385 τα·
436 1340 582 1386 οὑτωσὶ
601 1347 674 1398 μὲν
693 1341 968 1395 οἷκούσαντας,
1000 1340 1332 1399 οἷποφήνασθαι
1321 1343 1485 1401 ὁᾴδιον,
1517 1348 1582 1388 καὶ
1602 1347 1720 1402 ἔργον

377 1458 421 1501 a)
449 1454 499 1502 ἡ]
525 1458 561 1493 εἰ
576 1470 679 1501 3011.
700 1459 799 1503 quod
826 1459 990 1504 praefert
1010 1457 1088 1490 Bel.
1109 1457 1275 1490 scribens
1303 1457 1433 1492 deinde
1454 1457 1718 1506 αποκρίνομαι,

425 1512 466 1537 ut
482 1515 673 1548 perperam
694 1506 730 1538 in
752 1507 792 1538 B.
814 1518 845 1549 3
864 1506 1014 1550 legitur.
1082 1505 1126 1545 b)
1155 1517 1183 1537 ω
1208 1505 1316 1548 παῖ]
1346 1500 1494 1547 „uin-tvm
1520 1518 1648 1547 margo
1668 1509 1715 1541 H.

426 1557 461 1583 et
481 1551 519 1583 ΡΙ
576 1552 727 1584 Ceteiae
745 1552 934 1596 vulgatam
959 1550 1140 1589 retiner1t3
1178 1551 1267 1583 item
1288 1551 1327 1583 L.
1352 1554 1405 1586 M.
1428 1554 1466 1585 P.
1475 1555 1498 1572 “
1569 1554 1620 1597 c)
1647 1553 1718 1589 λέ-

423 1599 531 1641 γων]
558 1597 696 1641 ,,γε’λων
715 1599 749 1629 Ρ.
778 1598 879 1630 Nihil
899 1602 1046 1629 imitant
1064 1596 1156 1630 Edd.
1165 1597 1189 1614 ‘⁶
1216 1596 1295 1631 Vid.
1312 1597 1441 1632 Adnor.
1493 1599 1540 1639 d)
1568 1600 1716 1643 ἴδοις]

423 1645 513 1686 „Sic
532 1644 584 1675 Ρ]-
611 1645 655 1677 H.
673 1645 702 1676 J.
725 1645 806 1677 Par.
829 1645 861 1677 S
883 1650 918 1676 et
939 1644 1007 1676 M
999 1645 1021 1662 ί
1080 1649 1122 1682 e)
1159 1638 1474 1695 οἷποφάνο-ιο]
1500 1644 1717 1690 ἁποφάνοις

419 1697 524 1733 5011.
544 1690 647 1734 quod
664 1691 828 1735 praefert
853 1691 1022 1734 Belinus,
1049 1688 1241 1734 imperite:
1270 1702 1358 1723 nam
1388 1690 1512 1735 ipsum
1533 1694 1716 1736 Medium,

329 1797 494 1848 dicere,
538 1813 625 1838 eam
659 1813 746 1838 esse
773 1798 987 1849 hominis,
1048 1808 1170 1852 parte
1200 1812 1430 1852 cognosces
1453 1799 1579 1839 etiam
1603 1802 1715 1840 reli-

328 1856 366 1894 si
416 1856 534 1908 prius
587 1870 725 1909 neque
769 1857 985 1905 novisses,

326 1926 468 1965 neque
511 1912 691 1951 vidisses
734 1911 948 1951 hominem
967 1912 987 1951 ἱ)

328 1968 432 2022 quid
476 1969 624 2008 taces?
667 1979 739 2007 aut
776 1970 867 2019 vis,
909 1982 987 2023 ego

326 2039 405 2080 pro
450 2034 491 2062 te
527 2026 757 2064 necessaria
801 2039 990 2078 respon-

329 2083 472 2131 deam,
506 2091 546 2119 te
577 2096 662 2120 non
698 2096 841 2134 posse,
873 2081 992 2120 vide-

327 2139 431 2178 licet.
494 2138 633 2190 Igitur
655 2139 811 2176 infecta
839 2153 879 2176 re
901 2140 988 2176 abi-

326 2205 447 2233 turus
471 2193 640 2232 videtur
662 2204 759 2232 tuus
787 2194 985 2244 Phidias,

326 2250 467 2290 efficto
494 2252 644 2289 frustra
672 2254 808 2297 leone,
827 2252 985 2301 dicens,

324 2308 437 2346 nihil
455 2307 536 2345 hoc
554 2306 604 2345 ad
628 2307 853 2356 Bacchum,
872 2322 986 2360 puer.

323 2368 412 2402 Aut
438 2363 654 2416 quomodo
681 2363 784 2402 haec
818 2365 903 2402 illis
926 2365 988 2402 si-

324 2421 474 2458 milia?
509 2420 690 2459 Phidiae
713 2421 821 2459 enim
842 2432 881 2460 et
904 2421 985 2459 tibi

323 2479 440 2514 nulla
466 2477 549 2513 fuit
571 2491 716 2515 caussa
741 2478 820 2515 alia
844 2489 983 2531 partes

324 2532 612 2587 agnoscendi,
664 2544 827 2585 praeter
867 2549 983 2583 eam,

324 2588 439 2640 quod
464 2588 674 2641 integrum
698 2591 889 2640 nossetis,
908 2591 985 2630 ho-

322 2646 477 2683 minem
532 2646 653 2691 dico,
718 2657 758 2685 et
801 2650 980 2686 leonem.

322 2702 374 2741 In
396 2700 670 2753 philosophia
694 2713 844 2752 autem,
879 2718 912 2743 e.
940 2719 981 2757 g.

323 2759 593 2805 Stoicorum,
665 2759 878 2812 quomodo
929 2774 982 2800 ex

1050 1855 1164 1909 qua?
1190 1866 1261 1893 aut
1281 1856 1497 1907 quomodo
1515 1858 1712 1909 pulchras

1049 1912 1387 1966 pronuntiabis?
1432 1928 1569 1964 neque
1596 1915 1710 1953 enim

1048 1978 1185 2007 totum
1210 1969 1338 2015 nosti,
1357 1972 1474 2021 cujus
1499 1970 1594 2009 illae
1619 1985 1712 2022 par-

1048 2035 1110 2064 tes
1129 2034 1241 2063 sunt.
1303 2024 1429 2077 Quod
1456 2041 1553 2065 vero
1579 2027 1710 2078 dicis,

1049 2082 1188 2133 capita
1213 2095 1373 2119 summa
1405 2082 1710 2136 philosophiae

1047 2139 1176 2176 facile
1228 2153 1315 2177 esse
1359 2139 1503 2177 audiie
1550 2141 1708 2194 exigua

1049 2194 1133 2233 diei
1167 2205 1309 2247 parte,
1355 2209 1388 2233 e.
1423 2211 1459 2249 g.
1493 2197 1707 2249 plincipia

1048 2255 1274 2304 cujusque,
1311 2261 1351 2290 et
1378 2252 1506 2302 fines,
1540 2264 1579 2291 et
1603 2252 1707 2306 quid

1047 2309 1167 2346 Deos
1190 2317 1339 2359 putent
1359 2323 1460 2358 esse,
1497 2309 1596 2362 quid
1618 2310 1709 2347 ani·

1046 2364 1186 2403 mam?
1222 2364 1293 2416 qui
1314 2379 1488 2417 corpora
1507 2379 1593 2403 esse
1617 2380 1705 2403 om-

1046 2422 1114 2459 nia
1142 2420 1308 2469 dicant,
1343 2422 1414 2472 qui
1450 2421 1703 2474 incorporea

1043 2479 1168 2517 eriam
1191 2476 1390 2530 quaedam
1422 2478 1557 2515 velint
1579 2478 1705 2518 esse?

1045 2545 1084 2573 et
1120 2533 1232 2586 quod
1265 2534 1337 2571 alii
1363 2533 1530 2586 quidem
1555 2534 1596 2571 in
1618 2549 1704 2573 vo·-

1042 2593 1224 2642 luptate‚
1257 2589 1329 2627 alii
1355 2604 1452 2628 vero
1477 2591 1519 2627 in
1548 2590 1701 2629 hones-

1044 2656 1128 2685 tate
1165 2645 1320 2683 bonum
1363 2660 1409 2683 ac
1452 2647 1698 2686 felicitatem

1043 2705 1279 2750 collocant,
1325 2712 1364 2740 et
1405 2703 1584 2753 similia,
1636 2703 1700 2742 sic

1041 2757 1188 2797 audire
1210 2768 1252 2798 et
1272 2757 1444 2798 reddere
1468 2760 1595 2800 facile
1619 2769 1695 2808 est,
