1834 3188
347 200 671 232 HERMOTJMUS
706 199 810 231 SIVE
846 200 911 230 DE
948 200 1124 230 SECTIS.

1353 189 1449 236 109

61 304 152 351 νίας
171 298 321 352 (δώσω
344 299 420 356 γοὶρ
438 298 559 342 τοῦτό
583 299 680 352 σοι)
702 302 874 348 τοςαῢτα
895 303 1035 348 πονεῖς
1055 297 1312 354 κατατρύχων
1335 314 1499 354 σεαυ-Ρ.
1513 314 1593 347 82ι.

61 370 154 422 τόν,·
185 371 253 411 καὶ
282 367 618 424 παραδεδράμηκέ
648 382 691 409 σε
721 362 742 408 ἆ
770 368 860 420 βίος
889 363 911 409 ὅ
941 371 1131 416 τοςοῦτος
1152 369 1193 410 ἐν
1213 364 1361 425 ἀκηδίᾳ
1382 367 1448 425 c)‚

62 441 130 480 καὶ
158 435 343 493 καμάτῳ,
395 438 461 479 καὶ
493 434 733 491 ἀγρυπνίαις
759 432 864 475 κάτω
894 435 1133 489 νενευκότα,-
1173 438 1240 478 καὶ
1271 440 1452 487 εἰςαῦθις

63 522 275 560 πονησεις,
309 502 362 554 ὥς
381 523 487 560 φῃς,
518 503 613 547 ἄλλα
638 506 789 545 εἴκοσιν
819 505 884 556 ἔτη
902 503 1188 559 τούλάχιστον,
1220 503 1272 547 ι’ν’
1294 502 1450 561 ὀγδοη-

62 573 340 628 κοντούτηςγε
329 575 535 627 νόμενος,
569 574 605 614 εἴ
621 567 669 626 d)
700 589 758 620 τις
788 572 981 627 ἐγγυητης
1012 576 1093 616 ἐστι’
1120 590 1204 625 σοι,
1244 573 1304 617 ὅτι
1324 573 1450 629 βιώσῃ

63 647 254 692 τοςαῦτα,
289 640 398 695 ὅμως
416 659 464 694 ης
481 644 523 684 ἐν
541 647 623 690 τοῖς
644 641 746 694 μηόε
748 657 809 681 πω
831 638 1166 695 εὖόαιμονοῦσιν;
1199 645 1234 685 εἰ
1251 661 1302 696 μη
1324 641 1451 696 μόνος

64 715 141 756 οἴει
168 710 379 762 τεύξεσθαι
403 728 568 761 τουτου,
612 710 679 750 καὶ
709 707 884 762 αἷοησειν
916 709 1102 761 διώκων,
1137 730 1156 753 ο
1184 710 1261 764 πρὸ
1293 715 1369 753 σοῦ
1389 712 1451 762 ἦε)

65 779 171 836 μάλα
197 781 360 829 πολλοὶ,
393 780 458 819 καὶ
483 773 657 832 οἷγαθοὶ,
692 780 757 820 καὶ
785 775 977 834 αἷκύτεροι
1005 777 1218 834 παραπολῦ
1241 776 1454 827 διώκοντες

66 846 115 892 οὗ
147 851 377 903 κατέλαβον.
447 843 556 889 Ἀλλᾶ
588 849 655 889 καὶ
686 845 904 901 κατάλαβε,
950 850 985 889 εἰ
1014 850 1142 898 δοκεῖ,
1174 849 1241 889 καὶ
1271 849 1330 900 ἔχε
1359 845 1452 888 ὅλον
1479 852 1535 893 78

67 915 287 972 συλλαβών.
329 915 372 958 τό
391 916 460 970 μὲν
477 914 525 969 δὴ
544 921 725 970 πρῶτον,
757 912 832 969 οὔχ
851 913 932 970 6ρῶ
953 912 999 965 ὅ,
1014 933 1049 956 τι
1074 911 1168 957 ποτ’
1187 912 1237 957 ἂν
1257 918 1316 969 εἴη
1335 912 1455 970 τοῖγα-

63 985 170 1038 θὸν,
203 983 254 1035 ὥς
276 982 463 1034 ἀντάξιον
483 987 612 1026 δοκεῖν
637 988 716 1025 τῶν
739 981 879 1025 πόνων
898 988 976 1025 τῶν
1000 981 1217 1031 τοςούτων.
1262 985 1394 1026 ἔπειτα
1416 985 1455 1032 ἔς

66 1054 198 1098 πόσον
231 1056 282 1096 ἔτι
314 1052 384 1095 τὸν
417 1051 559 1095 λοιπὸν
586 1051 734 1106 χρόνον
756 1048 998 1100 οἷπολαύσεις
1020 1048 1168 1103 αὐτοῦ,
1200 1053 1328 1107 γέρων
1347 1049 1455 1104 ἤδη,

71 1140 137 1165 και
155 1120 308 1170 παντὸς
325 1119 443 1174 ἡδέος
465 1123 611 1175 ἔξωρος
632 1119 710 1171 ὧν,
742 1122 809 1162 καὶ
829 1119 899 1163 τὸν
918 1122 1052 1171 ἕτερον
1073 1119 1202 1171 πόδα,
1235 1122 1383 1173 φασὶν,
1413 1121 1456 1162 ἐν

16 1182 18 1184 γ
71 1197 123 1246 τῇ
141 1196 247 1248 σορῷ
266 1193 308 1240 e)
340 1191 461 1242 ἔχων·
497 1190 529 1229 εἰ
547 1185 639 1241 μήτι
657 1190 695 1238 ἐς
714 1188 859 1239 ἄλλον,
895 1182 1123 1244 οἶγενναῖε,
1154 1191 1246 1243 βίον
1268 1194 1598 1245 προγυμ-Ρι822·

71 1254 242 1309 νάζοιςῐ
252 1266 263 1308 )
297 1257 438 1300 ἑαυτὸν
458 1259 525 1307 g)‚
559 1253 613 1306 ὥς
635 1259 673 1306 ἐς
693 1258 846 1299 ἐκεῖνον
864 1257 1017 1308 ἐλθών,
1045 1256 1211 1311 ἄμεινον
1237 1255 1456 1312 διαγάγοις,

117 1379 156 1413 c)
185 1368 386 1417 ἅκηδία]
412 1368 526 1417 ἀηδία
547 1371 645 1412 conj
668 1373 823 1406 Pi·..e›son
846 1371 893 1403 ad
912 1373 1028 1403 Moer.
1048 1383 1082 1415 p.
1103 1372 1158 1404 61.
1181 1371 1365 1414 probante
1385 1373 1456 1403 Be-

159 1420 241 1453 Ιιηο.
292 1419 373 1450 Vid.
399 1406 533 1450 Adno‘t.
606 1418 650 1460 d)
678 1417 741 1461 εἰ]
780 1417 843 1459 „sl
868 1419 911 1451 Β.
931 1429 961 1450 2.
1015 1417 1077 1450 Nil
1110 1423 1258 1450 mutant
1284 1418 1314 1450 J.
1337 1418 1381 1449 H.
1404 1417 1454 1450 Pl.

159 1467 283 1508 Parffy
273 1458 363 1496 Μ.
369 1464 392 1481 “
442 1463 493 1496 Εἰ
510 1463 619 1496 etiam
641 1464 683 1496 B.
705 1474 738 1506 3.
763 1462 891 1505 habet,
918 1463 1030 1508 idque
1053 1465 1188 1505 probat
1209 1465 1245 1494 AS
1248 1476 1297 1507 ug
1298 1477 1346 1497 er
1369 1474 1458 1507 prae

161 1478 283 1554 vulg.⁷7
280 1507 316 1553 ὴ“,
366 1508 446 1543 Vid.
468 1509 603 1541 Adnot.
663 1509 703 1551 )
729 1521 821 1553 προ
848 1510 957 1553 σου]
984 1510 1056 1553 πρό
1077 1521 1143 1544 σου
1164 1511 1206 1543 Β.
1231 1522 1258 1542 ι.
1280 1520 1313 1552 3.
1336 1515 1377 1542 ut
1397 1510 1458 1542 de-

159 1558 248 1590 inde
267 1555 310 1591 τό
327 1567 412 1598 μεν,
441 1561 568 1598 aperto
589 1554 692 1587 vitio
751 1560 792 1595 e)
819 1558 873 1601 τῇ
898 1557 1038 1603 σορῷ]
1067 1557 1156 1598 „Sic
1175 1557 1204 1587 J.
1226 1556 1279 1588 Pl.
1305 1557 1347 1589 H.
1373 1557 1457 1591 Par

159 1611 228 1637 etc
252 1604 303 1648 τῷ
315 1605 368 1635 M.
396 1602 466 1634 Sed
485 1613 597 1643 supra
615 1601 797 1656 scriptum
817 1604 935 1647 εειτῇ.
943 1604 966 1621 “
1016 1603 1049 1646 f)
1076 1600 1381 1656 προγυμνάζο
1397 1604 1457 1646 ις]

161 1651 219 1683 Ita
242 1661 340 1694 2954.
391 1648 462 1681 Sed
494 1650 548 1680 Μ
575 1646 840 1694 προγυμναζῃς.
892 1649 987 1682 Edd.
1019 1660 1148 1682 omnes
1180 1646 1458 1692 προγυμνάζεις.

158 1697 343 1740 Frequens
364 1701 418 1726 est
435 1694 571 1727 horum
586 1696 788 1727 Modorum
809 1695 1031 1738 permutatio
1053 1696 1098 1728 ob
1112 1696 1352 1749 Ρϊοιιιιιιῐίηί
1373 1707 1459 1727 nem

161 1742 350 1776 vocalium
378 1741 534 1775 istarum
567 1752 718 1785 prorsus
750 1742 919 1775 eandem.
992 1745 1041 1786 g)
1078 1738 1273 1786 ἑαυτὸν]
1303 1739 1458 1776 σεαυτὸν

72 1841 140 1882 sit,
199 1839 391 1887 Deinde,
427 1849 474 1877 ut
495 1854 629 1892 prope
664 1840 734 1878 fe-

68 1897 276 1937 licitatem
299 1897 354 1935 sis
371 1928 382 1945 ,
415 1896 554 1945 (dabo
579 1896 659 1934 tibi
684 1911 734 1935 e-

72 1954 160 1992 nim
192 1953 302 2005 hoc)
337 1964 499 1991 tantum
532 1953 730 1992 laboras?

72 2019 201 2063 teque
234 2011 442 2059 conteris,
482 2020 733 2064 tantumque

72 2067 153 2105 tibi
187 2067 300 2105 vitae
327 2067 509 2119 spatium
542 2064 734 2117 effluxit,

75 2122 173 2160 dum
207 2133 247 2161 te
276 2137 359 2161 non
395 2125 593 2175 respicis,
637 2123 735 2162 dum

75 2179 256 2227 labores,
291 2179 388 2216 dum
411 2180 581 2233 vigiliae
601 2190 641 2218 te
659 2180 735 2218 hu·

78 2236 136 2273 mi
176 2234 454 2286 deprimunt?
509 2251 555 2274 ac
594 2235 735 2275 denuo

74 2292 311 2340 laborabis,
359 2301 405 2328 ut
441 2292 527 2340 ais,
577 2293 736 2345 viginti

75 2350 181 2387 alios
217 2348 437 2386 minimum
475 2362 635 2397 annos,
690 2358 738 2386 ut

80 2405 408 2458 octuagenarius
448 2418 600 2452 senex,
650 2403 740 2457 (si-

77 2461 248 2515 quidem
297 2461 391 2513 quis
438 2474 620 2512 sponsor
661 2460 741 2498 tibi

79 2528 162 2563 est,
207 2528 246 2557 te
278 2525 439 2555 tantum
473 2517 739 2566 victurum‚)

79 2583 217 2613 tamen
240 2574 297 2612 sis
319 2574 489 2611 illorum
517 2588 639 2622 unus,
666 2573 739 2625 qui

79 2630 265 2668 nondum
307 2630 418 2669 beati
459 2630 595 2667 sunt?
656 2629 739 2667 nisi

81 2685 191 2724 forte
224 2690 359 2725 solum
401 2696 442 2725 te
476 2697 598 2738 putas
633 2684 740 2724 illud

83 2753 407 2783 consecuturum
428 2753 470 2783 et
487 2757 740 2798 persequen-

795 1840 849 1879 do
874 1850 1116 1893 capturum,
1152 1840 1266 1893 quod
1299 1850 1395 1879 ante
1416 1850 1459 1880 te

794 1899 918 1935 multi
940 1897 1166 1935 admodum
1189 1908 1228 1936 et
1262 1897 1364 1935 boni
1389 1898 1460 1936 vi·-

794 1954 855 2013 ri,
910 1964 950 1993 et
990 1957 1168 1992 multum
1209 1954 1457 2003 celeriores,

795 2000 1089 2064 persequendo
1134 2025 1218 2049 non
1263 2025 1461 2062 compre-

794 2067 1048 2106 henderunt.
1082 2066 1162 2104 Sed
1186 2067 1460 2117 comprehen-

797 2123 846 2162 de
869 2126 1019 2173 etiam‚
1049 2124 1085 2162 si
1107 2124 1163 2161 ita
1188 2123 1385 2168 videtur,
1418 2133 1462 2161 et

795 2180 905 2219 habe
930 2181 1008 2218 tibi
1040 2181 1301 2219 universum.
1362 2179 1463 2217 Pri-

795 2252 863 2275 mo
894 2236 1064 2290 quidem
1087 2251 1171 2274 non
1199 2235 1337 2282 video,
1357 2233 1462 2287 quid

797 2293 963 2331 demum
1003 2294 1058 2330 sit
1107 2292 1213 2330 illud
1274 2292 1460 2341 bonum,

798 2350 913 2402 quod
952 2351 1082 2388 tantis
1121 2348 1340 2386 laboribus
1389 2363 1464 2386 ae·-

800 2405 1013 2459 quiparari
1060 2404 1231 2456 possit?
1290 2403 1465 2443 Deinde

801 2473 1004 2515 quantum
1034 2471 1094 2499 est
1123 2461 1324 2511 temporis
1358 2461 1464 2500 reli-

803 2532 954 2569 quum,
990 2531 1074 2569 quo
1097 2517 1170 2554 illo
1195 2517 1368 2566 fruaris,
1402 2531 1465 2556 se·

802 2588 883 2611 nex
905 2576 984 2624 jam
1011 2584 1048 2611 et
1072 2573 1355 2611 suavitatibus
1379 2587 1465 2611 om-

802 2630 927 2666 nibus
964 2645 1047 2668 non
1085 2630 1261 2681 amplius
1297 2640 1465 2682 tempe—

800 2687 961 2737 stivus,
994 2696 1035 2725 et
1064 2689 1238 2724 alterum
1272 2689 1350 2739 jam
1389 2701 1465 2739 pe·-

801 2742 917 2794 dem,
962 2742 1079 2798 quod
1111 2745 1253 2796 ajunt,
1303 2742 1462 2782 habens
