<?xml version="1.0" encoding="UTF-8"?>
<!DOCTYPE html PUBLIC "-//W3C//DTD XHTML 1.0 Transitional//EN"
    "http://www.w3.org/TR/xhtml1/DTD/xhtml1-transitional.dtd">
<html xmlns="http://www.w3.org/1999/xhtml" xml:lang="en" lang="en">
 <head>
  <title>
</title>
<meta http-equiv="Content-Type" content="text/html;charset=utf-8" />
  <meta name='ocr-system' content='tesseract 3.04.00' />
  <meta name='ocr-capabilities' content='ocr_page ocr_carea ocr_par ocr_line ocrx_word'/>
</head>
<body>
  <div class='ocr_page' id='page_1' title='image "./operagraecaetlat04luciuoft_0524.png"; bbox 0 0 1834 3188; ppageno 0'>
   <div class='ocr_carea' id='block_1_1' title="bbox 252 211 1354 257">
    <p class='ocr_par' dir='ltr' id='par_1_1' title="bbox 252 211 1354 257">
     <span class='ocr_line' id='line_1_1' title="bbox 252 211 1354 257; baseline -0.005 0"><span class='ocrx_word' id='word_1_1' title='bbox 252 211 351 257; x_wconf 81' lang='lat'>486</span> <span class='ocrx_word' id='word_1_2' title='bbox 607 222 1354 253; x_wconf 70' lang='lat' dir='ltr'><strong>ADNOTATIONBS</strong></span> 
     </span>
    </p>
   </div>
   <div class='ocr_carea' id='block_1_2' title="bbox 245 316 1712 2791">
    <p class='ocr_par' dir='ltr' id='par_1_2' title="bbox 252 316 1706 585">
     <span class='ocr_line' id='line_1_2' title="bbox 253 316 1702 375; baseline -0.002 -16"><span class='ocrx_word' id='word_1_3' title='bbox 253 330 323 370; x_wconf 82' lang='lat' dir='ltr'>to,</span> <span class='ocrx_word' id='word_1_4' title='bbox 364 333 463 375; x_wconf 83' lang='lat' dir='ltr'>pag.</span> <span class='ocrx_word' id='word_1_5' title='bbox 494 320 621 373; x_wconf 83' lang='lat' dir='ltr'>hujus</span> <span class='ocrx_word' id='word_1_6' title='bbox 649 319 752 360; x_wconf 88' lang='lat' dir='ltr'>edit.</span> <span class='ocrx_word' id='word_1_7' title='bbox 788 323 883 364; x_wconf 85' lang='grc'><strong>624.</strong></span> <span class='ocrx_word' id='word_1_8' title='bbox 914 332 1000 372; x_wconf 81' lang='lat' dir='ltr'>seq.</span> <span class='ocrx_word' id='word_1_9' title='bbox 1032 319 1130 359; x_wconf 88' lang='lat' dir='ltr'>Vol.</span> <span class='ocrx_word' id='word_1_10' title='bbox 1159 316 1216 356; x_wconf 90' lang='lat' dir='ltr'>II.</span> <span class='ocrx_word' id='word_1_11' title='bbox 1258 316 1362 355; x_wconf 86' lang='lat' dir='ltr'><strong>Item</strong></span> <span class='ocrx_word' id='word_1_12' title='bbox 1397 316 1567 357; x_wconf 76' lang='lat' dir='ltr'>solanus</span> <span class='ocrx_word' id='word_1_13' title='bbox 1599 317 1702 359; x_wconf 88' lang='lat' dir='ltr'>ibid.</span> 
     </span>
     <span class='ocr_line' id='line_1_3' title="bbox 252 374 1704 430; baseline -0.001 -15"><span class='ocrx_word' id='word_1_14' title='bbox 252 375 832 430; x_wconf 82' lang='lat' dir='ltr'>R1:1·1z,Restringendum</span> <span class='ocrx_word' id='word_1_15' title='bbox 856 389 945 414; x_wconf 89' lang='lat' dir='ltr'>esse</span> <span class='ocrx_word' id='word_1_16' title='bbox 976 375 1057 414; x_wconf 89' lang='lat' dir='ltr'>hoc</span> <span class='ocrx_word' id='word_1_17' title='bbox 1085 383 1375 426; x_wconf 83' lang='lat' dir='ltr'>praeceptum,</span> <span class='ocrx_word' id='word_1_18' title='bbox 1416 383 1458 412; x_wconf 87' lang='lat' dir='ltr'>et</span> <span class='ocrx_word' id='word_1_19' title='bbox 1486 374 1602 412; x_wconf 87' lang='lat' dir='ltr'>varia</span> <span class='ocrx_word' id='word_1_20' title='bbox 1632 374 1704 413; x_wconf 87' lang='lat' dir='ltr'>illa</span> 
     </span>
     <span class='ocr_line' id='line_1_4' title="bbox 252 427 1705 487; baseline -0.001 -16"><span class='ocrx_word' id='word_1_21' title='bbox 252 436 417 487; x_wconf 79' lang='lat' dir='ltr'>prolata</span> <span class='ocrx_word' id='word_1_22' title='bbox 437 437 627 486; x_wconf 85' lang='lat' dir='ltr'>exempla</span> <span class='ocrx_word' id='word_1_23' title='bbox 647 432 859 471; x_wconf 71' lang='lat' dir='ltr'>subtiliter</span> <span class='ocrx_word' id='word_1_24' title='bbox 873 430 1101 484; x_wconf 86' lang='lat' dir='ltr'>judicanda</span> <span class='ocrx_word' id='word_1_25' title='bbox 1122 439 1329 481; x_wconf 84' lang='lat' dir='ltr'>cauteque</span> <span class='ocrx_word' id='word_1_26' title='bbox 1346 427 1583 469; x_wconf 76' lang='lat' dir='ltr'>adhibenda</span> <span class='ocrx_word' id='word_1_27' title='bbox 1601 445 1705 479; x_wconf 84' lang='lat' dir='ltr'>esse,</span> 
     </span>
     <span class='ocr_line' id='line_1_5' title="bbox 252 486 1706 542; baseline -0.002 -14"><span class='ocrx_word' id='word_1_28' title='bbox 252 489 399 528; x_wconf 87' lang='lat' dir='ltr'>monui</span> <span class='ocrx_word' id='word_1_29' title='bbox 425 489 469 527; x_wconf 91' lang='lat' dir='ltr'>in</span> <span class='ocrx_word' id='word_1_30' title='bbox 492 490 636 529; x_wconf 86' lang='lat' dir='ltr'><strong>adnot.</strong></span> <span class='ocrx_word' id='word_1_31' title='bbox 669 488 722 527; x_wconf 88' lang='lat' dir='ltr'>ad</span> <span class='ocrx_word' id='word_1_32' title='bbox 752 490 871 528; x_wconf 87' lang='lat' dir='ltr'>illum</span> <span class='ocrx_word' id='word_1_33' title='bbox 895 489 1034 540; x_wconf 85' lang='lat' dir='ltr'>ipsum</span> <span class='ocrx_word' id='word_1_34' title='bbox 1054 487 1190 527; x_wconf 89' lang='lat' dir='ltr'>Diall</span> <span class='ocrx_word' id='word_1_35' title='bbox 1214 486 1553 538; x_wconf 82' lang='lat' dir='ltr'>Mortt.100um‚</span> <span class='ocrx_word' id='word_1_36' title='bbox 1585 502 1706 542; x_wconf 89' lang='lat' dir='ltr'>quem</span> 
     </span>
     <span class='ocr_line' id='line_1_6' title="bbox 253 544 952 585; baseline -0.003 -1"><span class='ocrx_word' id='word_1_37' title='bbox 253 544 379 585; x_wconf 84' lang='lat' dir='ltr'>modo</span> <span class='ocrx_word' id='word_1_38' title='bbox 403 545 557 584; x_wconf 82' lang='lat' dir='ltr'>citabat</span> <span class='ocrx_word' id='word_1_39' title='bbox 573 546 952 585; x_wconf 69' lang='lat' dir='ltr'>Reitzius.Lm-.1M</span> 
     </span>
    </p>

    <p class='ocr_par' dir='ltr' id='par_1_3' title="bbox 250 598 1712 1274">
     <span class='ocr_line' id='line_1_7' title="bbox 362 598 1708 654; baseline -0.003 -10"><span class='ocrx_word' id='word_1_40' title='bbox 362 601 463 643; x_wconf 60' lang='lat' dir='ltr'>Eud,</span> <span class='ocrx_word' id='word_1_41' title='bbox 486 605 516 642; x_wconf 83' lang='lat' dir='ltr'>l.</span> <span class='ocrx_word' id='word_1_42' title='bbox 537 607 600 646; x_wconf 87' lang='lat'>16.</span> <span class='ocrx_word' id='word_1_43' title='bbox 627 599 817 643; x_wconf 80' lang='grc' dir='ltr'><em>Οπότε</em></span> <span class='ocrx_word' id='word_1_44' title='bbox 850 598 1012 643; x_wconf 80' lang='grc' dir='ltr'><em>δοκὸν</em></span> <span class='ocrx_word' id='word_1_45' title='bbox 1042 600 1306 654; x_wconf 82' lang='grc' dir='ltr'><em>φέροντες</em></span> <span class='ocrx_word' id='word_1_46' title='bbox 1336 601 1602 654; x_wconf 81' lang='grc' dir='ltr'><strong>βαροῖντο]</strong></span> <span class='ocrx_word' id='word_1_47' title='bbox 1632 602 1708 641; x_wconf 90' lang='lat' dir='ltr'>In-</span> 
     </span>
     <span class='ocr_line' id='line_1_8' title="bbox 251 654 1709 713; baseline 0 -17"><span class='ocrx_word' id='word_1_48' title='bbox 251 657 370 713; x_wconf 88' lang='lat' dir='ltr'>genti</span> <span class='ocrx_word' id='word_1_49' title='bbox 393 672 486 696; x_wconf 86' lang='lat' dir='ltr'>cum</span> <span class='ocrx_word' id='word_1_50' title='bbox 507 658 684 699; x_wconf 87' lang='lat' dir='ltr'>licentia</span> <span class='ocrx_word' id='word_1_51' title='bbox 703 658 865 698; x_wconf 83' lang='lat' dir='ltr'>Belinus</span> <span class='ocrx_word' id='word_1_52' title='bbox 889 654 1131 712; x_wconf 80' lang='grc' dir='ltr'><em>βαρύνονται</em></span> <span class='ocrx_word' id='word_1_53' title='bbox 1149 655 1278 694; x_wconf 75' lang='lat' dir='ltr'>scribi</span> <span class='ocrx_word' id='word_1_54' title='bbox 1304 658 1417 706; x_wconf 85' lang='lat' dir='ltr'>vult,</span> <span class='ocrx_word' id='word_1_55' title='bbox 1451 655 1612 710; x_wconf 79' lang='lat' dir='ltr'>quippe</span> <span class='ocrx_word' id='word_1_56' title='bbox 1635 673 1709 697; x_wconf 87' lang='lat' dir='ltr'>ne-</span> 
     </span>
     <span class='ocr_line' id='line_1_9' title="bbox 252 711 1706 782; baseline 0 -29"><span class='ocrx_word' id='word_1_57' title='bbox 252 714 412 761; x_wconf 86' lang='lat' dir='ltr'>sciens,</span> <span class='ocrx_word' id='word_1_58' title='bbox 464 714 580 768; x_wconf 86' lang='lat' dir='ltr'>quod</span> <span class='ocrx_word' id='word_1_59' title='bbox 616 714 861 782; x_wconf 84' lang='lat' dir='ltr'>saepissime</span> <span class='ocrx_word' id='word_1_60' title='bbox 890 729 912 754; x_wconf 89' lang='lat' dir='ltr'>e</span> <span class='ocrx_word' id='word_1_61' title='bbox 944 714 1126 753; x_wconf 81' lang='lat' dir='ltr'>Luciano</span> <span class='ocrx_word' id='word_1_62' title='bbox 1158 726 1234 751; x_wconf 91' lang='lat' dir='ltr'>suo</span> <span class='ocrx_word' id='word_1_63' title='bbox 1271 711 1432 752; x_wconf 83' lang='lat' dir='ltr'>discere</span> <span class='ocrx_word' id='word_1_64' title='bbox 1470 713 1706 765; x_wconf 86' lang='lat' dir='ltr'>potuisset,</span> 
     </span>
     <span class='ocr_line' id='line_1_10' title="bbox 252 768 1708 823; baseline 0 -15"><span class='ocrx_word' id='word_1_65' title='bbox 252 784 335 823; x_wconf 89' lang='lat' dir='ltr'>qua</span> <span class='ocrx_word' id='word_1_66' title='bbox 362 770 528 811; x_wconf 84' lang='lat' dir='ltr'>ratione</span> <span class='ocrx_word' id='word_1_67' title='bbox 562 781 604 811; x_wconf 84' lang='lat' dir='ltr'>et</span> <span class='ocrx_word' id='word_1_68' title='bbox 637 771 704 810; x_wconf 91' lang='lat' dir='ltr'>via</span> <span class='ocrx_word' id='word_1_69' title='bbox 734 768 852 813; x_wconf 76' lang='grc' dir='ltr'><em>ὁπότε</em></span> <span class='ocrx_word' id='word_1_70' title='bbox 875 785 967 809; x_wconf 88' lang='lat' dir='ltr'>cum</span> <span class='ocrx_word' id='word_1_71' title='bbox 991 770 1199 823; x_wconf 85' lang='lat' dir='ltr'>Optativo</span> <span class='ocrx_word' id='word_1_72' title='bbox 1220 778 1501 810; x_wconf 84' lang='lat' dir='ltr'><strong>construatur.</strong></span> <span class='ocrx_word' id='word_1_73' title='bbox 1564 769 1708 823; x_wconf 83' lang='lat' dir='ltr'>Quum</span> 
     </span>
     <span class='ocr_line' id='line_1_11' title="bbox 252 821 1710 881; baseline 0 -16"><span class='ocrx_word' id='word_1_74' title='bbox 252 825 378 865; x_wconf 84' lang='lat' dir='ltr'>etiam</span> <span class='ocrx_word' id='word_1_75' title='bbox 402 828 548 866; x_wconf 80' lang='lat' dir='ltr'>ultima</span> <span class='ocrx_word' id='word_1_76' title='bbox 569 827 694 880; x_wconf 86' lang='lat' dir='ltr'>hujus</span> <span class='ocrx_word' id='word_1_77' title='bbox 716 827 817 881; x_wconf 81' lang='lat' dir='ltr'>§phi</span> <span class='ocrx_word' id='word_1_78' title='bbox 840 827 984 866; x_wconf 86' lang='lat' dir='ltr'>verba·</span> <span class='ocrx_word' id='word_1_79' title='bbox 1018 825 1137 869; x_wconf 78' lang='grc' dir='ltr'><em>ὁπότε</em></span> <span class='ocrx_word' id='word_1_80' title='bbox 1155 822 1246 867; x_wconf 78' lang='grc' dir='ltr'><em>κατ’</em></span> <span class='ocrx_word' id='word_1_81' title='bbox 1268 821 1391 866; x_wconf 71' lang='grc' dir='ltr'><em>αὐτὸν</em></span> <span class='ocrx_word' id='word_1_82' title='bbox 1411 827 1612 880; x_wconf 76' lang='grc' dir='ltr'><em>γένοιντο,</em></span> <span class='ocrx_word' id='word_1_83' title='bbox 1644 826 1710 865; x_wconf 89' lang='lat' dir='ltr'>id-</span> 
     </span>
     <span class='ocr_line' id='line_1_12' title="bbox 250 881 1709 948; baseline 0.003 -29"><span class='ocrx_word' id='word_1_84' title='bbox 250 897 331 936; x_wconf 89' lang='lat' dir='ltr'>que</span> <span class='ocrx_word' id='word_1_85' title='bbox 355 885 689 948; x_wconf 73' lang='lat' dir='ltr'>pelversissirne,</span> <span class='ocrx_word' id='word_1_86' title='bbox 724 887 881 923; x_wconf 83' lang='lat' dir='ltr'>inserto</span> <span class='ocrx_word' id='word_1_87' title='bbox 909 881 932 924; x_wconf 69' lang='grc' dir='ltr'>ιῖ</span> <span class='ocrx_word' id='word_1_88' title='bbox 938 901 959 924; x_wconf 91' lang='grc' dir='ltr'><em>ν</em></span> <span class='ocrx_word' id='word_1_89' title='bbox 987 893 1085 936; x_wconf 86' lang='lat' dir='ltr'>post</span> <span class='ocrx_word' id='word_1_90' title='bbox 1106 881 1244 931; x_wconf 84' lang='grc' dir='ltr'><strong><em>ὁπότε,</em></strong></span> <span class='ocrx_word' id='word_1_91' title='bbox 1278 881 1527 936; x_wconf 82' lang='lat' dir='ltr'>corrigenda</span> <span class='ocrx_word' id='word_1_92' title='bbox 1545 882 1709 923; x_wconf 81' lang='lat' dir='ltr'>Belinus</span> 
     </span>
     <span class='ocr_line' id='line_1_13' title="bbox 252 938 1711 994; baseline -0.001 -16"><span class='ocrx_word' id='word_1_93' title='bbox 252 941 486 980; x_wconf 81' lang='lat' dir='ltr'>censuerit:</span> <span class='ocrx_word' id='word_1_94' title='bbox 520 941 601 978; x_wconf 79' lang='lat' dir='ltr'>alia</span> <span class='ocrx_word' id='word_1_95' title='bbox 624 941 666 977; x_wconf 87' lang='lat' dir='ltr'>in</span> <span class='ocrx_word' id='word_1_96' title='bbox 691 951 860 994; x_wconf 89' lang='lat' dir='ltr'>promtu</span> <span class='ocrx_word' id='word_1_97' title='bbox 879 950 977 979; x_wconf 84' lang='lat' dir='ltr'>sunt</span> <span class='ocrx_word' id='word_1_98' title='bbox 1001 942 1189 991; x_wconf 83' lang='lat' dir='ltr'>exempla</span> <span class='ocrx_word' id='word_1_99' title='bbox 1219 938 1425 977; x_wconf 85' lang='lat' dir='ltr'>dictionis</span> <span class='ocrx_word' id='word_1_100' title='bbox 1457 953 1572 977; x_wconf 85' lang='lat' dir='ltr'>nunc</span> <span class='ocrx_word' id='word_1_101' title='bbox 1595 949 1711 979; x_wconf 85' lang='lat' dir='ltr'>tem-</span> 
     </span>
     <span class='ocr_line' id='line_1_14' title="bbox 250 992 1707 1064; baseline 0 -30"><span class='ocrx_word' id='word_1_102' title='bbox 250 995 367 1048; x_wconf 87' lang='lat' dir='ltr'>poris</span> <span class='ocrx_word' id='word_1_103' title='bbox 389 997 646 1038; x_wconf 82' lang='lat' dir='ltr'>notissimae.</span> <span class='ocrx_word' id='word_1_104' title='bbox 707 997 850 1036; x_wconf 89' lang='lat' dir='ltr'>Somn.</span> <span class='ocrx_word' id='word_1_105' title='bbox 878 1011 910 1036; x_wconf 86' lang='lat' dir='ltr'>s.</span> <span class='ocrx_word' id='word_1_106' title='bbox 934 996 1023 1036; x_wconf 87' lang='lat' dir='ltr'>Vit.</span> <span class='ocrx_word' id='word_1_107' title='bbox 1048 1011 1080 1038; x_wconf 85' lang='lat' dir='ltr'>c,</span> <span class='ocrx_word' id='word_1_108' title='bbox 1102 1001 1140 1064; x_wconf 83' lang='grc'>2.</span> <span class='ocrx_word' id='word_1_109' title='bbox 1165 992 1286 1037; x_wconf 82' lang='grc' dir='ltr'>ὁπότε</span> <span class='ocrx_word' id='word_1_110' title='bbox 1305 993 1528 1047; x_wconf 70' lang='grc' dir='ltr'><em>ἀφεθείην,</em></span> <span class='ocrx_word' id='word_1_111' title='bbox 1559 999 1707 1049; x_wconf 74' lang='lat' dir='ltr'>quoties</span> 
     </span>
     <span class='ocr_line' id='line_1_15' title="bbox 251 1049 1709 1119; baseline 0.001 -30"><span class='ocrx_word' id='word_1_112' title='bbox 251 1051 487 1092; x_wconf 64' lang='lat' dir='ltr'>dimittebam</span> <span class='ocrx_word' id='word_1_113' title='bbox 547 1055 682 1092; x_wconf 80' lang='lat' dir='ltr'>Dian.</span> <span class='ocrx_word' id='word_1_114' title='bbox 715 1055 849 1092; x_wconf 85' lang='lat' dir='ltr'>Deor.</span> <span class='ocrx_word' id='word_1_115' title='bbox 880 1053 943 1102; x_wconf 91' lang='lat' dir='ltr'>V,</span> <span class='ocrx_word' id='word_1_116' title='bbox 973 1056 1011 1096; x_wconf 87' lang='lat'>5.</span> <span class='ocrx_word' id='word_1_117' title='bbox 1045 1049 1167 1094; x_wconf 78' lang='grc' dir='ltr'><em>ὁπότε</em></span> <span class='ocrx_word' id='word_1_118' title='bbox 1196 1049 1516 1119; x_wconf 71' lang='grc' dir='ltr'><em>ἀπολαμβάνοις.</em></span> <span class='ocrx_word' id='word_1_119' title='bbox 1571 1052 1709 1092; x_wconf 86' lang='lat' dir='ltr'>Dian.</span> 
     </span>
     <span class='ocr_line' id='line_1_16' title="bbox 251 1105 1712 1177; baseline -0.003 -31"><span class='ocrx_word' id='word_1_120' title='bbox 251 1109 384 1146; x_wconf 53' lang='lat' dir='ltr'>Maru</span> <span class='ocrx_word' id='word_1_121' title='bbox 409 1110 494 1158; x_wconf 87' lang='lat' dir='ltr'>IV,</span> <span class='ocrx_word' id='word_1_122' title='bbox 522 1114 557 1151; x_wconf 87' lang='lat'>1.</span> <span class='ocrx_word' id='word_1_123' title='bbox 580 1107 699 1152; x_wconf 69' lang='lat' dir='ltr'>omits</span> <span class='ocrx_word' id='word_1_124' title='bbox 726 1107 944 1177; x_wconf 41' lang='grc' dir='ltr'>αλρλαγείης.</span> <span class='ocrx_word' id='word_1_125' title='bbox 1003 1109 1135 1147; x_wconf 85' lang='lat' dir='ltr'>Diall.</span> <span class='ocrx_word' id='word_1_126' title='bbox 1156 1109 1307 1148; x_wconf 84' lang='lat' dir='ltr'>Mortt.</span> <span class='ocrx_word' id='word_1_127' title='bbox 1336 1109 1416 1157; x_wconf 91' lang='lat' dir='ltr'>VI,</span> <span class='ocrx_word' id='word_1_128' title='bbox 1436 1113 1473 1151; x_wconf 80' lang='lat'>4.</span> <span class='ocrx_word' id='word_1_129' title='bbox 1497 1105 1616 1149; x_wconf 72' lang='grc' dir='ltr'><strong><em>ὁπότε</em></strong></span> <span class='ocrx_word' id='word_1_130' title='bbox 1637 1110 1712 1157; x_wconf 76' lang='grc' dir='ltr'>ἐςί-</span> 
     </span>
     <span class='ocr_line' id='line_1_17' title="bbox 252 1162 1711 1217; baseline -0.001 -13"><span class='ocrx_word' id='word_1_131' title='bbox 252 1181 349 1215; x_wconf 85' lang='grc' dir='ltr'><em>οιμι.</em></span> <span class='ocrx_word' id='word_1_132' title='bbox 411 1165 521 1204; x_wconf 86' lang='lat' dir='ltr'>Ibid.</span> <span class='ocrx_word' id='word_1_133' title='bbox 544 1166 673 1216; x_wconf 86' lang='lat' dir='ltr'>XXI,</span> <span class='ocrx_word' id='word_1_134' title='bbox 702 1171 735 1209; x_wconf 92' lang='lat'>1</span> <span class='ocrx_word' id='word_1_135' title='bbox 759 1162 857 1206; x_wconf 74' lang='grc' dir='ltr'><em>οπότ</em></span> <span class='ocrx_word' id='word_1_136' title='bbox 904 1167 1070 1213; x_wconf 78' lang='grc' dir='ltr'>ἐθέλοις.</span> <span class='ocrx_word' id='word_1_137' title='bbox 1129 1164 1213 1206; x_wconf 92' lang='lat' dir='ltr'>Sed</span> <span class='ocrx_word' id='word_1_138' title='bbox 1245 1163 1398 1203; x_wconf 87' lang='lat' dir='ltr'>omitto</span> <span class='ocrx_word' id='word_1_139' title='bbox 1429 1163 1619 1217; x_wconf 84' lang='lat' dir='ltr'>reliqua,</span> <span class='ocrx_word' id='word_1_140' title='bbox 1661 1173 1711 1203; x_wconf 91' lang='lat' dir='ltr'>ut</span> 
     </span>
     <span class='ocr_line' id='line_1_18' title="bbox 251 1221 1083 1274; baseline 0.002 -17"><span class='ocrx_word' id='word_1_141' title='bbox 251 1221 431 1273; x_wconf 73' lang='lat' dir='ltr'>tempori</span> <span class='ocrx_word' id='word_1_142' title='bbox 457 1236 621 1274; x_wconf 86' lang='lat' dir='ltr'>parcam</span> <span class='ocrx_word' id='word_1_143' title='bbox 647 1233 690 1261; x_wconf 85' lang='lat' dir='ltr'>et</span> <span class='ocrx_word' id='word_1_144' title='bbox 716 1221 894 1263; x_wconf 86' lang='lat' dir='ltr'>chartae.</span> <span class='ocrx_word' id='word_1_145' title='bbox 926 1223 1083 1261; x_wconf 76' lang='lat' dir='ltr'>LmrM.</span> 
     </span>
    </p>

    <p class='ocr_par' dir='ltr' id='par_1_4' title="bbox 248 1275 1709 1558">
     <span class='ocr_line' id='line_1_19' title="bbox 361 1275 1709 1331; baseline 0 -15"><span class='ocrx_word' id='word_1_146' title='bbox 361 1278 456 1331; x_wconf 74' lang='lat' dir='ltr'>Pag.</span> <span class='ocrx_word' id='word_1_147' title='bbox 486 1282 577 1322; x_wconf 84' lang='grc'><strong>125.</strong></span> <span class='ocrx_word' id='word_1_148' title='bbox 602 1281 627 1317; x_wconf 93' lang='lat' dir='ltr'>l.</span> <span class='ocrx_word' id='word_1_149' title='bbox 650 1284 683 1321; x_wconf 92' lang='grc'>1.</span> <span class='ocrx_word' id='word_1_150' title='bbox 721 1279 799 1320; x_wconf 80' lang='grc' dir='ltr'>Καὶ</span> <span class='ocrx_word' id='word_1_151' title='bbox 818 1276 968 1328; x_wconf 78' lang='grc' dir='ltr'><em>αὐτὸν)</em></span> <span class='ocrx_word' id='word_1_152' title='bbox 999 1279 1157 1318; x_wconf 87' lang='lat' dir='ltr'>Abesse</span> <span class='ocrx_word' id='word_1_153' title='bbox 1187 1277 1277 1316; x_wconf 82' lang='lat' dir='ltr'>sine</span> <span class='ocrx_word' id='word_1_154' title='bbox 1312 1275 1538 1329; x_wconf 84' lang='lat' dir='ltr'>dispendio</span> <span class='ocrx_word' id='word_1_155' title='bbox 1571 1276 1709 1317; x_wconf 78' lang='lat' dir='ltr'>videri</span> 
     </span>
     <span class='ocr_line' id='line_1_20' title="bbox 249 1333 1708 1389; baseline -0.001 -17"><span class='ocrx_word' id='word_1_156' title='bbox 249 1345 442 1386; x_wconf 84' lang='lat' dir='ltr'>possunt,</span> <span class='ocrx_word' id='word_1_157' title='bbox 475 1334 546 1374; x_wconf 89' lang='lat' dir='ltr'>sed</span> <span class='ocrx_word' id='word_1_158' title='bbox 567 1338 779 1389; x_wconf 79' lang='lat' dir='ltr'>eleganter</span> <span class='ocrx_word' id='word_1_159' title='bbox 800 1335 859 1372; x_wconf 86' lang='lat' dir='ltr'>sic</span> <span class='ocrx_word' id='word_1_160' title='bbox 880 1336 1033 1386; x_wconf 87' lang='lat' dir='ltr'>passim</span> <span class='ocrx_word' id='word_1_161' title='bbox 1055 1343 1272 1387; x_wconf 85' lang='lat' dir='ltr'>usurpant.</span> <span class='ocrx_word' id='word_1_162' title='bbox 1334 1333 1399 1371; x_wconf 85' lang='lat' dir='ltr'>Ad</span> <span class='ocrx_word' id='word_1_163' title='bbox 1420 1333 1708 1372; x_wconf 77' lang='lat' dir='ltr'>Alexandrum</span> 
     </span>
     <span class='ocr_line' id='line_1_21' title="bbox 248 1390 1709 1459; baseline 0.001 -33"><span class='ocrx_word' id='word_1_164' title='bbox 248 1404 398 1442; x_wconf 76' lang='lat' dir='ltr'>nempe</span> <span class='ocrx_word' id='word_1_165' title='bbox 426 1391 610 1459; x_wconf 84' lang='lat' dir='ltr'>respicit.</span> <span class='ocrx_word' id='word_1_166' title='bbox 644 1392 811 1431; x_wconf 78' lang='lat' dir='ltr'>SoLAN.</span> <span class='ocrx_word' id='word_1_167' title='bbox 870 1391 935 1429; x_wconf 88' lang='lat' dir='ltr'>Ad</span> <span class='ocrx_word' id='word_1_168' title='bbox 961 1391 1247 1431; x_wconf 82' lang='lat' dir='ltr'>Alexandrum</span> <span class='ocrx_word' id='word_1_169' title='bbox 1279 1390 1458 1454; x_wconf 87' lang='lat' dir='ltr'>respici,</span> <span class='ocrx_word' id='word_1_170' title='bbox 1493 1391 1590 1442; x_wconf 89' lang='lat' dir='ltr'>quis</span> <span class='ocrx_word' id='word_1_171' title='bbox 1627 1390 1709 1428; x_wconf 87' lang='lat' dir='ltr'>du-</span> 
     </span>
     <span class='ocr_line' id='line_1_22' title="bbox 248 1443 1708 1515; baseline 0.001 -32"><span class='ocrx_word' id='word_1_172' title='bbox 248 1445 388 1484; x_wconf 78' lang='lat' dir='ltr'>bitet?</span> <span class='ocrx_word' id='word_1_173' title='bbox 425 1457 465 1486; x_wconf 86' lang='lat' dir='ltr'>et</span> <span class='ocrx_word' id='word_1_174' title='bbox 486 1443 610 1488; x_wconf 80' lang='grc' dir='ltr'><em>αυτὸν</em></span> <span class='ocrx_word' id='word_1_175' title='bbox 631 1449 692 1486; x_wconf 83' lang='lat' dir='ltr'>sic</span> <span class='ocrx_word' id='word_1_176' title='bbox 718 1449 910 1499; x_wconf 85' lang='lat' dir='ltr'>usurpari</span> <span class='ocrx_word' id='word_1_177' title='bbox 936 1450 1252 1515; x_wconf 63' lang='lat' dir='ltr'>pleonastimfig,</span> <span class='ocrx_word' id='word_1_178' title='bbox 1282 1449 1376 1500; x_wconf 89' lang='lat' dir='ltr'>quis</span> <span class='ocrx_word' id='word_1_179' title='bbox 1403 1446 1576 1485; x_wconf 80' lang='lat' dir='ltr'>nescit?</span> <span class='ocrx_word' id='word_1_180' title='bbox 1609 1446 1708 1486; x_wconf 84' lang='lat' dir='ltr'>vide</span> 
     </span>
     <span class='ocr_line' id='line_1_23' title="bbox 248 1501 1572 1572; baseline 0.002 -33"><span class='ocrx_word' id='word_1_181' title='bbox 248 1501 375 1540; x_wconf 87' lang='lat' dir='ltr'>modo</span> <span class='ocrx_word' id='word_1_182' title='bbox 403 1507 545 1554; x_wconf 82' lang='lat' dir='ltr'>paullo</span> <span class='ocrx_word' id='word_1_183' title='bbox 574 1514 690 1554; x_wconf 89' lang='lat' dir='ltr'>ante,</span> <span class='ocrx_word' id='word_1_184' title='bbox 724 1501 745 1546; x_wconf 81' lang='grc' dir='ltr'>ὁ</span> <span class='ocrx_word' id='word_1_185' title='bbox 764 1503 947 1572; x_wconf 73' lang='grc' dir='ltr'><em>βασιλεὺς</em></span> <span class='ocrx_word' id='word_1_186' title='bbox 970 1506 1031 1554; x_wconf 75' lang='grc' dir='ltr'>δὲ,</span> <span class='ocrx_word' id='word_1_187' title='bbox 1065 1501 1188 1552; x_wconf 68' lang='grc' dir='ltr'><em>αὐτὸς</em></span> <span class='ocrx_word' id='word_1_188' title='bbox 1207 1521 1251 1556; x_wconf 79' lang='grc' dir='ltr'>με</span> <span class='ocrx_word' id='word_1_189' title='bbox 1237 1504 1276 1544; x_wconf 63' lang='grc' dir='ltr'><em>ὲν</em></span> <span class='ocrx_word' id='word_1_190' title='bbox 1302 1504 1572 1543; x_wconf 71' lang='lat' dir='ltr'>etc.RE1&#39;IZ.</span> 
     </span>
    </p>

    <p class='ocr_par' dir='ltr' id='par_1_5' title="bbox 246 1555 1706 1671">
     <span class='ocr_line' id='line_1_24' title="bbox 359 1555 1706 1613; baseline -0.002 -11"><span class='ocrx_word' id='word_1_191' title='bbox 359 1558 462 1599; x_wconf 71' lang='lat' dir='ltr'>Esssl</span> <span class='ocrx_word' id='word_1_192' title='bbox 486 1562 511 1598; x_wconf 85' lang='lat' dir='ltr'>l</span> <span class='ocrx_word' id='word_1_193' title='bbox 534 1566 573 1602; x_wconf 84' lang='lat'>2.</span> <span class='ocrx_word' id='word_1_194' title='bbox 602 1555 860 1612; x_wconf 68' lang='grc' dir='ltr'><em>Οχανων)’</em></span> <span class='ocrx_word' id='word_1_195' title='bbox 861 1558 1033 1613; x_wconf 84' lang='grc' dir='ltr'><em>Ὀχανον</em></span> <span class='ocrx_word' id='word_1_196' title='bbox 1065 1578 1085 1602; x_wconf 95' lang='grc' dir='ltr'><em>ο</em></span> <span class='ocrx_word' id='word_1_197' title='bbox 1115 1563 1187 1612; x_wconf 82' lang='grc' dir='ltr'>τῆς</span> <span class='ocrx_word' id='word_1_198' title='bbox 1214 1558 1381 1606; x_wconf 71' lang='grc' dir='ltr'><em>ἀσπίδος</em></span> <span class='ocrx_word' id='word_1_199' title='bbox 1410 1555 1580 1612; x_wconf 75' lang='grc' dir='ltr'><strong>πόρπαξ.</strong></span> <span class='ocrx_word' id='word_1_200' title='bbox 1611 1559 1706 1599; x_wconf 83' lang='lat' dir='ltr'>Hc-</span> 
     </span>
     <span class='ocr_line' id='line_1_25' title="bbox 246 1614 1263 1671; baseline 0.002 -19"><span class='ocrx_word' id='word_1_201' title='bbox 246 1614 346 1668; x_wconf 79' lang='lat' dir='ltr'>syclz</span> <span class='ocrx_word' id='word_1_202' title='bbox 372 1625 413 1654; x_wconf 86' lang='lat' dir='ltr'>et</span> <span class='ocrx_word' id='word_1_203' title='bbox 436 1615 591 1668; x_wconf 90' lang='lat' dir='ltr'>interp.</span> <span class='ocrx_word' id='word_1_204' title='bbox 613 1617 818 1670; x_wconf 77' lang='lat' dir='ltr'>Aristoplz.</span> <span class='ocrx_word' id='word_1_205' title='bbox 840 1616 892 1655; x_wconf 86' lang='lat' dir='ltr'>ad</span> <span class='ocrx_word' id='word_1_206' title='bbox 914 1617 1060 1671; x_wconf 81' lang='lat' dir='ltr'>Equit.</span> <span class='ocrx_word' id='word_1_207' title='bbox 1088 1617 1263 1656; x_wconf 66' lang='lat' dir='ltr'>Boo-RD.</span> 
     </span>
    </p>

    <p class='ocr_par' dir='ltr' id='par_1_6' title="bbox 248 1671 1704 1821">
     <span class='ocr_line' id='line_1_26' title="bbox 359 1671 1704 1728; baseline 0.001 -19"><span class='ocrx_word' id='word_1_208' title='bbox 359 1671 573 1715; x_wconf 72' lang='lat' dir='ltr'>Eacl.1.7</span> <span class='ocrx_word' id='word_1_209' title='bbox 612 1677 694 1713; x_wconf 76' lang='grc' dir='ltr'><em>Τῶν</em></span> <span class='ocrx_word' id='word_1_210' title='bbox 716 1671 884 1728; x_wconf 70' lang='grc' dir='ltr'><em>ὅπλων)</em></span> <span class='ocrx_word' id='word_1_211' title='bbox 925 1673 1043 1727; x_wconf 79' lang='lat' dir='ltr'>Quin</span> <span class='ocrx_word' id='word_1_212' title='bbox 1066 1671 1175 1710; x_wconf 89' lang='lat' dir='ltr'>illud</span> <span class='ocrx_word' id='word_1_213' title='bbox 1198 1671 1363 1710; x_wconf 85' lang='lat' dir='ltr'>indicat</span> <span class='ocrx_word' id='word_1_214' title='bbox 1385 1671 1575 1723; x_wconf 81' lang='lat' dir='ltr'>pictura,</span> <span class='ocrx_word' id='word_1_215' title='bbox 1615 1687 1704 1712; x_wconf 88' lang='lat' dir='ltr'>eam</span> 
     </span>
     <span class='ocr_line' id='line_1_27' title="bbox 248 1727 1705 1779; baseline 0.001 -14"><span class='ocrx_word' id='word_1_216' title='bbox 248 1741 336 1765; x_wconf 88' lang='lat' dir='ltr'>esse</span> <span class='ocrx_word' id='word_1_217' title='bbox 359 1727 443 1765; x_wconf 88' lang='lat' dir='ltr'>vim</span> <span class='ocrx_word' id='word_1_218' title='bbox 471 1729 650 1779; x_wconf 76' lang='lat' dir='ltr'>ammis,</span> <span class='ocrx_word' id='word_1_219' title='bbox 681 1740 728 1768; x_wconf 90' lang='lat' dir='ltr'>ut</span> <span class='ocrx_word' id='word_1_220' title='bbox 759 1744 811 1768; x_wconf 86' lang='lat' dir='ltr'>ex</span> <span class='ocrx_word' id='word_1_221' title='bbox 841 1730 1012 1768; x_wconf 78' lang='lat' dir='ltr'>armatis</span> <span class='ocrx_word' id='word_1_222' title='bbox 1044 1730 1170 1767; x_wconf 89' lang='lat' dir='ltr'>etiam</span> <span class='ocrx_word' id='word_1_223' title='bbox 1198 1727 1324 1766; x_wconf 85' lang='lat' dir='ltr'>ludos</span> <span class='ocrx_word' id='word_1_224' title='bbox 1357 1727 1440 1766; x_wconf 86' lang='lat' dir='ltr'>sibi</span> <span class='ocrx_word' id='word_1_225' title='bbox 1473 1728 1601 1767; x_wconf 83' lang='lat' dir='ltr'>faciat</span> <span class='ocrx_word' id='word_1_226' title='bbox 1626 1739 1705 1769; x_wconf 86' lang='lat' dir='ltr'>etc.</span> 
     </span>
     <span class='ocr_line' id='line_1_28' title="bbox 249 1782 386 1821; baseline 0.009 -1"><span class='ocrx_word' id='word_1_227' title='bbox 249 1782 386 1821; x_wconf 71' lang='lat' dir='ltr'><strong>GESN.</strong></span> 
     </span>
    </p>

    <p class='ocr_par' dir='ltr' id='par_1_7' title="bbox 247 1839 1708 2175">
     <span class='ocr_line' id='line_1_29' title="bbox 359 1839 1708 1909; baseline 0.002 -30"><span class='ocrx_word' id='word_1_228' title='bbox 359 1839 512 1879; x_wconf 75' lang='lat' dir='ltr'>Ead.1.</span> <span class='ocrx_word' id='word_1_229' title='bbox 540 1847 603 1884; x_wconf 83' lang='lat'>11.</span> <span class='ocrx_word' id='word_1_230' title='bbox 641 1839 890 1909; x_wconf 67' lang='grc' dir='ltr'><em>Πάρεογον)</em></span> <span class='ocrx_word' id='word_1_231' title='bbox 914 1841 1001 1896; x_wconf 83' lang='lat' dir='ltr'>Qui</span> <span class='ocrx_word' id='word_1_232' title='bbox 1024 1842 1277 1881; x_wconf 86' lang='lat' dir='ltr'>suavitatem</span> <span class='ocrx_word' id='word_1_233' title='bbox 1301 1840 1427 1894; x_wconf 88' lang='lat' dir='ltr'>hujus</span> <span class='ocrx_word' id='word_1_234' title='bbox 1444 1841 1530 1881; x_wconf 86' lang='lat' dir='ltr'>loci</span> <span class='ocrx_word' id='word_1_235' title='bbox 1551 1840 1708 1882; x_wconf 86' lang='lat' dir='ltr'>sentire</span> 
     </span>
     <span class='ocr_line' id='line_1_30' title="bbox 247 1896 1704 1952; baseline 0 -18"><span class='ocrx_word' id='word_1_236' title='bbox 247 1896 376 1945; x_wconf 80' lang='lat' dir='ltr'>velit,</span> <span class='ocrx_word' id='word_1_237' title='bbox 427 1897 548 1935; x_wconf 86' lang='lat' dir='ltr'>illum</span> <span class='ocrx_word' id='word_1_238' title='bbox 580 1912 686 1951; x_wconf 84' lang='lat' dir='ltr'>quae</span> <span class='ocrx_word' id='word_1_239' title='bbox 717 1899 806 1936; x_wconf 89' lang='lat' dir='ltr'>sint</span> <span class='ocrx_word' id='word_1_240' title='bbox 836 1896 936 1951; x_wconf 75' lang='grc' dir='ltr'><em>πάοε</em></span> <span class='ocrx_word' id='word_1_241' title='bbox 921 1915 1014 1952; x_wconf 79' lang='grc' dir='ltr'>ργα</span> <span class='ocrx_word' id='word_1_242' title='bbox 1044 1899 1260 1951; x_wconf 86' lang='lat' dir='ltr'>pictorum</span> <span class='ocrx_word' id='word_1_243' title='bbox 1293 1898 1482 1951; x_wconf 82' lang='lat' dir='ltr'>cogitare</span> <span class='ocrx_word' id='word_1_244' title='bbox 1510 1906 1704 1950; x_wconf 85' lang='lat' dir='ltr'>oportet,</span> 
     </span>
     <span class='ocr_line' id='line_1_31' title="bbox 249 1950 1707 2007; baseline 0 -17"><span class='ocrx_word' id='word_1_245' title='bbox 249 1950 458 2005; x_wconf 83' lang='lat' dir='ltr'>descripta</span> <span class='ocrx_word' id='word_1_246' title='bbox 480 1954 579 1992; x_wconf 85' lang='lat' dir='ltr'>satis</span> <span class='ocrx_word' id='word_1_247' title='bbox 604 1969 624 1992; x_wconf 87' lang='lat' dir='ltr'>a</span> <span class='ocrx_word' id='word_1_248' title='bbox 651 1954 768 1993; x_wconf 76' lang='lat' dir='ltr'>Junio</span> <span class='ocrx_word' id='word_1_249' title='bbox 790 1961 836 2004; x_wconf 85' lang='lat'>3,</span> <span class='ocrx_word' id='word_1_250' title='bbox 858 1960 903 2000; x_wconf 85' lang='grc'>7,</span> <span class='ocrx_word' id='word_1_251' title='bbox 932 1961 996 1998; x_wconf 87' lang='grc'><strong>12.</strong></span> <span class='ocrx_word' id='word_1_252' title='bbox 1017 1969 1063 1992; x_wconf 85' lang='lat' dir='ltr'>ac</span> <span class='ocrx_word' id='word_1_253' title='bbox 1082 1954 1190 1992; x_wconf 85' lang='lat' dir='ltr'>illud</span> <span class='ocrx_word' id='word_1_254' title='bbox 1210 1952 1464 2007; x_wconf 82' lang='grc' dir='ltr'><em>προςλαβων,</em></span> <span class='ocrx_word' id='word_1_255' title='bbox 1496 1951 1611 2005; x_wconf 81' lang='lat' dir='ltr'>quod</span> <span class='ocrx_word' id='word_1_256' title='bbox 1631 1967 1707 1991; x_wconf 91' lang='lat' dir='ltr'>no-</span> 
     </span>
     <span class='ocr_line' id='line_1_32' title="bbox 248 2007 1706 2064; baseline 0.001 -19"><span class='ocrx_word' id='word_1_257' title='bbox 248 2015 331 2060; x_wconf 82' lang='lat' dir='ltr'>tat,</span> <span class='ocrx_word' id='word_1_258' title='bbox 364 2019 528 2061; x_wconf 84' lang='lat' dir='ltr'>praeter</span> <span class='ocrx_word' id='word_1_259' title='bbox 549 2009 804 2049; x_wconf 85' lang='lat' dir='ltr'>ordinariam</span> <span class='ocrx_word' id='word_1_260' title='bbox 829 2012 967 2064; x_wconf 83' lang='lat' dir='ltr'>operis</span> <span class='ocrx_word' id='word_1_261' title='bbox 990 2010 1221 2050; x_wconf 87' lang='lat' dir='ltr'>mercedem</span> <span class='ocrx_word' id='word_1_262' title='bbox 1243 2010 1433 2062; x_wconf 87' lang='lat' dir='ltr'>accipere</span> <span class='ocrx_word' id='word_1_263' title='bbox 1458 2007 1655 2063; x_wconf 88' lang='lat' dir='ltr'>aliquid</span> <span class='ocrx_word' id='word_1_264' title='bbox 1643 2023 1706 2046; x_wconf 86' lang='lat' dir='ltr'>m·</span> 
     </span>
     <span class='ocr_line' id='line_1_33' title="bbox 247 2066 1707 2119; baseline 0.003 -18"><span class='ocrx_word' id='word_1_265' title='bbox 247 2073 333 2103; x_wconf 79' lang='lat' dir='ltr'>star</span> <span class='ocrx_word' id='word_1_266' title='bbox 355 2066 583 2104; x_wconf 85' lang='lat' dir='ltr'>corollarii.</span> <span class='ocrx_word' id='word_1_267' title='bbox 644 2068 737 2106; x_wconf 85' lang='lat' dir='ltr'>Rex</span> <span class='ocrx_word' id='word_1_268' title='bbox 758 2067 1010 2106; x_wconf 83' lang='lat' dir='ltr'>conciliatm</span> <span class='ocrx_word' id='word_1_269' title='bbox 1030 2076 1072 2106; x_wconf 89' lang='lat' dir='ltr'>et</span> <span class='ocrx_word' id='word_1_270' title='bbox 1097 2066 1303 2106; x_wconf 89' lang='lat' dir='ltr'>deductor</span> <span class='ocrx_word' id='word_1_271' title='bbox 1326 2080 1507 2119; x_wconf 86' lang='lat' dir='ltr'>sponsae</span> <span class='ocrx_word' id='word_1_272' title='bbox 1534 2079 1608 2106; x_wconf 90' lang='lat' dir='ltr'>seu</span> <span class='ocrx_word' id='word_1_273' title='bbox 1636 2079 1707 2105; x_wconf 86' lang='lat' dir='ltr'>ve·</span> 
     </span>
     <span class='ocr_line' id='line_1_34' title="bbox 247 2121 1427 2190; baseline 0.003 -33"><span class='ocrx_word' id='word_1_274' title='bbox 247 2121 327 2159; x_wconf 88' lang='lat' dir='ltr'>teri</span> <span class='ocrx_word' id='word_1_275' title='bbox 353 2121 478 2160; x_wconf 90' lang='lat' dir='ltr'>verbo</span> <span class='ocrx_word' id='word_1_276' title='bbox 503 2121 735 2162; x_wconf 75' lang='lat' dir='ltr'>domiducus</span> <span class='ocrx_word' id='word_1_277' title='bbox 757 2132 819 2162; x_wconf 89' lang='lat' dir='ltr'>est</span> <span class='ocrx_word' id='word_1_278' title='bbox 837 2124 979 2190; x_wconf 87' lang='lat' dir='ltr'>pictus</span> <span class='ocrx_word' id='word_1_279' title='bbox 1006 2122 1257 2162; x_wconf 83' lang='lat' dir='ltr'>Alexander.</span> <span class='ocrx_word' id='word_1_280' title='bbox 1290 2123 1427 2161; x_wconf 74' lang='lat' dir='ltr'>GESN.</span> 
     </span>
    </p>

    <p class='ocr_par' dir='ltr' id='par_1_8' title="bbox 245 2174 1706 2791">
     <span class='ocr_line' id='line_1_35' title="bbox 357 2174 1706 2233; baseline 0.002 -17"><span class='ocrx_word' id='word_1_281' title='bbox 357 2176 786 2231; x_wconf 71' lang='grc' dir='ltr'><strong>Εαιῖ.1.13.1κανὴν</strong></span> <span class='ocrx_word' id='word_1_282' title='bbox 806 2196 885 2219; x_wconf 86' lang='grc' dir='ltr'><em>των</em></span> <span class='ocrx_word' id='word_1_283' title='bbox 901 2174 1135 2232; x_wconf 76' lang='grc' dir='ltr'><em>Ὀλυμπίων</em></span> <span class='ocrx_word' id='word_1_284' title='bbox 1152 2176 1222 2230; x_wconf 75' lang='grc' dir='ltr'><em>τὴν</em></span> <span class='ocrx_word' id='word_1_285' title='bbox 1243 2196 1469 2233; x_wconf 77' lang='grc' dir='ltr'><em>πανηγυριν</em></span> <span class='ocrx_word' id='word_1_286' title='bbox 1488 2175 1620 2233; x_wconf 79' lang='grc' dir='ltr'><em>ηγεῖτο</em></span> <span class='ocrx_word' id='word_1_287' title='bbox 1638 2178 1706 2219; x_wconf 80' lang='grc' dir='ltr'>καὶ</span> 
     </span>
     <span class='ocr_line' id='line_1_36' title="bbox 247 2233 1704 2287; baseline -0.001 -14"><span class='ocrx_word' id='word_1_288' title='bbox 247 2235 477 2287; x_wconf 77' lang='grc' dir='ltr'><em>συγγραφέα</em></span> <span class='ocrx_word' id='word_1_289' title='bbox 497 2233 736 2286; x_wconf 74' lang='grc' dir='ltr'><em>θαυμαστὸν</em></span> <span class='ocrx_word' id='word_1_290' title='bbox 755 2238 875 2284; x_wconf 71' lang='grc' dir='ltr'><em>δεῖξαι</em></span> <span class='ocrx_word' id='word_1_291' title='bbox 893 2241 975 2284; x_wconf 86' lang='grc' dir='ltr'><em>τοῖς</em></span> <span class='ocrx_word' id='word_1_292' title='bbox 982 2234 1172 2287; x_wconf 75' lang='grc' dir='ltr'><em>Έλλησι)</em></span> <span class='ocrx_word' id='word_1_293' title='bbox 1210 2236 1326 2274; x_wconf 80' lang='lat' dir='ltr'>Vetti</span> <span class='ocrx_word' id='word_1_294' title='bbox 1348 2235 1490 2273; x_wconf 84' lang='lat' dir='ltr'>videas</span> <span class='ocrx_word' id='word_1_295' title='bbox 1511 2234 1561 2273; x_wconf 88' lang='lat' dir='ltr'>ab</span> <span class='ocrx_word' id='word_1_296' title='bbox 1580 2235 1704 2273; x_wconf 84' lang='lat' dir='ltr'>Bene·</span> 
     </span>
     <span class='ocr_line' id='line_1_37' title="bbox 247 2288 1702 2345; baseline 0 -17"><span class='ocrx_word' id='word_1_297' title='bbox 247 2288 679 2345; x_wconf 66' lang='lat' dir='ltr'>‹lic107021mpzorum</span> <span class='ocrx_word' id='word_1_298' title='bbox 700 2291 958 2330; x_wconf 74' lang='lat' dir='ltr'>celebritatem</span> <span class='ocrx_word' id='word_1_299' title='bbox 981 2292 1158 2332; x_wconf 70' lang='lat' dir='ltr'>islone-am</span> <span class='ocrx_word' id='word_1_300' title='bbox 1183 2292 1347 2330; x_wconf 76' lang='lat' dir='ltr'>ducebat</span> <span class='ocrx_word' id='word_1_301' title='bbox 1367 2290 1556 2345; x_wconf 71' lang='lat' dir='ltr'>adfidem</span> <span class='ocrx_word' id='word_1_302' title='bbox 1583 2289 1702 2329; x_wconf 80' lang='lat' dir='ltr'>Grae-</span> 
     </span>
     <span class='ocr_line' id='line_1_38' title="bbox 246 2346 1703 2402; baseline 0 -20"><span class='ocrx_word' id='word_1_303' title='bbox 246 2347 301 2383; x_wconf 87' lang='lat' dir='ltr'>cis</span> <span class='ocrx_word' id='word_1_304' title='bbox 313 2346 547 2399; x_wconf 75' lang='lat' dir='ltr'>jaciendum</span> <span class='ocrx_word' id='word_1_305' title='bbox 570 2348 830 2387; x_wconf 74' lang='lat' dir='ltr'>admiratione</span> <span class='ocrx_word' id='word_1_306' title='bbox 851 2348 1009 2402; x_wconf 76' lang='lat' dir='ltr'>dignum</span> <span class='ocrx_word' id='word_1_307' title='bbox 1029 2365 1106 2387; x_wconf 71' lang='lat' dir='ltr'>esse</span> <span class='ocrx_word' id='word_1_308' title='bbox 1123 2351 1372 2401; x_wconf 63' lang='lat' dir='ltr'>scriptorem:</span> <span class='ocrx_word' id='word_1_309' title='bbox 1403 2349 1452 2384; x_wconf 82' lang='lat' dir='ltr'>ab</span> <span class='ocrx_word' id='word_1_310' title='bbox 1474 2347 1598 2389; x_wconf 77' lang='lat' dir='ltr'>aliis,</span> <span class='ocrx_word' id='word_1_311' title='bbox 1629 2361 1703 2383; x_wconf 76' lang='lat' dir='ltr'>sez-</span> 
     </span>
     <span class='ocr_line' id='line_1_39' title="bbox 246 2401 1702 2459; baseline 0 -21"><span class='ocrx_word' id='word_1_312' title='bbox 246 2411 295 2439; x_wconf 75' lang='lat' dir='ltr'>ns</span> <span class='ocrx_word' id='word_1_313' title='bbox 312 2419 496 2457; x_wconf 77' lang='lat' dir='ltr'>superque</span> <span class='ocrx_word' id='word_1_314' title='bbox 512 2405 686 2459; x_wconf 83' lang='lat' dir='ltr'>sufficere</span> <span class='ocrx_word' id='word_1_315' title='bbox 706 2403 779 2458; x_wconf 78' lang='lat' dir='ltr'>Oly</span> <span class='ocrx_word' id='word_1_316' title='bbox 782 2421 971 2458; x_wconf 77' lang='lat' dir='ltr'>mpzorum</span> <span class='ocrx_word' id='word_1_317' title='bbox 993 2405 1108 2445; x_wconf 76' lang='lat' dir='ltr'>ludos</span> <span class='ocrx_word' id='word_1_318' title='bbox 1126 2402 1556 2459; x_wconf 72' lang='lat' dir='ltr'>aclfaciendamfidem</span> <span class='ocrx_word' id='word_1_319' title='bbox 1582 2401 1702 2440; x_wconf 74' lang='lat' dir='ltr'>Grae-</span> 
     </span>
     <span class='ocr_line' id='line_1_40' title="bbox 246 2455 1699 2513; baseline 0.003 -20"><span class='ocrx_word' id='word_1_320' title='bbox 246 2459 323 2504; x_wconf 63' lang='lat' dir='ltr'>ci.,e</span> <span class='ocrx_word' id='word_1_321' title='bbox 356 2476 438 2497; x_wconf 78' lang='lat' dir='ltr'>eum</span> <span class='ocrx_word' id='word_1_322' title='bbox 458 2463 681 2512; x_wconf 64' lang='lat' dir='ltr'>scriptorem</span> <span class='ocrx_word' id='word_1_323' title='bbox 703 2477 780 2499; x_wconf 78' lang='lat' dir='ltr'>esse</span> <span class='ocrx_word' id='word_1_324' title='bbox 798 2461 1058 2501; x_wconf 73' lang='lat' dir='ltr'>admiratione</span> <span class='ocrx_word' id='word_1_325' title='bbox 1075 2477 1151 2500; x_wconf 85' lang='lat' dir='ltr'>non</span> <span class='ocrx_word' id='word_1_326' title='bbox 1168 2459 1385 2513; x_wconf 68' lang='lat' dir='ltr'>indignum.</span> <span class='ocrx_word' id='word_1_327' title='bbox 1445 2459 1500 2496; x_wconf 90' lang='lat' dir='ltr'>At</span> <span class='ocrx_word' id='word_1_328' title='bbox 1522 2455 1670 2510; x_wconf 73' lang='lat' dir='ltr'>quid</span> <span class='ocrx_word' id='word_1_329' title='bbox 1648 2471 1699 2495; x_wconf 83' lang='lat' dir='ltr'>sse</span> 
     </span>
     <span class='ocr_line' id='line_1_41' title="bbox 246 2512 1697 2565; baseline 0.01 -17"><span class='ocrx_word' id='word_1_330' title='bbox 246 2512 316 2549; x_wconf 90' lang='lat' dir='ltr'>illa</span> <span class='ocrx_word' id='word_1_331' title='bbox 343 2514 452 2554; x_wconf 82' lang='lat' dir='ltr'>fide·</span> <span class='ocrx_word' id='word_1_332' title='bbox 443 2530 483 2553; x_wconf 75' lang='lat' dir='ltr'>ln</span> <span class='ocrx_word' id='word_1_333' title='bbox 512 2516 710 2555; x_wconf 80' lang='lat' dir='ltr'>Graecis.</span> <span class='ocrx_word' id='word_1_334' title='bbox 698 2516 718 2544; x_wconf 68' lang='lat'>‘2</span> <span class='ocrx_word' id='word_1_335' title='bbox 750 2527 889 2555; x_wconf 85' lang='lat' dir='ltr'>utrum</span> <span class='ocrx_word' id='word_1_336' title='bbox 911 2532 955 2557; x_wconf 81' lang='lat' dir='ltr'>ea</span> <span class='ocrx_word' id='word_1_337' title='bbox 976 2517 1162 2557; x_wconf 79' lang='lat' dir='ltr'>lesidet&#39;</span> <span class='ocrx_word' id='word_1_338' title='bbox 1152 2532 1196 2554; x_wconf 87' lang='lat' dir='ltr'>m</span> <span class='ocrx_word' id='word_1_339' title='bbox 1219 2515 1378 2565; x_wconf 81' lang='grc' dir='ltr'><em>ικανὸς,</em></span> <span class='ocrx_word' id='word_1_340' title='bbox 1411 2528 1462 2553; x_wconf 78' lang='lat'>81¹</span> <span class='ocrx_word' id='word_1_341' title='bbox 1483 2528 1525 2550; x_wconf 78' lang='lat'>¹1¹</span> <span class='ocrx_word' id='word_1_342' title='bbox 1549 2516 1697 2563; x_wconf 60' lang='lat' dir='ltr'>(mgni,-</span> 
     </span>
     <span class='ocr_line' id='line_1_42' title="bbox 246 2567 1701 2629; baseline 0.001 -25"><span class='ocrx_word' id='word_1_343' title='bbox 246 2567 379 2607; x_wconf 84' lang='lat' dir='ltr'>Immo</span> <span class='ocrx_word' id='word_1_344' title='bbox 409 2571 664 2611; x_wconf 32' lang='lat' dir='ltr'>cffllcbtitatem</span> <span class='ocrx_word' id='word_1_345' title='bbox 702 2572 975 2627; x_wconf 57' lang='lat' dir='ltr'>Obmpiacam</span> <span class='ocrx_word' id='word_1_346' title='bbox 1007 2575 1208 2629; x_wconf 53' lang='lat' dir='ltr'>sufficere,</span> <span class='ocrx_word' id='word_1_347' title='bbox 1261 2582 1302 2613; x_wconf 87' lang='lat' dir='ltr'>et</span> <span class='ocrx_word' id='word_1_348' title='bbox 1329 2576 1465 2611; x_wconf 78' lang='lat' dir='ltr'>valere</span> <span class='ocrx_word' id='word_1_349' title='bbox 1495 2571 1609 2608; x_wconf 84' lang='lat' dir='ltr'>etiam</span> <span class='ocrx_word' id='word_1_350' title='bbox 1645 2569 1701 2607; x_wconf 80' lang='lat' dir='ltr'>acl</span> 
     </span>
     <span class='ocr_line' id='line_1_43' title="bbox 245 2625 1700 2681; baseline 0.001 -20"><span class='ocrx_word' id='word_1_351' title='bbox 245 2626 467 2676; x_wconf 70' lang='lat' dir='ltr'>scriptorem</span> <span class='ocrx_word' id='word_1_352' title='bbox 491 2628 760 2669; x_wconf 75' lang='lat' dir='ltr'>admirabilem</span> <span class='ocrx_word' id='word_1_353' title='bbox 786 2645 825 2668; x_wconf 90' lang='lat'>0</span> <span class='ocrx_word' id='word_1_354' title='bbox 820 2630 1060 2670; x_wconf 60' lang='lat' dir='ltr'>taust-ndum</span> <span class='ocrx_word' id='word_1_355' title='bbox 1088 2629 1269 2678; x_wconf 77' lang='lat' dir='ltr'>Graccis,</span> <span class='ocrx_word' id='word_1_356' title='bbox 1312 2625 1513 2681; x_wconf 86' lang='lat' dir='ltr'>quoniam</span> <span class='ocrx_word' id='word_1_357' title='bbox 1545 2625 1700 2667; x_wconf 86' lang='lat' dir='ltr'>videli-</span> 
     </span>
     <span class='ocr_line' id='line_1_44' title="bbox 246 2679 1695 2731; baseline 0.006 -15"><span class='ocrx_word' id='word_1_358' title='bbox 246 2690 309 2717; x_wconf 76' lang='lat' dir='ltr'>cet</span> <span class='ocrx_word' id='word_1_359' title='bbox 330 2679 531 2720; x_wconf 76' lang='lat' dir='ltr'>hactenus</span> <span class='ocrx_word' id='word_1_360' title='bbox 556 2685 634 2723; x_wconf 71' lang='lat' dir='ltr'>⁸xlia</span> <span class='ocrx_word' id='word_1_361' title='bbox 656 2685 813 2723; x_wconf 78' lang='lat' dir='ltr'>ludicra</span> <span class='ocrx_word' id='word_1_362' title='bbox 839 2686 928 2724; x_wconf 86' lang='lat' dir='ltr'>illic</span> <span class='ocrx_word' id='word_1_363' title='bbox 950 2686 1075 2726; x_wconf 77' lang='lat' dir='ltr'>solita</span> <span class='ocrx_word' id='word_1_364' title='bbox 1099 2695 1217 2725; x_wconf 84' lang='lat' dir='ltr'>erant</span> <span class='ocrx_word' id='word_1_365' title='bbox 1233 2686 1492 2731; x_wconf 76' lang='grc' dir='ltr'><em>δείκνυσθαι,</em></span> <span class='ocrx_word' id='word_1_366' title='bbox 1527 2696 1615 2720; x_wconf 83' lang='lat' dir='ltr'>non</span> <span class='ocrx_word' id='word_1_367' title='bbox 1631 2680 1695 2723; x_wconf 65' lang='lat' dir='ltr'>hi·</span> 
     </span>
     <span class='ocr_line' id='line_1_45' title="bbox 246 2735 857 2791; baseline 0.005 -18"><span class='ocrx_word' id='word_1_368' title='bbox 246 2735 467 2774; x_wconf 74' lang='lat' dir='ltr'>storiarum</span> <span class='ocrx_word' id='word_1_369' title='bbox 489 2741 678 2791; x_wconf 79' lang='lat' dir='ltr'>scriptio</span> <span class='ocrx_word' id='word_1_370' title='bbox 713 2742 746 2779; x_wconf 78' lang='lat' dir='ltr'>G</span> <span class='ocrx_word' id='word_1_371' title='bbox 738 2757 857 2780; x_wconf 64' lang='lat' dir='ltr'>vaux</span> 
     </span>
    </p>
   </div>
  </div>
 </body>
</html>
