1834 3188
252 199 355 248 504
613 214 1366 252 AnNoTA‘rroNEs

253 320 356 350 mot.
380 325 415 352 c.
437 315 505 357 52.
531 321 622 353 not.
646 313 782 354 Dian.
800 315 953 357 Mortt.
975 315 1161 367 XIXA.
1183 315 1234 356 de
1259 320 1381 371 cujus
1405 323 1611 372 postremi
1629 326 1719 365 loci

252 367 467 422 probitate
488 368 676 408 dubitari
694 380 833 410 tamen
856 386 982 425 posse
1000 372 1150 412 fateor.
1187 371 1467 429 Ἐγκολάπτειν
1491 388 1631 419 autem
1652 383 1720 425 ἐπὶ

251 429 307 482 τῷ
326 427 506 479 τροπαίῳ
529 439 616 464 non
647 427 800 482 magis,
835 427 985 479 credo,
1018 427 1234 469 offendere
1260 441 1422 484 potest,
1457 447 1581 487 quam
1604 437 1719 479 ἔνου-

251 487 336 532 ρεῖν
360 483 400 523 ἐν
417 488 471 537 τῷ
489 483 592 536 μέσῳ
604 481 789 523 Conviv·
804 499 838 523 0·
853 487 921 529 35.
947 486 1166 540 ἐπιβαίνειν
1184 487 1255 530 ἐπὶ
1277 493 1355 529 τῶν
1374 485 1568 533 ἀκανθῶν
1581 493 1718 534 Dian.

251 538 406 578 Mortt.
429 539 625 587 XXVII,
649 542 689 583 5.
717 543 893 595 ejusque
915 542 1080 596 generis
1117 545 1246 582 multa
1262 575 1284 594 ,ᾗ
1309 558 1416 598 quae
1437 547 1619 601 scriptor
1641 565 1718 590 no-

251 604 336 633 ster
359 595 532 636 amavit.
591 596 705 634 Mox
733 599 893 647 lenem,
923 608 1125 638 monente
1148 599 1315 653 Seagero
1338 601 1383 640 in
1407 602 1539 644 Class.
1562 606 1716 649 Journ.

255 651 349 690 Vol.
367 651 494 693 XIII.
517 665 558 703 p.
580 656 668 703 74.,
699 651 852 693 admisi
873 655 1237 708 interpunctionis
1258 658 1563 712 mutationem,
1593 660 1719 713 ἄλλως

252 721 363 757 non,
404 718 452 748 ut
488 711 617 763 vulgo
644 710 827 760 factum,
860 711 911 751 ad
937 712 1180 766 sequentia,
1212 713 1286 752 sed
1318 713 1368 753 ad
1401 717 1716 770 praecedentia,

251 764 461 806 referens:
491 766 560 807 καὶ
578 770 880 819 θαυματοποιΐα
900 765 1041 819 ἄλλως,
1059 769 1087 807 i.
1108 783 1144 809 e.
1164 786 1292 810 merae
1306 775 1554 827 praestigiae,
1574 789 1720 830 quem-

252 819 504 869 admodum,
550 835 674 876 quem
704 826 846 863 locum
884 833 996 865 recte
1025 826 1211 866 contulit
1243 826 1456 881 Seagerus,
1500 831 1641 873 Prom.
1671 832 1718 872 in

251 875 410 920 Verbb.
432 893 468 918 c.
490 883 528 921 2.
551 879 692 932 τέρψις
712 876 841 930 ἄλλως
861 882 929 923 καὶ
948 880 1090 923 παιδιὰ
1110 880 1153 924 τὸ
1172 887 1347 937 πρᾶγμα.
1380 885 1581 926 Conferri
1603 886 1717 928 idem

251 933 305 975 V.
330 934 388 971 D.
408 935 527 988 jubet
545 935 744 978 Demostlt..
769 939 860 992 περὶ
888 942 1136 991 παραπρεσβ.
1159 953 1199 992 p-
1221 945 1317 984 348.
1340 941 1407 980 ed·
1432 942 1582 983 Reisk·
1608 954 1650 984 et
1672 945 1718 983 in

249 989 411 1033 Lacrit.
438 1006 477 1043 p.
503 996 599 1036 931.
621 1002 663 1032 et
694 992 804 1031 adiri
832 994 960 1034 etiam
986 996 1132 1049 Toupii
1162 995 1501 1037 observationem
1525 999 1577 1039 ad
1598 1001 1720 1041 Lon—

247 1047 329 1098 gin.
366 1048 397 1100 ᾗ.
428 1053 467 1090 7.
539 1048 736 1088 Ceterum
778 1053 862 1104 jam
905 1061 1191 1107 occupaverat
1230 1052 1341 1093 hanc
1375 1055 1717 1098 emendationem

253 1101 535 1145 Schmiederus.
565 1106 726 1146 LEHM·

505 1397 609 1448 IN
685 1399 1464 1454 HARMONIDEN.

364 1500 465 1555 Pag.
491 1509 583 1549 142.
608 1508 634 1548 1.
661 1511 699 1550 1.
731 1509 1119 1565 ΑΡΜΟΝΙΔΗΣ)
1149 1508 1249 1548 Non
1286 1519 1350 1549 est
1376 1507 1616 1564 προςλαλιά,
1647 1509 1721 1549 sed

252 1552 470 1610 Σύστασις,
500 1561 591 1602 sive
619 1563 948 1606 commendatio.
990 1566 1203 1607 MAncu..
1265 1565 1333 1607 Cf.
1368 1568 1544 1621 Argum.
1577 1566 1719 1607 textui

250 1615 538 1665 praemissum.
571 1619 731 1660 LEHM.

363 1670 570 1717 Eacl.1‚2.
603 1672 875 1731 Ἁρμονίδης)
918 1678 1126 1732 Philippo
1159 1677 1330 1718 Maced.
1358 1687 1562 1732 regnante
1593 1679 1719 1722 vixit,

247 1725 403 1765 Mat-m.
429 1728 564 1772 Oxou.
591 1737 684 1777 173.
707 1748 771 1786 ep.
792 1740 860 1778 77.
892 1735 945 1776 V.
971 1735 1078 1775 Plut.
1103 1739 1200 1779 957.
1218 1735 1244 1776 i.
1287 1736 1456 1776 SOLAN.

362 1783 467 1827 Ῑόἰῑῖ.
508 1786 736 1841 Τιμόθεον)
767 1791 852 1830 Hic
872 1791 1168 1832 nobilissimus
1196 1790 1272 1830 sub
1294 1789 1541 1830 Alexandro
1564 1805 1718 1846 magno

249 1835 421 1887 floruit,
455 1841 505 1882 de
526 1847 648 1898 cujus
672 1846 867 1896 Iltlusica,
902 1863 983 1901 qua
1003 1847 1294 1886 Alexandrum
1313 1847 1363 1885 ad
1389 1847 1547 1886 bellum
1570 1862 1721 1887 accen-

249 1893 347 1933 dere
376 1898 564 1950 solebat,
597 1903 793 1942 meminit
812 1906 892 1944 Dio
917 1905 961 1942 in
983 1904 1058 1943 lib.
1081 1903 1132 1943 de
1163 1905 1328 1958 Regno.
1362 1903 1507 1943 Goon.
1571 1905 1718 1943 Timo-

247 1950 355 1990 theus
377 1954 536 2004 lyricus
562 1960 699 1997 clarus
723 1969 788 1999 est
816 1959 931 2014 apud
955 1971 1137 2010 veteres,
1172 1960 1270 2014 qui,
1304 1958 1417 2014 quod
1437 1962 1579 2012 plures
1599 1962 1718 2011 lyrae

250 2006 429 2048 chordas
460 2012 712 2065 addidisset,
756 2016 1081 2057 Lacedaemone
1110 2019 1280 2057 exulare
1307 2019 1447 2069 jussus
1479 2026 1563 2065 est,
1604 2015 1715 2057 Plut.

247 2068 344 2106 209.
367 2065 601 2110 Historiam
628 2085 681 2110 ex
701 2073 869 2112 Bo'e'tkio
892 2083 934 2113 et
957 2072 1171 2112 decretum
1198 2072 1337 2124 ipsum
1357 2071 1622 2112 emendatius
1646 2086 1720 2111 ex-

248 2118 367 2160 hibet
394 2122 560 2166 Casaub.
585 2126 636 2166 ad
656 2129 805 2169 Athen.
831 2144 871 2183 p.
891 2134 987 2173 613.
1047 2128 1129 2168 Sed
1151 2128 1337 2168 DIiZesius
1358 2129 1452 2177 ille,
1485 2128 1551 2167 uti
1570 2143 1622 2169 ex
1647 2128 1719 2168 de-

248 2187 363 2217 creto
384 2193 576 2232 constat;
610 2195 757 2224 noster
775 2196 915 2225 autem
931 2186 1123 2235 Boeotus,
1155 2195 1204 2223 ut
1225 2199 1324 2223 mox
1345 2184 1526 2238 patebit.
1587 2184 1718 2239 Quod

246 2232 328 2273 rite
360 2235 632 2279 observatum
659 2244 800 2281 lucem
823 2244 920 2281 loco
946 2257 1046 2280 mox
1076 2242 1272 2294 sequenti
1296 2256 1318 2280 a
1340 2242 1443 2280 viris
1465 2240 1602 2280 doctis
1624 2244 1719 2280 sol-

245 2289 411 2331 licitato
435 2294 686 2339 foenerabit.
745 2299 816 2338 De
841 2308 989 2338 nostro
1012 2297 1100 2337 vid.
1123 2297 1231 2337 Adv.
1255 2297 1422 2336 Indoct.
1446 2311 1536 2350 cap.
1561 2301 1603 2342 5,
1645 2299 1717 2337 De

245 2345 423 2388 Milesio
443 2351 566 2406 Leop.
588 2358 681 2398 160.
743 2354 829 2393 Hic
862 2364 946 2406 est,
984 2354 1059 2409 qui
1082 2354 1316 2408 Phrygium
1348 2368 1503 2393 canens
1534 2355 1717 2393 Alexan-

247 2399 366 2441 drum
399 2406 444 2444 in
477 2410 683 2450 convivio
726 2410 778 2449 ad
812 2426 925 2450 arma
962 2411 1108 2451 subito
1142 2412 1376 2450 excitatum
1407 2424 1508 2449 mox
1539 2410 1714 2449 remisso

249 2468 374 2499 cantu
396 2476 418 2501 a
441 2463 584 2506 furore
615 2466 668 2506 ad
694 2468 879 2520 quietem
909 2467 1144 2508 revocavit.
1201 2467 1437 2506 Historiam
1465 2475 1605 2505 narrat
1623 2466 1718 2504 Ba·-

246 2512 358 2554 silius
386 2517 437 2558 de
462 2524 544 2575 leg.
579 2522 652 2564 Gr.
674 2523 750 2564 lib.
786 2525 936 2575 (Grot.
969 2524 1033 2564 ed.
1057 2525 1156 2576 99.)
1200 2526 1369 2565 SOLAN.
1430 2523 1499 2561 De
1532 2522 1713 2561 Milesio

248 2569 479 2616 Timotheo
507 2579 562 2619 cf.
590 2581 718 2619 etiam
740 2580 916 2622 Pausan.
939 2581 1032 2631 III,
1058 2586 1124 2624 12.
1152 2579 1262 2619 circa
1295 2579 1364 2620 fin.
1395 2577 1497 2633 (qui
1520 2591 1639 2616 secus
1666 2592 1714 2617 ac

249 2624 486 2672 Plutarchus
517 2634 794 2676 Timotheum
823 2636 1147 2676 Lacedaemone
1186 2649 1432 2690 suspensum
1470 2633 1715 2673 fuisse-tra·

251 2679 362 2735 dih)
391 2696 432 2723 et
462 2690 709 2732 Athenaeum
738 2693 858 2740 XIV,
883 2697 920 2736 4.
945 2702 986 2731 et
1015 2692 1067 2731 ad
1101 2692 1228 2745 hujus
1259 2689 1362 2730 Lib.
1385 2689 1505 2732 VIII.
1527 2704 1618 2745 cap.
1644 2692 1713 2740 45.

251 2736 537 2783 doctissimam
560 2747 785 2789 Cas-auberti
805 2748 1228 2791 animadversionem.
1267 2747 1424 2789 LEHM.
