<?xml version="1.0" encoding="UTF-8"?>
<!DOCTYPE html PUBLIC "-//W3C//DTD XHTML 1.0 Transitional//EN"
    "http://www.w3.org/TR/xhtml1/DTD/xhtml1-transitional.dtd">
<html xmlns="http://www.w3.org/1999/xhtml" xml:lang="en" lang="en">
 <head>
  <title>
</title>
<meta http-equiv="Content-Type" content="text/html;charset=utf-8" />
  <meta name='ocr-system' content='tesseract 3.04.00' />
  <meta name='ocr-capabilities' content='ocr_page ocr_carea ocr_par ocr_line ocrx_word'/>
</head>
<body>
  <div class='ocr_page' id='page_1' title='image "./operagraecaetlat04luciuoft_0420.png"; bbox 0 0 1834 3188; ppageno 0'>
   <div class='ocr_carea' id='block_1_1' title="bbox 247 182 1359 227">
    <p class='ocr_par' dir='ltr' id='par_1_1' title="bbox 247 182 1359 227">
     <span class='ocr_line' id='line_1_1' title="bbox 247 182 1359 227; baseline -0.008 0"><span class='ocrx_word' id='word_1_1' title='bbox 247 182 349 227; x_wconf 76' lang='lat'><strong>382</strong></span> <span class='ocrx_word' id='word_1_2' title='bbox 599 187 1359 222; x_wconf 72' lang='lat' dir='ltr'>ADNOTATIONES</span> 
     </span>
    </p>
   </div>
   <div class='ocr_carea' id='block_1_2' title="bbox 245 284 1712 680">
    <p class='ocr_par' dir='ltr' id='par_1_2' title="bbox 245 284 1709 564">
     <span class='ocr_line' id='line_1_2' title="bbox 246 284 1709 358; baseline -0.005 -29"><span class='ocrx_word' id='word_1_3' title='bbox 246 289 416 341; x_wconf 79' lang='lat' dir='ltr'><strong>statim,</strong></span> <span class='ocrx_word' id='word_1_4' title='bbox 448 285 535 330; x_wconf 73' lang='grc' dir='ltr'><em>ὅσοι</em></span> <span class='ocrx_word' id='word_1_5' title='bbox 556 287 684 357; x_wconf 80' lang='grc' dir='ltr'><em>χαμαὶ</em></span> <span class='ocrx_word' id='word_1_6' title='bbox 705 284 917 340; x_wconf 80' lang='grc' dir='ltr'><em>ἕοπόμενοι</em></span> <span class='ocrx_word' id='word_1_7' title='bbox 939 285 1069 340; x_wconf 66' lang='grc' dir='ltr'><em>εἷς-μέν’</em></span> <span class='ocrx_word' id='word_1_8' title='bbox 1099 284 1172 325; x_wconf 86' lang='lat' dir='ltr'><strong>sed</strong></span> <span class='ocrx_word' id='word_1_9' title='bbox 1194 299 1334 326; x_wconf 84' lang='lat' dir='ltr'><strong>veram</strong></span> <span class='ocrx_word' id='word_1_10' title='bbox 1345 286 1601 358; x_wconf 41' lang='lat' dir='ltr'><strong>scriptu-uram</strong></span> <span class='ocrx_word' id='word_1_11' title='bbox 1622 301 1709 326; x_wconf 88' lang='lat' dir='ltr'><strong>no..</strong></span> 
     </span>
     <span class='ocr_line' id='line_1_3' title="bbox 247 339 1705 414; baseline 0 -29"><span class='ocrx_word' id='word_1_12' title='bbox 247 347 313 385; x_wconf 91' lang='lat' dir='ltr'><strong>bis</strong></span> <span class='ocrx_word' id='word_1_13' title='bbox 333 344 522 385; x_wconf 82' lang='lat' dir='ltr'><strong>ostendit</strong></span> <span class='ocrx_word' id='word_1_14' title='bbox 545 346 633 385; x_wconf 88' lang='lat' dir='ltr'><strong>Ms.</strong></span> <span class='ocrx_word' id='word_1_15' title='bbox 661 341 758 386; x_wconf 74' lang='grc' dir='ltr'><strong>ἀλλὰ</strong></span> <span class='ocrx_word' id='word_1_16' title='bbox 784 349 1034 397; x_wconf 77' lang='grc' dir='ltr'><strong><em>χαμαιπετεῖς</em></strong></span> <span class='ocrx_word' id='word_1_17' title='bbox 1057 339 1311 384; x_wconf 81' lang='grc' dir='ltr'><em>παντάπασιν</em></span> <span class='ocrx_word' id='word_1_18' title='bbox 1339 343 1382 384; x_wconf 78' lang='grc' dir='ltr'><em>ἓν</em></span> <span class='ocrx_word' id='word_1_19' title='bbox 1411 347 1494 414; x_wconf 79' lang='grc' dir='ltr'><strong>χρῷ</strong></span> <span class='ocrx_word' id='word_1_20' title='bbox 1516 348 1588 396; x_wconf 83' lang='grc' dir='ltr'><strong>τῆς</strong></span> <span class='ocrx_word' id='word_1_21' title='bbox 1617 349 1705 398; x_wconf 80' lang='grc' dir='ltr'><strong>γῆς.</strong></span> 
     </span>
     <span class='ocr_line' id='line_1_4' title="bbox 245 398 1705 474; baseline 0.001 -34"><span class='ocrx_word' id='word_1_22' title='bbox 245 404 300 443; x_wconf 87' lang='lat' dir='ltr'><strong>In</strong></span> <span class='ocrx_word' id='word_1_23' title='bbox 327 415 466 474; x_wconf 84' lang='lat' dir='ltr'><strong>praec.</strong></span> <span class='ocrx_word' id='word_1_24' title='bbox 493 415 532 452; x_wconf 89' lang='lat' dir='ltr'><strong>p.</strong></span> <span class='ocrx_word' id='word_1_25' title='bbox 556 406 594 443; x_wconf 88' lang='lat'><strong>9.</strong></span> <span class='ocrx_word' id='word_1_26' title='bbox 625 414 714 439; x_wconf 89' lang='lat' dir='ltr'><strong>non</strong></span> <span class='ocrx_word' id='word_1_27' title='bbox 747 401 901 440; x_wconf 79' lang='lat' dir='ltr'><strong>frustra</strong></span> <span class='ocrx_word' id='word_1_28' title='bbox 932 399 1042 439; x_wconf 88' lang='lat' dir='ltr'><strong>idem</strong></span> <span class='ocrx_word' id='word_1_29' title='bbox 1074 398 1244 449; x_wconf 84' lang='lat' dir='ltr'><strong>Codex,</strong></span> <span class='ocrx_word' id='word_1_30' title='bbox 1275 401 1312 440; x_wconf 81' lang='grc' dir='ltr'><strong>εἰ</strong></span> <span class='ocrx_word' id='word_1_31' title='bbox 1337 400 1403 441; x_wconf 83' lang='grc' dir='ltr'><strong>καὶ</strong></span> <span class='ocrx_word' id='word_1_32' title='bbox 1435 398 1489 452; x_wconf 82' lang='grc' dir='ltr'><strong>μὴ</strong></span> <span class='ocrx_word' id='word_1_33' title='bbox 1526 398 1705 448; x_wconf 75' lang='grc' dir='ltr'><em>εὐθεῖαν,</em></span> 
     </span>
     <span class='ocr_line' id='line_1_5' title="bbox 246 451 1707 524; baseline -0.003 -26"><span class='ocrx_word' id='word_1_34' title='bbox 246 455 345 513; x_wconf 77' lang='grc' dir='ltr'><strong>μηδ’</strong></span> <span class='ocrx_word' id='word_1_35' title='bbox 370 454 429 499; x_wconf 68' lang='grc' dir='ltr'><strong>ἀεὶ</strong></span> <span class='ocrx_word' id='word_1_36' title='bbox 449 460 608 524; x_wconf 79' lang='grc' dir='ltr'><em>βαδίζει</em></span> <span class='ocrx_word' id='word_1_37' title='bbox 636 474 707 505; x_wconf 87' lang='grc' dir='ltr'><strong>τις.</strong></span> <span class='ocrx_word' id='word_1_38' title='bbox 767 457 876 495; x_wconf 88' lang='lat' dir='ltr'><strong>Sane</strong></span> <span class='ocrx_word' id='word_1_39' title='bbox 907 451 1165 508; x_wconf 78' lang='grc' dir='ltr'><em>ἇττικώτερον</em></span> <span class='ocrx_word' id='word_1_40' title='bbox 1186 455 1270 493; x_wconf 84' lang='lat' dir='ltr'><strong>hoc</strong></span> <span class='ocrx_word' id='word_1_41' title='bbox 1293 464 1376 505; x_wconf 82' lang='lat' dir='ltr'><strong>est,</strong></span> <span class='ocrx_word' id='word_1_42' title='bbox 1409 469 1532 509; x_wconf 88' lang='lat' dir='ltr'><strong>quam</strong></span> <span class='ocrx_word' id='word_1_43' title='bbox 1556 459 1707 509; x_wconf 78' lang='lat' dir='ltr'><strong>vulga·</strong></span> 
     </span>
     <span class='ocr_line' id='line_1_6' title="bbox 246 509 1709 564; baseline -0.003 -9"><span class='ocrx_word' id='word_1_44' title='bbox 246 526 336 555; x_wconf 89' lang='lat' dir='ltr'><strong>tum</strong></span> <span class='ocrx_word' id='word_1_45' title='bbox 359 511 474 556; x_wconf 76' lang='grc' dir='ltr'><strong>εὗθὺ.</strong></span> <span class='ocrx_word' id='word_1_46' title='bbox 535 514 650 552; x_wconf 84' lang='lat' dir='ltr'><strong>Solet</strong></span> <span class='ocrx_word' id='word_1_47' title='bbox 674 513 785 551; x_wconf 86' lang='lat' dir='ltr'><strong>enim</strong></span> <span class='ocrx_word' id='word_1_48' title='bbox 808 509 935 560; x_wconf 67' lang='lat'><strong><em>6663·</em></strong></span> <span class='ocrx_word' id='word_1_49' title='bbox 924 527 968 550; x_wconf 86' lang='lat' dir='ltr'>m</span> <span class='ocrx_word' id='word_1_50' title='bbox 992 512 1058 550; x_wconf 84' lang='lat' dir='ltr'><strong>his</strong></span> <span class='ocrx_word' id='word_1_51' title='bbox 1078 510 1426 564; x_wconf 78' lang='lat' dir='ltr'>frequentissime</span> <span class='ocrx_word' id='word_1_52' title='bbox 1449 511 1605 551; x_wconf 89' lang='lat' dir='ltr'><strong>omitti.</strong></span> <span class='ocrx_word' id='word_1_53' title='bbox 1638 512 1709 551; x_wconf 86' lang='lat' dir='ltr'><strong>Sic</strong></span> 
     </span>
    </p>

    <p class='ocr_par' dir='ltr' id='par_1_3' title="bbox 247 566 1712 680">
     <span class='ocr_line' id='line_1_7' title="bbox 247 566 1712 624; baseline -0.001 -15.96"><span class='ocrx_word' id='word_1_54' title='bbox 247 570 361 624; x_wconf 87' lang='lat' dir='ltr'><strong>apud</strong></span> <span class='ocrx_word' id='word_1_55' title='bbox 381 570 564 623; x_wconf 73' lang='lat' dir='ltr'><strong>Xenoplz.</strong></span> <span class='ocrx_word' id='word_1_56' title='bbox 596 566 759 617; x_wconf 77' lang='grc' dir='ltr'><em>εὐθείας</em></span> <span class='ocrx_word' id='word_1_57' title='bbox 785 569 1052 622; x_wconf 79' lang='grc' dir='ltr'><em>ἐξεστηκὲναι,</em></span> <span class='ocrx_word' id='word_1_58' title='bbox 1086 584 1111 607; x_wconf 84' lang='grc' dir='ltr'><em>α</em></span> <span class='ocrx_word' id='word_1_59' title='bbox 1143 579 1249 607; x_wconf 79' lang='lat' dir='ltr'><strong>recia</strong></span> <span class='ocrx_word' id='word_1_60' title='bbox 1265 570 1330 607; x_wconf 83' lang='lat' dir='ltr'><strong>via</strong></span> <span class='ocrx_word' id='word_1_61' title='bbox 1359 568 1551 608; x_wconf 41' lang='lat' dir='ltr'><strong>aberrante</strong></span> <span class='ocrx_word' id='word_1_62' title='bbox 1611 569 1712 608; x_wconf 82' lang='lat' dir='ltr'><strong>Ex-</strong></span> 
     </span>
     <span class='ocr_line' id='line_1_8' title="bbox 247 624 1488 680; baseline -0.002 -15"><span class='ocrx_word' id='word_1_63' title='bbox 247 629 385 680; x_wconf 85' lang='lat' dir='ltr'><strong>empla</strong></span> <span class='ocrx_word' id='word_1_64' title='bbox 406 627 560 678; x_wconf 83' lang='lat' dir='ltr'><strong>passim</strong></span> <span class='ocrx_word' id='word_1_65' title='bbox 586 625 733 675; x_wconf 87' lang='lat' dir='ltr'><strong>obvia,</strong></span> <span class='ocrx_word' id='word_1_66' title='bbox 767 640 844 664; x_wconf 85' lang='lat' dir='ltr'><strong>nec</strong></span> <span class='ocrx_word' id='word_1_67' title='bbox 865 625 1092 678; x_wconf 86' lang='lat' dir='ltr'>tyronibus</span> <span class='ocrx_word' id='word_1_68' title='bbox 1118 624 1280 679; x_wconf 84' lang='lat' dir='ltr'><strong>ignota.</strong></span> <span class='ocrx_word' id='word_1_69' title='bbox 1311 624 1488 664; x_wconf 69' lang='lat' dir='ltr'><strong>GRAnv.</strong></span> 
     </span>
    </p>
   </div>
   <div class='ocr_carea' id='block_1_3' title="bbox 244 691 1736 2762">
    <p class='ocr_par' dir='ltr' id='par_1_4' title="bbox 245 691 1736 1519">
     <span class='ocr_line' id='line_1_9' title="bbox 361 691 1711 746; baseline 0.001 -15"><span class='ocrx_word' id='word_1_70' title='bbox 361 693 619 735; x_wconf 73' lang='lat' dir='ltr'><strong>Ead.1.12.</strong></span> <span class='ocrx_word' id='word_1_71' title='bbox 666 694 801 746; x_wconf 83' lang='grc' dir='ltr'><em>Χαμαὶ</em></span> <span class='ocrx_word' id='word_1_72' title='bbox 829 693 934 744; x_wconf 87' lang='lat' dir='ltr'><strong>etc.)</strong></span> <span class='ocrx_word' id='word_1_73' title='bbox 975 692 1143 732; x_wconf 81' lang='lat' dir='ltr'><strong><em>Homeri</em></strong></span> <span class='ocrx_word' id='word_1_74' title='bbox 1176 702 1219 731; x_wconf 85' lang='lat' dir='ltr'><strong>et</strong></span> <span class='ocrx_word' id='word_1_75' title='bbox 1243 691 1416 733; x_wconf 77' lang='lat' dir='ltr'><strong><em>Hesiodi</em></strong></span> <span class='ocrx_word' id='word_1_76' title='bbox 1449 695 1570 742; x_wconf 85' lang='lat' dir='ltr'><strong>loca,</strong></span> <span class='ocrx_word' id='word_1_77' title='bbox 1602 706 1711 746; x_wconf 85' lang='lat' dir='ltr'><strong>quae</strong></span> 
     </span>
     <span class='ocr_line' id='line_1_10' title="bbox 246 722 1710 804; baseline -0.002 -15"><span class='ocrx_word' id='word_1_78' title='bbox 246 750 410 804; x_wconf 85' lang='lat' dir='ltr'><strong>primus</strong></span> <span class='ocrx_word' id='word_1_79' title='bbox 429 748 640 798; x_wconf 87' lang='lat' dir='ltr'><strong>indicavi,</strong></span> <span class='ocrx_word' id='word_1_80' title='bbox 677 750 751 802; x_wconf 88' lang='lat' dir='ltr'><strong>qui</strong></span> <span class='ocrx_word' id='word_1_81' title='bbox 774 763 863 787; x_wconf 89' lang='lat' dir='ltr'><strong>non</strong></span> <span class='ocrx_word' id='word_1_82' title='bbox 884 747 1062 797; x_wconf 89' lang='lat' dir='ltr'><strong>viderit,</strong></span> <span class='ocrx_word' id='word_1_83' title='bbox 1094 747 1288 788; x_wconf 75' lang='lat' dir='ltr'><strong>dubitare</strong></span> <span class='ocrx_word' id='word_1_84' title='bbox 1309 748 1380 787; x_wconf 78' lang='lat' dir='ltr'><strong>hie</strong></span> <span class='ocrx_word' id='word_1_85' title='bbox 1400 762 1498 787; x_wconf 89' lang='lat' dir='ltr'><strong>non</strong></span> <span class='ocrx_word' id='word_1_86' title='bbox 1506 722 1710 787; x_wconf 74' lang='lat' dir='ltr'><strong>mi&#39;2rabor</strong></span> 
     </span>
     <span class='ocr_line' id='line_1_11' title="bbox 246 801 1712 858; baseline -0.001 -11"><span class='ocrx_word' id='word_1_87' title='bbox 246 830 305 838; x_wconf 85' lang='grc'><strong>--</strong></span> <span class='ocrx_word' id='word_1_88' title='bbox 335 806 419 849; x_wconf 78' lang='grc' dir='ltr'><strong><em>ἐπει</em></strong></span> <span class='ocrx_word' id='word_1_89' title='bbox 443 803 492 846; x_wconf 77' lang='grc' dir='ltr'><strong>οὕ</strong></span> <span class='ocrx_word' id='word_1_90' title='bbox 508 821 603 846; x_wconf 84' lang='grc' dir='ltr'><strong>ποτε</strong></span> <span class='ocrx_word' id='word_1_91' title='bbox 623 810 756 857; x_wconf 79' lang='grc' dir='ltr'><em>φῦλον</em></span> <span class='ocrx_word' id='word_1_92' title='bbox 780 803 923 858; x_wconf 81' lang='grc' dir='ltr'><em>ὅμοιον</em></span> <span class='ocrx_word' id='word_1_93' title='bbox 940 801 1174 846; x_wconf 78' lang='grc' dir='ltr'><em>Ἀθανατῶν</em></span> <span class='ocrx_word' id='word_1_94' title='bbox 1194 821 1233 846; x_wconf 84' lang='grc' dir='ltr'><strong>τε</strong></span> <span class='ocrx_word' id='word_1_95' title='bbox 1252 808 1384 855; x_wconf 81' lang='grc' dir='ltr'><em>θεῶν,</em></span> <span class='ocrx_word' id='word_1_96' title='bbox 1415 805 1542 858; x_wconf 83' lang='grc' dir='ltr'><em>χαμαὶ</em></span> <span class='ocrx_word' id='word_1_97' title='bbox 1556 804 1712 858; x_wconf 76' lang='grc' dir='ltr'><em>ἐρχομέ-</em></span> 
     </span>
     <span class='ocr_line' id='line_1_12' title="bbox 247 837 1713 914; baseline -0.006 -10"><span class='ocrx_word' id='word_1_98' title='bbox 247 880 332 906; x_wconf 89' lang='grc' dir='ltr'><strong>νων</strong></span> <span class='ocrx_word' id='word_1_99' title='bbox 354 860 389 903; x_wconf 82' lang='grc' dir='ltr'><strong>τ’</strong></span> <span class='ocrx_word' id='word_1_100' title='bbox 415 857 663 914; x_wconf 80' lang='grc' dir='ltr'><em>α’νθρωπων.</em></span> <span class='ocrx_word' id='word_1_101' title='bbox 723 862 781 899; x_wconf 89' lang='lat' dir='ltr'><strong>At</strong></span> <span class='ocrx_word' id='word_1_102' title='bbox 803 875 947 910; x_wconf 88' lang='lat' dir='ltr'><strong>nemo,</strong></span> <span class='ocrx_word' id='word_1_103' title='bbox 981 861 1056 914; x_wconf 90' lang='lat' dir='ltr'><strong>qui</strong></span> <span class='ocrx_word' id='word_1_104' title='bbox 1077 861 1331 911; x_wconf 83' lang='lat' dir='ltr'><strong>contulerit,</strong></span> <span class='ocrx_word' id='word_1_105' title='bbox 1364 837 1593 900; x_wconf 72' lang='lat' dir='ltr'>dubitabit.</span> <span class='ocrx_word' id='word_1_106' title='bbox 1628 866 1713 902; x_wconf 80' lang='grc' dir='ltr'><strong>Χα-</strong></span> 
     </span>
     <span class='ocr_line' id='line_1_13' title="bbox 248 916 1708 974; baseline -0.001 -19"><span class='ocrx_word' id='word_1_107' title='bbox 248 923 451 974; x_wconf 76' lang='grc' dir='ltr'><em>μαιπετεῖς</em></span> <span class='ocrx_word' id='word_1_108' title='bbox 483 917 533 955; x_wconf 89' lang='lat' dir='ltr'><strong>de</strong></span> <span class='ocrx_word' id='word_1_109' title='bbox 560 917 692 955; x_wconf 85' lang='lat' dir='ltr'><strong>ta1dis</strong></span> <span class='ocrx_word' id='word_1_110' title='bbox 726 916 876 956; x_wconf 88' lang='lat' dir='ltr'><strong>avibus</strong></span> <span class='ocrx_word' id='word_1_111' title='bbox 901 926 1154 969; x_wconf 77' lang='lat' dir='ltr'><strong>usurpatur,</strong></span> <span class='ocrx_word' id='word_1_112' title='bbox 1198 930 1305 969; x_wconf 90' lang='lat' dir='ltr'><strong>quae</strong></span> <span class='ocrx_word' id='word_1_113' title='bbox 1340 927 1480 956; x_wconf 87' lang='lat' dir='ltr'><strong>tamen</strong></span> <span class='ocrx_word' id='word_1_114' title='bbox 1512 919 1708 956; x_wconf 84' lang='lat' dir='ltr'>volantes</span> 
     </span>
     <span class='ocr_line' id='line_1_14' title="bbox 245 972 1714 1036; baseline -0.003 -22"><span class='ocrx_word' id='word_1_115' title='bbox 245 976 417 1022; x_wconf 81' lang='lat' dir='ltr'><strong>radunt</strong></span> <span class='ocrx_word' id='word_1_116' title='bbox 449 983 497 1012; x_wconf 87' lang='lat' dir='ltr'><strong>ut</strong></span> <span class='ocrx_word' id='word_1_117' title='bbox 518 987 682 1012; x_wconf 83' lang='lat' dir='ltr'><strong>anseres</strong></span> <span class='ocrx_word' id='word_1_118' title='bbox 708 972 929 1012; x_wconf 85' lang='lat' dir='ltr'><strong>domestici</strong></span> <span class='ocrx_word' id='word_1_119' title='bbox 953 982 1031 1015; x_wconf 77' lang='lat' dir='ltr'><strong>eto.</strong></span> <span class='ocrx_word' id='word_1_120' title='bbox 1051 972 1152 1013; x_wconf 85' lang='lat' dir='ltr'><strong>Vid.</strong></span> <span class='ocrx_word' id='word_1_121' title='bbox 1167 973 1348 1013; x_wconf 86' lang='lat' dir='ltr'><strong>Icarorn.</strong></span> <span class='ocrx_word' id='word_1_122' title='bbox 1371 988 1406 1011; x_wconf 83' lang='lat' dir='ltr'><strong>o.</strong></span> <span class='ocrx_word' id='word_1_123' title='bbox 1423 978 1489 1016; x_wconf 89' lang='lat'><strong>10.</strong></span> <span class='ocrx_word' id='word_1_124' title='bbox 1521 973 1714 1036; x_wconf 82' lang='lat' dir='ltr'><strong>Usurpat</strong></span> 
     </span>
     <span class='ocr_line' id='line_1_15' title="bbox 247 1028 1711 1079; baseline -0.003 -9"><span class='ocrx_word' id='word_1_125' title='bbox 247 1032 375 1071; x_wconf 87' lang='lat' dir='ltr'><strong>etiam</strong></span> <span class='ocrx_word' id='word_1_126' title='bbox 392 1029 543 1069; x_wconf 67' lang='lat' dir='ltr'><strong>Pmslar</strong></span> <span class='ocrx_word' id='word_1_127' title='bbox 537 1046 588 1068; x_wconf 85' lang='lat' dir='ltr'><strong>us</strong></span> <span class='ocrx_word' id='word_1_128' title='bbox 610 1029 679 1069; x_wconf 90' lang='lat' dir='ltr'><strong>Ol.</strong></span> <span class='ocrx_word' id='word_1_129' title='bbox 700 1030 777 1068; x_wconf 93' lang='lat' dir='ltr'><strong>IX</strong></span> <span class='ocrx_word' id='word_1_130' title='bbox 809 1029 1010 1068; x_wconf 88' lang='lat' dir='ltr'><strong>Genuina</strong></span> <span class='ocrx_word' id='word_1_131' title='bbox 1029 1037 1071 1068; x_wconf 89' lang='lat' dir='ltr'><strong>et</strong></span> <span class='ocrx_word' id='word_1_132' title='bbox 1082 1042 1178 1068; x_wconf 87' lang='lat' dir='ltr'><strong>vere</strong></span> <span class='ocrx_word' id='word_1_133' title='bbox 1194 1029 1411 1068; x_wconf 85' lang='lat' dir='ltr'><strong>Lucianea</strong></span> <span class='ocrx_word' id='word_1_134' title='bbox 1430 1043 1476 1067; x_wconf 90' lang='lat' dir='ltr'><strong>ea</strong></span> <span class='ocrx_word' id='word_1_135' title='bbox 1495 1038 1561 1068; x_wconf 81' lang='lat' dir='ltr'><strong>est</strong></span> <span class='ocrx_word' id='word_1_136' title='bbox 1578 1028 1711 1079; x_wconf 86' lang='lat' dir='ltr'><strong>scrip-</strong></span> 
     </span>
     <span class='ocr_line' id='line_1_16' title="bbox 247 1084 1709 1139; baseline -0.003 -13"><span class='ocrx_word' id='word_1_137' title='bbox 247 1097 366 1137; x_wconf 85' lang='lat' dir='ltr'><strong>tura,</strong></span> <span class='ocrx_word' id='word_1_138' title='bbox 402 1100 525 1139; x_wconf 87' lang='lat' dir='ltr'><strong>quarn</strong></span> <span class='ocrx_word' id='word_1_139' title='bbox 551 1096 720 1124; x_wconf 82' lang='lat' dir='ltr'><strong>securns</strong></span> <span class='ocrx_word' id='word_1_140' title='bbox 742 1100 848 1124; x_wconf 87' lang='lat' dir='ltr'><strong>sum.</strong></span> <span class='ocrx_word' id='word_1_141' title='bbox 895 1084 995 1124; x_wconf 90' lang='lat' dir='ltr'><strong>Vid.</strong></span> <span class='ocrx_word' id='word_1_142' title='bbox 1020 1099 1054 1123; x_wconf 88' lang='lat' dir='ltr'><strong>c.</strong></span> <span class='ocrx_word' id='word_1_143' title='bbox 1079 1089 1117 1128; x_wconf 90' lang='grc'><strong>6.</strong></span> <span class='ocrx_word' id='word_1_144' title='bbox 1177 1085 1406 1136; x_wconf 84' lang='lat' dir='ltr'><strong>Reperitur</strong></span> <span class='ocrx_word' id='word_1_145' title='bbox 1429 1085 1553 1123; x_wconf 85' lang='lat' dir='ltr'><strong>etiam</strong></span> <span class='ocrx_word' id='word_1_146' title='bbox 1575 1085 1620 1122; x_wconf 91' lang='lat' dir='ltr'><strong>in</strong></span> <span class='ocrx_word' id='word_1_147' title='bbox 1643 1085 1709 1125; x_wconf 90' lang='grc' dir='ltr'>Μ</span> 
     </span>
     <span class='ocr_line' id='line_1_17' title="bbox 247 1138 1736 1196; baseline -0.003 -14"><span class='ocrx_word' id='word_1_148' title='bbox 247 1143 416 1182; x_wconf 73' lang='lat' dir='ltr'><strong>SOLAN.</strong></span> <span class='ocrx_word' id='word_1_149' title='bbox 479 1140 597 1192; x_wconf 81' lang='lat' dir='ltr'><strong>Ouid</strong></span> <span class='ocrx_word' id='word_1_150' title='bbox 621 1141 656 1178; x_wconf 89' lang='lat' dir='ltr'><strong>si</strong></span> <span class='ocrx_word' id='word_1_151' title='bbox 676 1141 902 1196; x_wconf 84' lang='lat' dir='ltr'><strong>legendum</strong></span> <span class='ocrx_word' id='word_1_152' title='bbox 928 1150 991 1180; x_wconf 88' lang='lat' dir='ltr'><strong>est</strong></span> <span class='ocrx_word' id='word_1_153' title='bbox 1013 1141 1135 1194; x_wconf 79' lang='grc' dir='ltr'><em>χαμαὶ</em></span> <span class='ocrx_word' id='word_1_154' title='bbox 1156 1146 1310 1191; x_wconf 82' lang='grc' dir='ltr'><em>πατεῖς,</em></span> <span class='ocrx_word' id='word_1_155' title='bbox 1341 1141 1450 1178; x_wconf 77' lang='lat' dir='ltr'><strong>humi</strong></span> <span class='ocrx_word' id='word_1_156' title='bbox 1472 1138 1710 1181; x_wconf 80' lang='lat' dir='ltr'><strong>conculcas·</strong></span> <span class='ocrx_word' id='word_1_157' title='bbox 1734 1141 1736 1143; x_wconf 75' lang='grc'><strong>’</strong></span> 
     </span>
     <span class='ocr_line' id='line_1_18' title="bbox 248 1195 1713 1252; baseline -0.002 -14"><span class='ocrx_word' id='word_1_158' title='bbox 248 1202 374 1252; x_wconf 84' lang='lat' dir='ltr'><strong>quale</strong></span> <span class='ocrx_word' id='word_1_159' title='bbox 397 1196 530 1250; x_wconf 88' lang='lat' dir='ltr'><strong>quid</strong></span> <span class='ocrx_word' id='word_1_160' title='bbox 521 1211 565 1234; x_wconf 87' lang='lat' dir='ltr'><strong>m</strong></span> <span class='ocrx_word' id='word_1_161' title='bbox 589 1197 910 1250; x_wconf 76' lang='lat' dir='ltr'><strong>interpretando</strong></span> <span class='ocrx_word' id='word_1_162' title='bbox 933 1199 1014 1249; x_wconf 87' lang='lat' dir='ltr'><strong>jam</strong></span> <span class='ocrx_word' id='word_1_163' title='bbox 1032 1196 1298 1249; x_wconf 81' lang='lat' dir='ltr'><strong>spectabam,</strong></span> <span class='ocrx_word' id='word_1_164' title='bbox 1333 1211 1425 1235; x_wconf 88' lang='lat' dir='ltr'><strong>cum</strong></span> <span class='ocrx_word' id='word_1_165' title='bbox 1449 1195 1638 1234; x_wconf 87' lang='lat' dir='ltr'><strong>nondum</strong></span> <span class='ocrx_word' id='word_1_166' title='bbox 1661 1195 1713 1235; x_wconf 88' lang='lat' dir='ltr'><strong>de</strong></span> 
     </span>
     <span class='ocr_line' id='line_1_19' title="bbox 246 1251 1715 1306; baseline -0.003 -12"><span class='ocrx_word' id='word_1_167' title='bbox 246 1255 435 1294; x_wconf 87' lang='lat' dir='ltr'><strong>lectione</strong></span> <span class='ocrx_word' id='word_1_168' title='bbox 459 1259 705 1306; x_wconf 80' lang='grc' dir='ltr'><em>χαμαιπετεῖς</em></span> <span class='ocrx_word' id='word_1_169' title='bbox 724 1253 831 1291; x_wconf 85' lang='lat' dir='ltr'><strong>mihi</strong></span> <span class='ocrx_word' id='word_1_170' title='bbox 854 1253 1128 1293; x_wconf 82' lang='lat' dir='ltr'><strong>innotuisset.</strong></span> <span class='ocrx_word' id='word_1_171' title='bbox 1171 1253 1309 1293; x_wconf 70' lang='lat' dir='ltr'><strong>GESN.</strong></span> <span class='ocrx_word' id='word_1_172' title='bbox 1367 1251 1565 1291; x_wconf 82' lang='lat' dir='ltr'><strong>Minime·</strong></span> <span class='ocrx_word' id='word_1_173' title='bbox 1562 1254 1715 1304; x_wconf 83' lang='lat' dir='ltr'><strong>·placet</strong></span> 
     </span>
     <span class='ocr_line' id='line_1_20' title="bbox 245 1309 1714 1365; baseline -0.002 -13"><span class='ocrx_word' id='word_1_174' title='bbox 245 1312 367 1365; x_wconf 77' lang='grc' dir='ltr'><em>χαμαὶ</em></span> <span class='ocrx_word' id='word_1_175' title='bbox 394 1316 552 1357; x_wconf 74' lang='grc' dir='ltr'><em>πατεῖς,</em></span> <span class='ocrx_word' id='word_1_176' title='bbox 598 1323 677 1347; x_wconf 87' lang='lat' dir='ltr'><strong>nec</strong></span> <span class='ocrx_word' id='word_1_177' title='bbox 704 1310 841 1349; x_wconf 88' lang='lat' dir='ltr'><strong>versio</strong></span> <span class='ocrx_word' id='word_1_178' title='bbox 873 1309 976 1347; x_wconf 85' lang='lat' dir='ltr'><strong>hinc</strong></span> <span class='ocrx_word' id='word_1_179' title='bbox 1015 1309 1213 1362; x_wconf 87' lang='lat' dir='ltr'><strong>repetita.</strong></span> <span class='ocrx_word' id='word_1_180' title='bbox 1274 1309 1434 1348; x_wconf 85' lang='lat' dir='ltr'>Contra</span> <span class='ocrx_word' id='word_1_181' title='bbox 1464 1313 1714 1361; x_wconf 77' lang='grc' dir='ltr'><em>χαμαιπετεῖς</em></span> 
     </span>
     <span class='ocr_line' id='line_1_21' title="bbox 248 1363 1711 1420; baseline -0.001 -16"><span class='ocrx_word' id='word_1_182' title='bbox 248 1382 380 1420; x_wconf 90' lang='lat' dir='ltr'><strong>quum</strong></span> <span class='ocrx_word' id='word_1_183' title='bbox 412 1367 599 1405; x_wconf 78' lang='lat' dir='ltr'><strong>Luciano</strong></span> <span class='ocrx_word' id='word_1_184' title='bbox 637 1365 694 1403; x_wconf 89' lang='lat' dir='ltr'><strong>sit</strong></span> <span class='ocrx_word' id='word_1_185' title='bbox 719 1364 1119 1409; x_wconf 79' lang='lat' dir='ltr'><strong>familiarissimum.</strong></span> <span class='ocrx_word' id='word_1_186' title='bbox 1148 1364 1259 1418; x_wconf 86' lang='lat' dir='ltr'><strong>(vid.</strong></span> <span class='ocrx_word' id='word_1_187' title='bbox 1291 1365 1437 1404; x_wconf 89' lang='lat' dir='ltr'><strong>Somn.</strong></span> <span class='ocrx_word' id='word_1_188' title='bbox 1467 1363 1711 1417; x_wconf 79' lang='lat' dir='ltr'><strong>c.13.Qu.</strong></span> 
     </span>
     <span class='ocr_line' id='line_1_22' title="bbox 245 1420 1714 1476; baseline -0.003 -13"><span class='ocrx_word' id='word_1_189' title='bbox 245 1424 361 1463; x_wconf 82' lang='lat' dir='ltr'><strong>Hist.</strong></span> <span class='ocrx_word' id='word_1_190' title='bbox 397 1436 556 1462; x_wconf 82' lang='lat' dir='ltr'><strong>consor.</strong></span> <span class='ocrx_word' id='word_1_191' title='bbox 581 1437 614 1460; x_wconf 91' lang='lat' dir='ltr'><strong>c.</strong></span> <span class='ocrx_word' id='word_1_192' title='bbox 641 1427 705 1465; x_wconf 87' lang='grc'><strong>16.</strong></span> <span class='ocrx_word' id='word_1_193' title='bbox 732 1431 773 1460; x_wconf 90' lang='lat' dir='ltr'><strong>et</strong></span> <span class='ocrx_word' id='word_1_194' title='bbox 801 1421 995 1474; x_wconf 88' lang='lat' dir='ltr'><strong>saepius)</strong></span> <span class='ocrx_word' id='word_1_195' title='bbox 1022 1431 1111 1459; x_wconf 87' lang='lat' dir='ltr'><strong>tum</strong></span> <span class='ocrx_word' id='word_1_196' title='bbox 1144 1422 1334 1476; x_wconf 87' lang='lat' dir='ltr'><strong>quinque</strong></span> <span class='ocrx_word' id='word_1_197' title='bbox 1356 1420 1566 1460; x_wconf 86' lang='lat' dir='ltr'>Codicum</span> <span class='ocrx_word' id='word_1_198' title='bbox 1586 1421 1714 1460; x_wconf 84' lang='lat' dir='ltr'><strong>testi-</strong></span> 
     </span>
     <span class='ocr_line' id='line_1_23' title="bbox 245 1477 1156 1519; baseline -0.006 0"><span class='ocrx_word' id='word_1_199' title='bbox 245 1479 404 1519; x_wconf 88' lang='lat' dir='ltr'><strong>moniis</strong></span> <span class='ocrx_word' id='word_1_200' title='bbox 429 1478 656 1517; x_wconf 77' lang='lat' dir='ltr'><strong>celtissime</strong></span> <span class='ocrx_word' id='word_1_201' title='bbox 679 1477 1156 1517; x_wconf 73' lang='lat' dir='ltr'><strong>confirmatu1.me.</strong></span> 
     </span>
    </p>

    <p class='ocr_par' dir='ltr' id='par_1_5' title="bbox 244 1529 1716 2363">
     <span class='ocr_line' id='line_1_24' title="bbox 361 1529 1708 1589; baseline 0.001 -17"><span class='ocrx_word' id='word_1_202' title='bbox 361 1535 459 1586; x_wconf 76' lang='lat' dir='ltr'><strong>Pag.</strong></span> <span class='ocrx_word' id='word_1_203' title='bbox 487 1539 552 1575; x_wconf 80' lang='grc'><strong>11.</strong></span> <span class='ocrx_word' id='word_1_204' title='bbox 570 1537 597 1572; x_wconf 86' lang='lat' dir='ltr'><strong>l.</strong></span> <span class='ocrx_word' id='word_1_205' title='bbox 624 1539 661 1575; x_wconf 89' lang='lat'><strong>1.</strong></span> <span class='ocrx_word' id='word_1_206' title='bbox 688 1529 760 1573; x_wconf 79' lang='grc' dir='ltr'><em>Ἐν</em></span> <span class='ocrx_word' id='word_1_207' title='bbox 780 1539 863 1589; x_wconf 76' lang='grc' dir='ltr'><strong>χρῶ</strong></span> <span class='ocrx_word' id='word_1_208' title='bbox 888 1537 959 1584; x_wconf 82' lang='grc' dir='ltr'><strong>τῆς</strong></span> <span class='ocrx_word' id='word_1_209' title='bbox 975 1530 1071 1586; x_wconf 76' lang='grc' dir='ltr'>γῆς)</span> <span class='ocrx_word' id='word_1_210' title='bbox 1103 1533 1152 1571; x_wconf 76' lang='lat' dir='ltr'><strong>In</strong></span> <span class='ocrx_word' id='word_1_211' title='bbox 1178 1535 1378 1588; x_wconf 75' lang='lat' dir='ltr'><strong>superficie</strong></span> <span class='ocrx_word' id='word_1_212' title='bbox 1396 1544 1530 1573; x_wconf 34' lang='lat' dir='ltr'><strong>termae</strong></span> <span class='ocrx_word' id='word_1_213' title='bbox 1564 1535 1708 1574; x_wconf 79' lang='lat' dir='ltr'><strong>Bnon.</strong></span> 
     </span>
     <span class='ocr_line' id='line_1_25' title="bbox 246 1589 1711 1656; baseline -0.001 -26"><span class='ocrx_word' id='word_1_214' title='bbox 246 1593 339 1632; x_wconf 84' lang='lat' dir='ltr'><strong>Nec</strong></span> <span class='ocrx_word' id='word_1_215' title='bbox 368 1590 503 1628; x_wconf 73' lang='lat' dir='ltr'><strong>fidelis</strong></span> <span class='ocrx_word' id='word_1_216' title='bbox 526 1589 650 1634; x_wconf 77' lang='lat' dir='ltr'><strong>haec.</strong></span> <span class='ocrx_word' id='word_1_217' title='bbox 684 1604 760 1628; x_wconf 85' lang='lat' dir='ltr'><strong>nec</strong></span> <span class='ocrx_word' id='word_1_218' title='bbox 786 1603 902 1638; x_wconf 83' lang='lat' dir='ltr'><strong>vera,</strong></span> <span class='ocrx_word' id='word_1_219' title='bbox 939 1590 1250 1656; x_wconf 81' lang='lat' dir='ltr'><strong>interpretatio.</strong></span> <span class='ocrx_word' id='word_1_220' title='bbox 1311 1590 1403 1628; x_wconf 85' lang='lat' dir='ltr'><strong>Nec</strong></span> <span class='ocrx_word' id='word_1_221' title='bbox 1423 1594 1558 1629; x_wconf 86' lang='lat' dir='ltr'><strong>multo</strong></span> <span class='ocrx_word' id='word_1_222' title='bbox 1580 1591 1711 1644; x_wconf 84' lang='lat' dir='ltr'><strong>magis</strong></span> 
     </span>
     <span class='ocr_line' id='line_1_26' title="bbox 246 1644 1714 1701; baseline -0.001 -15"><span class='ocrx_word' id='word_1_223' title='bbox 246 1651 386 1701; x_wconf 87' lang='lat' dir='ltr'><strong>placet</strong></span> <span class='ocrx_word' id='word_1_224' title='bbox 411 1645 567 1684; x_wconf 69' lang='lat' dir='ltr'><strong>Gesner-i</strong></span> <span class='ocrx_word' id='word_1_225' title='bbox 587 1646 750 1685; x_wconf 88' lang='lat' dir='ltr'><strong>versio·</strong></span> <span class='ocrx_word' id='word_1_226' title='bbox 783 1648 821 1684; x_wconf 85' lang='grc' dir='ltr'><strong>ἰη</strong></span> <span class='ocrx_word' id='word_1_227' title='bbox 841 1648 928 1698; x_wconf 80' lang='lat' dir='ltr'><strong>ipsa</strong></span> <span class='ocrx_word' id='word_1_228' title='bbox 949 1648 1063 1698; x_wconf 82' lang='lat' dir='ltr'><strong>quasi</strong></span> <span class='ocrx_word' id='word_1_229' title='bbox 1080 1644 1230 1683; x_wconf 66' lang='lat' dir='ltr'><strong>tellum</strong></span> <span class='ocrx_word' id='word_1_230' title='bbox 1248 1657 1351 1694; x_wconf 77' lang='lat' dir='ltr'><strong>cute,</strong></span> <span class='ocrx_word' id='word_1_231' title='bbox 1381 1648 1540 1698; x_wconf 82' lang='lat' dir='ltr'><strong>quippe</strong></span> <span class='ocrx_word' id='word_1_232' title='bbox 1560 1647 1714 1685; x_wconf 90' lang='lat' dir='ltr'><strong>abhor-</strong></span> 
     </span>
     <span class='ocr_line' id='line_1_27' title="bbox 246 1701 1711 1755; baseline -0.001 -13"><span class='ocrx_word' id='word_1_233' title='bbox 246 1718 344 1743; x_wconf 77' lang='lat' dir='ltr'><strong>rens</strong></span> <span class='ocrx_word' id='word_1_234' title='bbox 365 1717 386 1740; x_wconf 87' lang='lat' dir='ltr'><strong>a</strong></span> <span class='ocrx_word' id='word_1_235' title='bbox 407 1701 661 1739; x_wconf 76' lang='lat' dir='ltr'><strong>Latinitatis</strong></span> <span class='ocrx_word' id='word_1_236' title='bbox 686 1702 837 1755; x_wconf 67' lang='lat' dir='ltr'><strong>geniog</strong></span> <span class='ocrx_word' id='word_1_237' title='bbox 871 1702 1016 1753; x_wconf 89' lang='lat' dir='ltr'><strong>quod</strong></span> <span class='ocrx_word' id='word_1_238' title='bbox 1006 1715 1098 1753; x_wconf 76' lang='lat' dir='ltr'><strong>lpse</strong></span> <span class='ocrx_word' id='word_1_239' title='bbox 1116 1701 1302 1740; x_wconf 64' lang='grc' dir='ltr'><strong>(ἔρεπον-ηε</strong></span> <span class='ocrx_word' id='word_1_240' title='bbox 1322 1703 1504 1740; x_wconf 81' lang='lat' dir='ltr'><strong>sensisse</strong></span> <span class='ocrx_word' id='word_1_241' title='bbox 1529 1702 1711 1751; x_wconf 75' lang='lat' dir='ltr'><strong>videtur,</strong></span> 
     </span>
     <span class='ocr_line' id='line_1_28' title="bbox 249 1756 1713 1813; baseline 0 -16"><span class='ocrx_word' id='word_1_242' title='bbox 249 1774 379 1813; x_wconf 89' lang='lat' dir='ltr'><strong>quum</strong></span> <span class='ocrx_word' id='word_1_243' title='bbox 401 1756 654 1796; x_wconf 85' lang='lat' dir='ltr'><strong>molliendae</strong></span> <span class='ocrx_word' id='word_1_244' title='bbox 679 1758 862 1795; x_wconf 87' lang='lat' dir='ltr'><strong>duritiae</strong></span> <span class='ocrx_word' id='word_1_245' title='bbox 886 1771 1032 1795; x_wconf 86' lang='lat' dir='ltr'><strong>caussa</strong></span> <span class='ocrx_word' id='word_1_246' title='bbox 1056 1757 1280 1796; x_wconf 84' lang='lat' dir='ltr'><strong>inseruerit</strong></span> <span class='ocrx_word' id='word_1_247' title='bbox 1303 1760 1429 1811; x_wconf 82' lang='lat' dir='ltr'><strong>quasi.</strong></span> <span class='ocrx_word' id='word_1_248' title='bbox 1482 1758 1713 1798; x_wconf 84' lang='lat' dir='ltr'><strong>Recentio·</strong></span> 
     </span>
     <span class='ocr_line' id='line_1_29' title="bbox 246 1812 1716 1867; baseline -0.001 -12"><span class='ocrx_word' id='word_1_249' title='bbox 246 1829 313 1855; x_wconf 80' lang='lat' dir='ltr'><strong>res</strong></span> <span class='ocrx_word' id='word_1_250' title='bbox 346 1815 621 1865; x_wconf 87' lang='lat' dir='ltr'><strong>interpretes,</strong></span> <span class='ocrx_word' id='word_1_251' title='bbox 653 1812 816 1852; x_wconf 76' lang='lat' dir='ltr'><strong>Belinus</strong></span> <span class='ocrx_word' id='word_1_252' title='bbox 846 1823 886 1852; x_wconf 87' lang='lat' dir='ltr'><strong>et</strong></span> <span class='ocrx_word' id='word_1_253' title='bbox 913 1813 1179 1862; x_wconf 56' lang='lat' dir='ltr'><strong>Ilfielamlius.</strong></span> <span class='ocrx_word' id='word_1_254' title='bbox 1213 1823 1255 1853; x_wconf 90' lang='lat' dir='ltr'><strong>et</strong></span> <span class='ocrx_word' id='word_1_255' title='bbox 1285 1813 1357 1852; x_wconf 81' lang='lat' dir='ltr'><strong>hic</strong></span> <span class='ocrx_word' id='word_1_256' title='bbox 1377 1817 1473 1867; x_wconf 85' lang='lat' dir='ltr'><strong>plus</strong></span> <span class='ocrx_word' id='word_1_257' title='bbox 1495 1817 1607 1866; x_wconf 82' lang='lat' dir='ltr'><strong>justo</strong></span> <span class='ocrx_word' id='word_1_258' title='bbox 1629 1815 1716 1853; x_wconf 90' lang='lat' dir='ltr'><strong>La·-</strong></span> 
     </span>
     <span class='ocr_line' id='line_1_30' title="bbox 246 1868 1713 1920; baseline 0.001 -11"><span class='ocrx_word' id='word_1_259' title='bbox 246 1872 387 1910; x_wconf 86' lang='lat' dir='ltr'><strong>tinum</strong></span> <span class='ocrx_word' id='word_1_260' title='bbox 426 1870 696 1920; x_wconf 80' lang='lat' dir='ltr'><strong>interpretem</strong></span> <span class='ocrx_word' id='word_1_261' title='bbox 730 1870 888 1919; x_wconf 83' lang='lat' dir='ltr'><strong>secuti,</strong></span> <span class='ocrx_word' id='word_1_262' title='bbox 923 1868 1199 1908; x_wconf 87' lang='lat' dir='ltr'><strong>reddiderunt</strong></span> <span class='ocrx_word' id='word_1_263' title='bbox 1230 1873 1351 1908; x_wconf 82' lang='lat' dir='ltr'><strong>alter:</strong></span> <span class='ocrx_word' id='word_1_264' title='bbox 1386 1882 1529 1909; x_wconf 69' lang='lat' dir='ltr'><strong>reniret·</strong></span> <span class='ocrx_word' id='word_1_265' title='bbox 1558 1888 1648 1910; x_wconf 76' lang='lat' dir='ltr'><strong>sous</strong></span> <span class='ocrx_word' id='word_1_266' title='bbox 1670 1871 1713 1910; x_wconf 74' lang='lat' dir='ltr'><strong>la</strong></span> 
     </span>
     <span class='ocr_line' id='line_1_31' title="bbox 247 1924 1713 1982; baseline -0.002 -15"><span class='ocrx_word' id='word_1_267' title='bbox 247 1930 382 1967; x_wconf 76' lang='lat' dir='ltr'><strong>crou‘te</strong></span> <span class='ocrx_word' id='word_1_268' title='bbox 404 1926 450 1964; x_wconf 79' lang='lat' dir='ltr'><strong>cle</strong></span> <span class='ocrx_word' id='word_1_269' title='bbox 472 1926 513 1964; x_wconf 75' lang='lat' dir='ltr'><strong>Za</strong></span> <span class='ocrx_word' id='word_1_270' title='bbox 534 1936 653 1977; x_wconf 60' lang='grc' dir='ltr'><strong>ηψπ-6,·</strong></span> <span class='ocrx_word' id='word_1_271' title='bbox 687 1928 812 1965; x_wconf 84' lang='lat' dir='ltr'><strong>alter:</strong></span> <span class='ocrx_word' id='word_1_272' title='bbox 846 1925 929 1982; x_wconf 54' lang='grc' dir='ltr'><strong>αἰψ’</strong></span> <span class='ocrx_word' id='word_1_273' title='bbox 951 1924 1017 1964; x_wconf 76' lang='lat' dir='ltr'><strong>cler</strong></span> <span class='ocrx_word' id='word_1_274' title='bbox 1035 1925 1188 1964; x_wconf 78' lang='lat' dir='ltr'><strong>blossen</strong></span> <span class='ocrx_word' id='word_1_275' title='bbox 1207 1925 1323 1963; x_wconf 76' lang='lat' dir='ltr'><strong>Haut</strong></span> <span class='ocrx_word' id='word_1_276' title='bbox 1343 1925 1410 1964; x_wconf 75' lang='lat' dir='ltr'><strong>cler</strong></span> <span class='ocrx_word' id='word_1_277' title='bbox 1429 1927 1582 1966; x_wconf 67' lang='grc' dir='ltr'><em>Μαίων</em></span> <span class='ocrx_word' id='word_1_278' title='bbox 1603 1927 1713 1965; x_wconf 79' lang='lat' dir='ltr'><strong>Ercle</strong></span> 
     </span>
     <span class='ocr_line' id='line_1_32' title="bbox 248 1982 1713 2035; baseline 0 -13"><span class='ocrx_word' id='word_1_279' title='bbox 248 1982 573 2022; x_wconf 72' lang='lat' dir='ltr'><strong>herumkrieclzen.</strong></span> <span class='ocrx_word' id='word_1_280' title='bbox 636 1982 729 2020; x_wconf 86' lang='lat' dir='ltr'><strong>Imo</strong></span> <span class='ocrx_word' id='word_1_281' title='bbox 752 1996 851 2021; x_wconf 86' lang='lat' dir='ltr'><strong>vero</strong></span> <span class='ocrx_word' id='word_1_282' title='bbox 884 1996 960 2020; x_wconf 83' lang='lat' dir='ltr'><strong>nec</strong></span> <span class='ocrx_word' id='word_1_283' title='bbox 991 1984 1252 2034; x_wconf 74' lang='lat' dir='ltr'><strong>superficiem,</strong></span> <span class='ocrx_word' id='word_1_284' title='bbox 1288 1996 1365 2020; x_wconf 81' lang='lat' dir='ltr'><strong>nec</strong></span> <span class='ocrx_word' id='word_1_285' title='bbox 1392 1993 1535 2031; x_wconf 75' lang='lat' dir='ltr'><strong>cutem,</strong></span> <span class='ocrx_word' id='word_1_286' title='bbox 1573 1996 1713 2035; x_wconf 81' lang='lat' dir='ltr'><strong>neque</strong></span> 
     </span>
     <span class='ocr_line' id='line_1_33' title="bbox 245 2037 1711 2091; baseline -0.001 -13"><span class='ocrx_word' id='word_1_287' title='bbox 245 2040 373 2079; x_wconf 80' lang='lat' dir='ltr'><strong>etiam</strong></span> <span class='ocrx_word' id='word_1_288' title='bbox 413 2048 584 2078; x_wconf 75' lang='lat' dir='ltr'><strong>crustam</strong></span> <span class='ocrx_word' id='word_1_289' title='bbox 623 2047 757 2077; x_wconf 81' lang='lat' dir='ltr'><strong>terrae</strong></span> <span class='ocrx_word' id='word_1_290' title='bbox 787 2037 998 2091; x_wconf 82' lang='lat' dir='ltr'><strong>cogitavit</strong></span> <span class='ocrx_word' id='word_1_291' title='bbox 1043 2046 1215 2088; x_wconf 86' lang='lat' dir='ltr'><strong>auctor,</strong></span> <span class='ocrx_word' id='word_1_292' title='bbox 1258 2038 1434 2090; x_wconf 86' lang='lat' dir='ltr'><strong>propria</strong></span> <span class='ocrx_word' id='word_1_293' title='bbox 1465 2038 1711 2077; x_wconf 66' lang='lat' dir='ltr'><strong>scilicet‘vi</strong></span> 
     </span>
     <span class='ocr_line' id='line_1_34' title="bbox 244 2092 1712 2149; baseline -0.001 -16"><span class='ocrx_word' id='word_1_294' title='bbox 244 2105 425 2134; x_wconf 84' lang='lat' dir='ltr'><strong>sumtam</strong></span> <span class='ocrx_word' id='word_1_295' title='bbox 449 2107 674 2146; x_wconf 85' lang='lat' dir='ltr'><strong>quamque.</strong></span> <span class='ocrx_word' id='word_1_296' title='bbox 736 2093 818 2133; x_wconf 89' lang='lat' dir='ltr'><strong>Sed</strong></span> <span class='ocrx_word' id='word_1_297' title='bbox 848 2096 889 2135; x_wconf 85' lang='grc' dir='ltr'><em>ἐν</em></span> <span class='ocrx_word' id='word_1_298' title='bbox 910 2097 991 2149; x_wconf 77' lang='grc' dir='ltr'><strong>χρῷ</strong></span> <span class='ocrx_word' id='word_1_299' title='bbox 1011 2097 1084 2145; x_wconf 84' lang='grc' dir='ltr'><strong>τῆς</strong></span> <span class='ocrx_word' id='word_1_300' title='bbox 1103 2097 1178 2147; x_wconf 77' lang='grc' dir='ltr'><strong>γῆς</strong></span> <span class='ocrx_word' id='word_1_301' title='bbox 1197 2092 1363 2146; x_wconf 88' lang='lat' dir='ltr'><strong>phrasis</strong></span> <span class='ocrx_word' id='word_1_302' title='bbox 1385 2103 1447 2132; x_wconf 89' lang='lat' dir='ltr'><strong>est</strong></span> <span class='ocrx_word' id='word_1_303' title='bbox 1466 2095 1540 2133; x_wconf 88' lang='lat' dir='ltr'><strong>illa</strong></span> <span class='ocrx_word' id='word_1_304' title='bbox 1564 2094 1712 2133; x_wconf 60' lang='lat' dir='ltr'><strong>notis-4</strong></span> 
     </span>
     <span class='ocr_line' id='line_1_35' title="bbox 244 2149 1711 2204; baseline 0 -14"><span class='ocrx_word' id='word_1_305' title='bbox 244 2153 373 2198; x_wconf 82' lang='lat' dir='ltr'><strong>sima,</strong></span> <span class='ocrx_word' id='word_1_306' title='bbox 407 2164 515 2204; x_wconf 90' lang='lat' dir='ltr'><strong>quae</strong></span> <span class='ocrx_word' id='word_1_307' title='bbox 534 2150 708 2189; x_wconf 89' lang='lat' dir='ltr'><strong>omnino</strong></span> <span class='ocrx_word' id='word_1_308' title='bbox 730 2149 946 2203; x_wconf 82' lang='lat' dir='ltr'><strong>significat</strong></span> <span class='ocrx_word' id='word_1_309' title='bbox 971 2165 1091 2202; x_wconf 84' lang='lat' dir='ltr'><strong>quam</strong></span> <span class='ocrx_word' id='word_1_310' title='bbox 1105 2152 1289 2202; x_wconf 70' lang='lat' dir='ltr'><strong>proxime</strong></span> <span class='ocrx_word' id='word_1_311' title='bbox 1313 2149 1472 2191; x_wconf 88' lang='lat' dir='ltr'><strong>telluri.</strong></span> <span class='ocrx_word' id='word_1_312' title='bbox 1514 2151 1589 2188; x_wconf 89' lang='lat' dir='ltr'><strong>An</strong></span> <span class='ocrx_word' id='word_1_313' title='bbox 1610 2164 1711 2190; x_wconf 88' lang='lat' dir='ltr'><strong>vero</strong></span> 
     </span>
     <span class='ocr_line' id='line_1_36' title="bbox 245 2205 1711 2263; baseline 0.001 -18"><span class='ocrx_word' id='word_1_314' title='bbox 245 2208 290 2245; x_wconf 89' lang='lat' dir='ltr'><strong>in</strong></span> <span class='ocrx_word' id='word_1_315' title='bbox 314 2209 448 2245; x_wconf 83' lang='lat' dir='ltr'><strong>Zeux.</strong></span> <span class='ocrx_word' id='word_1_316' title='bbox 478 2220 512 2245; x_wconf 87' lang='lat' dir='ltr'><strong>c.</strong></span> <span class='ocrx_word' id='word_1_317' title='bbox 538 2211 575 2248; x_wconf 89' lang='lat'><strong>6.</strong></span> <span class='ocrx_word' id='word_1_318' title='bbox 601 2206 643 2247; x_wconf 79' lang='grc' dir='ltr'><em>ἐν</em></span> <span class='ocrx_word' id='word_1_319' title='bbox 665 2224 744 2263; x_wconf 76' lang='grc' dir='ltr'><strong>χρω</strong></span> <span class='ocrx_word' id='word_1_320' title='bbox 772 2210 821 2262; x_wconf 77' lang='grc' dir='ltr'><strong>τῇ</strong></span> <span class='ocrx_word' id='word_1_321' title='bbox 835 2206 951 2258; x_wconf 81' lang='grc' dir='ltr'><em>μητρὶ</em></span> <span class='ocrx_word' id='word_1_322' title='bbox 979 2205 1217 2258; x_wconf 78' lang='grc' dir='ltr'><em>προςιστάμε</em></span> <span class='ocrx_word' id='word_1_323' title='bbox 1221 2223 1291 2254; x_wconf 83' lang='grc' dir='ltr'><em>νος</em></span> <span class='ocrx_word' id='word_1_324' title='bbox 1311 2216 1474 2245; x_wconf 88' lang='lat' dir='ltr'><strong>vertere</strong></span> <span class='ocrx_word' id='word_1_325' title='bbox 1496 2209 1635 2245; x_wconf 81' lang='lat' dir='ltr'><strong>voles:</strong></span> <span class='ocrx_word' id='word_1_326' title='bbox 1654 2209 1711 2246; x_wconf 81' lang='lat' dir='ltr'><strong>in</strong></span> 
     </span>
     <span class='ocr_line' id='line_1_37' title="bbox 244 2249 1707 2315; baseline -0.001 -13"><span class='ocrx_word' id='word_1_327' title='bbox 244 2274 331 2303; x_wconf 81' lang='lat' dir='ltr'><strong>cuic</strong></span> <span class='ocrx_word' id='word_1_328' title='bbox 349 2265 467 2301; x_wconf 76' lang='lat' dir='ltr'><strong>matri</strong></span> <span class='ocrx_word' id='word_1_329' title='bbox 487 2261 712 2303; x_wconf 74' lang='lat' dir='ltr'><strong>adsistens?</strong></span> <span class='ocrx_word' id='word_1_330' title='bbox 743 2249 809 2303; x_wconf 85' lang='lat' dir='ltr'><strong>Cf.</strong></span> <span class='ocrx_word' id='word_1_331' title='bbox 836 2261 1707 2315; x_wconf 78' lang='lat' dir='ltr'><strong>Qu.Hist.Conscr.c-24.Adv.1ndoct.</strong></span> 
     </span>
     <span class='ocr_line' id='line_1_38' title="bbox 246 2320 543 2363; baseline -0.007 -6"><span class='ocrx_word' id='word_1_332' title='bbox 246 2333 281 2358; x_wconf 86' lang='lat' dir='ltr'><strong>c.</strong></span> <span class='ocrx_word' id='word_1_333' title='bbox 302 2326 341 2363; x_wconf 85' lang='lat'><strong>3.</strong></span> <span class='ocrx_word' id='word_1_334' title='bbox 386 2320 543 2357; x_wconf 68' lang='lat' dir='ltr'><strong>L1311M.</strong></span> 
     </span>
    </p>

    <p class='ocr_par' dir='ltr' id='par_1_6' title="bbox 244 2372 1708 2762">
     <span class='ocr_line' id='line_1_39' title="bbox 356 2372 1708 2428; baseline -0.004 -12"><span class='ocrx_word' id='word_1_335' title='bbox 356 2375 458 2413; x_wconf 72' lang='lat' dir='ltr'><em>Eml-</em></span> <span class='ocrx_word' id='word_1_336' title='bbox 485 2377 512 2413; x_wconf 92' lang='lat' dir='ltr'>l</span> <span class='ocrx_word' id='word_1_337' title='bbox 535 2379 573 2416; x_wconf 82' lang='lat'><strong>2.</strong></span> <span class='ocrx_word' id='word_1_338' title='bbox 610 2374 692 2415; x_wconf 83' lang='grc' dir='ltr'><strong>Καὶ</strong></span> <span class='ocrx_word' id='word_1_339' title='bbox 713 2372 800 2415; x_wconf 77' lang='grc' dir='ltr'><em>ὅσοι</em></span> <span class='ocrx_word' id='word_1_340' title='bbox 818 2375 938 2427; x_wconf 81' lang='grc' dir='ltr'><em>χαμαὶ</em></span> <span class='ocrx_word' id='word_1_341' title='bbox 968 2372 1195 2428; x_wconf 77' lang='grc' dir='ltr'><em>ἐρχόμενοι)</em></span> <span class='ocrx_word' id='word_1_342' title='bbox 1231 2376 1338 2415; x_wconf 87' lang='lat' dir='ltr'><strong>Cum</strong></span> <span class='ocrx_word' id='word_1_343' title='bbox 1363 2375 1592 2428; x_wconf 81' lang='lat' dir='ltr'><strong>Opsopoeus</strong></span> <span class='ocrx_word' id='word_1_344' title='bbox 1603 2388 1708 2413; x_wconf 69' lang='lat' dir='ltr'><strong>vei-</strong></span> 
     </span>
     <span class='ocr_line' id='line_1_40' title="bbox 245 2430 1705 2484; baseline -0.001 -16"><span class='ocrx_word' id='word_1_345' title='bbox 245 2430 346 2468; x_wconf 85' lang='lat' dir='ltr'><strong>terit</strong></span> <span class='ocrx_word' id='word_1_346' title='bbox 367 2443 400 2469; x_wconf 81' lang='lat' dir='ltr'><strong>ct</strong></span> <span class='ocrx_word' id='word_1_347' title='bbox 423 2441 611 2484; x_wconf 75' lang='lat' dir='ltr'><strong>quotquot</strong></span> <span class='ocrx_word' id='word_1_348' title='bbox 628 2447 698 2483; x_wconf 78' lang='lat' dir='ltr'><strong>per·</strong></span> <span class='ocrx_word' id='word_1_349' title='bbox 726 2431 882 2469; x_wconf 73' lang='lat' dir='ltr'><strong>humum</strong></span> <span class='ocrx_word' id='word_1_350' title='bbox 905 2443 1071 2484; x_wconf 78' lang='lat' dir='ltr'><strong>repentes</strong></span> <span class='ocrx_word' id='word_1_351' title='bbox 1089 2449 1242 2481; x_wconf 82' lang='lat' dir='ltr'><strong>sumus,</strong></span> <span class='ocrx_word' id='word_1_352' title='bbox 1274 2432 1509 2470; x_wconf 75' lang='lat' dir='ltr'><strong>Benedictus</strong></span> <span class='ocrx_word' id='word_1_353' title='bbox 1528 2441 1562 2468; x_wconf 77' lang='lat' dir='ltr'><strong>et</strong></span> <span class='ocrx_word' id='word_1_354' title='bbox 1581 2441 1705 2483; x_wconf 78' lang='lat' dir='ltr'><strong>quo!—</strong></span> 
     </span>
     <span class='ocr_line' id='line_1_41' title="bbox 244 2483 1705 2542; baseline -0.001 -19"><span class='ocrx_word' id='word_1_355' title='bbox 244 2497 337 2539; x_wconf 76' lang='lat' dir='ltr'><strong>quot</strong></span> <span class='ocrx_word' id='word_1_356' title='bbox 353 2504 422 2539; x_wconf 78' lang='lat' dir='ltr'><strong>per</strong></span> <span class='ocrx_word' id='word_1_357' title='bbox 440 2487 597 2524; x_wconf 71' lang='lat' dir='ltr'><strong>humum</strong></span> <span class='ocrx_word' id='word_1_358' title='bbox 620 2489 797 2539; x_wconf 80' lang='lat' dir='ltr'><strong>repimus,</strong></span> <span class='ocrx_word' id='word_1_359' title='bbox 831 2486 1031 2527; x_wconf 78' lang='lat' dir='ltr'><strong>videntm</strong></span> <span class='ocrx_word' id='word_1_360' title='bbox 1048 2488 1215 2541; x_wconf 74' lang='lat' dir='ltr'><strong>legisse⁷</strong></span> <span class='ocrx_word' id='word_1_361' title='bbox 1246 2486 1359 2542; x_wconf 87' lang='lat' dir='ltr'><strong>quod</strong></span> <span class='ocrx_word' id='word_1_362' title='bbox 1381 2483 1498 2537; x_wconf 83' lang='lat' dir='ltr'><strong>pater</strong></span> <span class='ocrx_word' id='word_1_363' title='bbox 1522 2485 1705 2538; x_wconf 68' lang='lat' dir='ltr'><strong>margini</strong></span> 
     </span>
     <span class='ocr_line' id='line_1_42' title="bbox 246 2540 1706 2611; baseline 0 -33"><span class='ocrx_word' id='word_1_364' title='bbox 246 2541 492 2593; x_wconf 72' lang='lat' dir='ltr'><strong>adscripsit,</strong></span> <span class='ocrx_word' id='word_1_365' title='bbox 526 2540 750 2596; x_wconf 79' lang='grc' dir='ltr'><em>ἑσπόμενοι.</em></span> <span class='ocrx_word' id='word_1_366' title='bbox 810 2542 892 2582; x_wconf 87' lang='lat' dir='ltr'><strong>Sed</strong></span> <span class='ocrx_word' id='word_1_367' title='bbox 921 2553 1158 2611; x_wconf 79' lang='lat' dir='ltr'><strong>praete1ea,</strong></span> <span class='ocrx_word' id='word_1_368' title='bbox 1193 2559 1285 2582; x_wconf 89' lang='lat' dir='ltr'><strong>cum</strong></span> <span class='ocrx_word' id='word_1_369' title='bbox 1320 2541 1580 2580; x_wconf 83' lang='lat' dir='ltr'><strong>Basileenses</strong></span> <span class='ocrx_word' id='word_1_370' title='bbox 1611 2540 1706 2579; x_wconf 87' lang='lat' dir='ltr'><strong>edi-</strong></span> 
     </span>
     <span class='ocr_line' id='line_1_43' title="bbox 246 2595 1703 2649; baseline -0.002 -12"><span class='ocrx_word' id='word_1_371' title='bbox 246 2595 389 2634; x_wconf 79' lang='lat' dir='ltr'><strong>derint</strong></span> <span class='ocrx_word' id='word_1_372' title='bbox 419 2615 512 2648; x_wconf 81' lang='grc' dir='ltr'><em>μετα</em></span> <span class='ocrx_word' id='word_1_373' title='bbox 543 2616 609 2639; x_wconf 84' lang='grc' dir='ltr'><strong>και</strong></span> <span class='ocrx_word' id='word_1_374' title='bbox 638 2616 717 2639; x_wconf 83' lang='grc' dir='ltr'><em>των</em></span> <span class='ocrx_word' id='word_1_375' title='bbox 737 2603 851 2639; x_wconf 82' lang='grc' dir='ltr'><em>θεων</em></span> <span class='ocrx_word' id='word_1_376' title='bbox 876 2596 1000 2649; x_wconf 76' lang='grc' dir='ltr'><em>ὖμας,</em></span> <span class='ocrx_word' id='word_1_377' title='bbox 1034 2599 1280 2637; x_wconf 82' lang='lat' dir='ltr'><strong>existimans</strong></span> <span class='ocrx_word' id='word_1_378' title='bbox 1314 2599 1357 2635; x_wconf 89' lang='lat' dir='ltr'><strong>in</strong></span> <span class='ocrx_word' id='word_1_379' title='bbox 1381 2596 1529 2635; x_wconf 84' lang='lat' dir='ltr'><strong>ordine</strong></span> <span class='ocrx_word' id='word_1_380' title='bbox 1552 2596 1703 2636; x_wconf 86' lang='lat' dir='ltr'><strong>horum</strong></span> 
     </span>
     <span class='ocr_line' id='line_1_44' title="bbox 247 2654 1702 2706; baseline 0.001 -17"><span class='ocrx_word' id='word_1_381' title='bbox 247 2661 431 2705; x_wconf 87' lang='lat' dir='ltr'><strong>quatuor</strong></span> <span class='ocrx_word' id='word_1_382' title='bbox 459 2655 759 2693; x_wconf 89' lang='lat' dir='ltr'><strong>vocabulorum</strong></span> <span class='ocrx_word' id='word_1_383' title='bbox 792 2656 861 2696; x_wconf 82' lang='grc' dir='ltr'><strong>καὶ</strong></span> <span class='ocrx_word' id='word_1_384' title='bbox 893 2654 1044 2694; x_wconf 87' lang='lat' dir='ltr'><strong>debere</strong></span> <span class='ocrx_word' id='word_1_385' title='bbox 1073 2656 1177 2706; x_wconf 86' lang='lat' dir='ltr'><strong>poni</strong></span> <span class='ocrx_word' id='word_1_386' title='bbox 1211 2654 1414 2706; x_wconf 80' lang='lat' dir='ltr'><strong>primum,</strong></span> <span class='ocrx_word' id='word_1_387' title='bbox 1456 2667 1542 2691; x_wconf 87' lang='lat' dir='ltr'><strong>non</strong></span> <span class='ocrx_word' id='word_1_388' title='bbox 1575 2667 1702 2706; x_wconf 86' lang='lat' dir='ltr'><strong>quar-</strong></span> 
     </span>
     <span class='ocr_line' id='line_1_45' title="bbox 245 2708 1702 2762; baseline 0.001 -15"><span class='ocrx_word' id='word_1_389' title='bbox 245 2717 359 2757; x_wconf 88' lang='lat' dir='ltr'><strong>tum,</strong></span> <span class='ocrx_word' id='word_1_390' title='bbox 390 2717 438 2746; x_wconf 90' lang='lat' dir='ltr'><strong>ut</strong></span> <span class='ocrx_word' id='word_1_391' title='bbox 460 2708 654 2748; x_wconf 87' lang='lat' dir='ltr'><strong>fecerunt</strong></span> <span class='ocrx_word' id='word_1_392' title='bbox 670 2710 950 2750; x_wconf 77' lang='lat' dir='ltr'><strong>Bou1·delotius</strong></span> <span class='ocrx_word' id='word_1_393' title='bbox 971 2720 1012 2750; x_wconf 84' lang='lat' dir='ltr'><strong>et</strong></span> <span class='ocrx_word' id='word_1_394' title='bbox 1022 2710 1273 2759; x_wconf 76' lang='lat' dir='ltr'><strong>Benedictus,</strong></span> <span class='ocrx_word' id='word_1_395' title='bbox 1305 2708 1477 2762; x_wconf 88' lang='lat' dir='ltr'><strong>putavit</strong></span> <span class='ocrx_word' id='word_1_396' title='bbox 1495 2723 1702 2762; x_wconf 78' lang='lat' dir='ltr'><strong>reponen-</strong></span> 
     </span>
    </p>
   </div>
  </div>
 </body>
</html>
