<?xml version="1.0" encoding="UTF-8"?>
<!DOCTYPE html PUBLIC "-//W3C//DTD XHTML 1.0 Transitional//EN"
    "http://www.w3.org/TR/xhtml1/DTD/xhtml1-transitional.dtd">
<html xmlns="http://www.w3.org/1999/xhtml" xml:lang="en" lang="en">
 <head>
  <title>
</title>
<meta http-equiv="Content-Type" content="text/html;charset=utf-8" />
  <meta name='ocr-system' content='tesseract 3.04.00' />
  <meta name='ocr-capabilities' content='ocr_page ocr_carea ocr_par ocr_line ocrx_word'/>
</head>
<body>
  <div class='ocr_page' id='page_1' title='image "./operagraecaetlat04luciuoft/operagraecaetlat04luciuoft_0348.png"; bbox 0 0 1834 3188; ppageno 0'>
   <div class='ocr_carea' id='block_1_1' title="bbox 202 343 333 380">
    <p class='ocr_par' dir='ltr' id='par_1_1' title="bbox 202 343 333 380">
     <span class='ocr_line' id='line_1_1' title="bbox 202 343 333 380; baseline -0.008 0"><span class='ocrx_word' id='word_1_1' title='bbox 202 343 333 380; x_wconf 43' lang='lat'>1:³39.</span> 
     </span>
    </p>
   </div>
   <div class='ocr_carea' id='block_1_2' title="bbox 199 958 329 993">
    <p class='ocr_par' dir='ltr' id='par_1_2' title="bbox 199 958 329 993">
     <span class='ocr_line' id='line_1_2' title="bbox 199 958 329 993; baseline 0 -11"><span class='ocrx_word' id='word_1_2' title='bbox 199 959 234 993; x_wconf 62' lang='grc' dir='ltr'><strong><em>ΡΔ</em></strong></span> <span class='ocrx_word' id='word_1_3' title='bbox 255 958 329 993; x_wconf 67' lang='lat'><strong><em>¹4⁰³</em></strong></span> 
     </span>
    </p>
   </div>
   <div class='ocr_carea' id='block_1_3' title="bbox 344 222 447 270">
    <p class='ocr_par' dir='ltr' id='par_1_3' title="bbox 344 222 447 270">
     <span class='ocr_line' id='line_1_3' title="bbox 344 222 447 270; baseline -0.019 0"><span class='ocrx_word' id='word_1_4' title='bbox 344 222 447 270; x_wconf 77' lang='lat'><strong><em>320</em></strong></span> 
     </span>
    </p>
   </div>
   <div class='ocr_carea' id='block_1_4' title="bbox 341 323 1730 1346">
    <p class='ocr_par' dir='ltr' id='par_1_4' title="bbox 341 323 1730 1346">
     <span class='ocr_line' id='line_1_4' title="bbox 347 323 1727 386; baseline -0.006 -10"><span class='ocrx_word' id='word_1_5' title='bbox 347 332 464 384; x_wconf 83' lang='grc' dir='ltr'><strong><em>πόλις</em></strong></span> <span class='ocrx_word' id='word_1_6' title='bbox 480 330 579 385; x_wconf 70' lang='grc' dir='ltr'><strong><em>αὕτη</em></strong></span> <span class='ocrx_word' id='word_1_7' title='bbox 590 365 602 383; x_wconf 88' lang='grc'><strong><em>,</em></strong></span> <span class='ocrx_word' id='word_1_8' title='bbox 626 328 886 386; x_wconf 58' lang='grc' dir='ltr'><strong><em>’Ὑδαμαρδία</em></strong></span> <span class='ocrx_word' id='word_1_9' title='bbox 904 331 961 378; x_wconf 65' lang='grc' dir='ltr'><strong><em>ὅ).</em></strong></span> <span class='ocrx_word' id='word_1_10' title='bbox 1004 331 1200 384; x_wconf 76' lang='grc' dir='ltr'><strong><em>λαβοῦσαι</em></strong></span> <span class='ocrx_word' id='word_1_11' title='bbox 1217 324 1270 380; x_wconf 78' lang='lat'><strong><em>¹¹)</em></strong></span> <span class='ocrx_word' id='word_1_12' title='bbox 1300 325 1341 371; x_wconf 82' lang='grc' dir='ltr'><strong><em>δ’</em></strong></span> <span class='ocrx_word' id='word_1_13' title='bbox 1362 323 1446 373; x_wconf 73' lang='grc' dir='ltr'><strong><em>ὀὖν</em></strong></span> <span class='ocrx_word' id='word_1_14' title='bbox 1464 325 1571 384; x_wconf 75' lang='grc' dir='ltr'><strong><em>ἡμᾶς</em></strong></span> <span class='ocrx_word' id='word_1_15' title='bbox 1591 329 1727 386; x_wconf 65' lang='lat' dir='ltr'><strong><em>015va</em></strong></span> 
     </span>
     <span class='ocr_line' id='line_1_5' title="bbox 347 393 1727 454; baseline -0.003 -9"><span class='ocrx_word' id='word_1_16' title='bbox 347 407 504 451; x_wconf 75' lang='grc' dir='ltr'><strong><em>ναῖκες,</em></strong></span> <span class='ocrx_word' id='word_1_17' title='bbox 534 399 680 454; x_wconf 75' lang='grc' dir='ltr'><strong><em>ἑκάστη</em></strong></span> <span class='ocrx_word' id='word_1_18' title='bbox 695 397 798 453; x_wconf 76' lang='grc' dir='ltr'><strong><em>πρὸς</em></strong></span> <span class='ocrx_word' id='word_1_19' title='bbox 814 395 960 452; x_wconf 73' lang='grc' dir='ltr'><strong><em>ἑαυτὴν</em></strong></span> <span class='ocrx_word' id='word_1_20' title='bbox 977 393 1128 453; x_wconf 79' lang='grc' dir='ltr'><strong><em>ἆπῆγε,</em></strong></span> <span class='ocrx_word' id='word_1_21' title='bbox 1158 397 1229 439; x_wconf 83' lang='grc' dir='ltr'><strong><em>καὶ</em></strong></span> <span class='ocrx_word' id='word_1_22' title='bbox 1246 397 1361 447; x_wconf 81' lang='grc' dir='ltr'><strong><em>ξένον</em></strong></span> <span class='ocrx_word' id='word_1_23' title='bbox 1377 398 1560 441; x_wconf 77' lang='grc' dir='ltr'><strong><em>ἐποιεῖτο.</em></strong></span> <span class='ocrx_word' id='word_1_24' title='bbox 1589 397 1665 453; x_wconf 69' lang='grc' dir='ltr'><strong><em>ἐγώ</em></strong></span> <span class='ocrx_word' id='word_1_25' title='bbox 1683 397 1727 441; x_wconf 76' lang='grc' dir='ltr'><strong><em>δὲ</em></strong></span> 
     </span>
     <span class='ocr_line' id='line_1_6' title="bbox 347 462 1729 526; baseline -0.002 -14"><span class='ocrx_word' id='word_1_26' title='bbox 347 467 497 526; x_wconf 83' lang='grc' dir='ltr'><strong><em>μικρὸν</em></strong></span> <span class='ocrx_word' id='word_1_27' title='bbox 526 466 724 520; x_wconf 65' lang='grc' dir='ltr'><strong><em>ὑποστὰς,</em></strong></span> <span class='ocrx_word' id='word_1_28' title='bbox 754 463 838 519; x_wconf 74' lang='grc' dir='ltr'><strong><em>(οὗ</em></strong></span> <span class='ocrx_word' id='word_1_29' title='bbox 857 465 934 522; x_wconf 76' lang='grc' dir='ltr'><strong><em>γὰρ</em></strong></span> <span class='ocrx_word' id='word_1_30' title='bbox 963 462 1112 521; x_wconf 74' lang='grc' dir='ltr'><strong><em>χρηστοὶ</em></strong></span> <span class='ocrx_word' id='word_1_31' title='bbox 1143 463 1474 520; x_wconf 82' lang='grc' dir='ltr'><strong><em>ε’μαντευόμην,)</em></strong></span> <span class='ocrx_word' id='word_1_32' title='bbox 1504 463 1729 522; x_wconf 76' lang='grc' dir='ltr'><strong><em>ἀκριβέστε-</em></strong></span> 
     </span>
     <span class='ocr_line' id='line_1_7' title="bbox 349 530 1728 595; baseline -0.004 -14"><span class='ocrx_word' id='word_1_33' title='bbox 349 537 426 595; x_wconf 88' lang='grc' dir='ltr'><strong><em>ρόν</em></strong></span> <span class='ocrx_word' id='word_1_34' title='bbox 443 554 482 580; x_wconf 85' lang='grc' dir='ltr'><strong><em>τε</em></strong></span> <span class='ocrx_word' id='word_1_35' title='bbox 501 534 541 592; x_wconf 85' lang='lat' dir='ltr'><strong><em>i)</em></strong></span> <span class='ocrx_word' id='word_1_36' title='bbox 567 536 840 592; x_wconf 78' lang='grc' dir='ltr'><strong><em>περιβλέπων,</em></strong></span> <span class='ocrx_word' id='word_1_37' title='bbox 871 530 958 590; x_wconf 80' lang='grc' dir='ltr'><strong><em>ὅροῖ</em></strong></span> <span class='ocrx_word' id='word_1_38' title='bbox 981 537 1138 576; x_wconf 76' lang='grc' dir='ltr'><strong><em>πολλῶν</em></strong></span> <span class='ocrx_word' id='word_1_39' title='bbox 1157 530 1393 589; x_wconf 70' lang='grc' dir='ltr'><strong><em>ἀνθρώπων</em></strong></span> <span class='ocrx_word' id='word_1_40' title='bbox 1418 530 1516 576; x_wconf 77' lang='grc' dir='ltr'><strong><em>ὄστᾶ</em></strong></span> <span class='ocrx_word' id='word_1_41' title='bbox 1532 534 1602 578; x_wconf 74' lang='grc' dir='ltr'><strong><em>καὶ</em></strong></span> <span class='ocrx_word' id='word_1_42' title='bbox 1630 549 1728 590; x_wconf 81' lang='grc' dir='ltr'><strong><em>κρα-</em></strong></span> 
     </span>
     <span class='ocr_line' id='line_1_8' title="bbox 348 599 1726 659; baseline -0.002 -11"><span class='ocrx_word' id='word_1_43' title='bbox 348 607 417 648; x_wconf 86' lang='grc' dir='ltr'><strong><em>νία</em></strong></span> <span class='ocrx_word' id='word_1_44' title='bbox 437 606 598 659; x_wconf 86' lang='grc' dir='ltr'><strong><em>κείμενα</em></strong></span> <span class='ocrx_word' id='word_1_45' title='bbox 613 618 624 631; x_wconf 91' lang='grc'><em>·</em></span> <span class='ocrx_word' id='word_1_46' title='bbox 648 603 721 647; x_wconf 80' lang='grc' dir='ltr'><strong><em>’καὶ</em></strong></span> <span class='ocrx_word' id='word_1_47' title='bbox 738 601 783 645; x_wconf 86' lang='grc' dir='ltr'><strong><em>τό</em></strong></span> <span class='ocrx_word' id='word_1_48' title='bbox 804 602 873 656; x_wconf 81' lang='grc' dir='ltr'><strong><em>μὲν</em></strong></span> <span class='ocrx_word' id='word_1_49' title='bbox 890 599 993 657; x_wconf 80' lang='grc' dir='ltr'><strong><em>βοὴν</em></strong></span> <span class='ocrx_word' id='word_1_50' title='bbox 1013 599 1195 654; x_wconf 73' lang='grc' dir='ltr'><strong><em>ἱστάναι,</em></strong></span> <span class='ocrx_word' id='word_1_51' title='bbox 1224 603 1293 645; x_wconf 75' lang='grc' dir='ltr'><strong><em>καὶ</em></strong></span> <span class='ocrx_word' id='word_1_52' title='bbox 1311 599 1408 652; x_wconf 83' lang='grc' dir='ltr'><strong><em>τούς</em></strong></span> <span class='ocrx_word' id='word_1_53' title='bbox 1427 602 1610 658; x_wconf 73' lang='grc' dir='ltr'><strong><em>ἑταίρους</em></strong></span> <span class='ocrx_word' id='word_1_54' title='bbox 1631 616 1726 659; x_wconf 75' lang='grc' dir='ltr'><strong><em>συγ-</em></strong></span> 
     </span>
     <span class='ocr_line' id='line_1_9' title="bbox 348 665 1729 727; baseline -0.002 -10"><span class='ocrx_word' id='word_1_55' title='bbox 348 678 509 727; x_wconf 80' lang='grc' dir='ltr'><strong><em>καλεῖν,</em></strong></span> <span class='ocrx_word' id='word_1_56' title='bbox 538 673 606 716; x_wconf 78' lang='grc' dir='ltr'><strong><em>καὶ</em></strong></span> <span class='ocrx_word' id='word_1_57' title='bbox 625 673 668 723; x_wconf 81' lang='grc' dir='ltr'><strong><em>ές</em></strong></span> <span class='ocrx_word' id='word_1_58' title='bbox 683 669 732 715; x_wconf 76' lang='grc' dir='ltr'><strong><em>τὰ</em></strong></span> <span class='ocrx_word' id='word_1_59' title='bbox 754 668 857 714; x_wconf 81' lang='grc' dir='ltr'><strong><em>ὅπλα</em></strong></span> <span class='ocrx_word' id='word_1_60' title='bbox 878 675 1046 726; x_wconf 78' lang='grc' dir='ltr'><strong><em>χωρεῖν,</em></strong></span> <span class='ocrx_word' id='word_1_61' title='bbox 1077 665 1152 713; x_wconf 67' lang='grc' dir='ltr'><strong><em>οὐκ</em></strong></span> <span class='ocrx_word' id='word_1_62' title='bbox 1172 670 1422 724; x_wconf 78' lang='grc' dir='ltr'><strong><em>ἐδοκίμαζον.</em></strong></span> <span class='ocrx_word' id='word_1_63' title='bbox 1462 668 1729 726; x_wconf 74' lang='grc' dir='ltr'><strong><em>προχειρισά-</em></strong></span> 
     </span>
     <span class='ocr_line' id='line_1_10' title="bbox 346 732 1729 796; baseline -0.001 -11"><span class='ocrx_word' id='word_1_64' title='bbox 346 759 467 795; x_wconf 83' lang='grc' dir='ltr'><strong><em>μενος</em></strong></span> <span class='ocrx_word' id='word_1_65' title='bbox 495 742 538 784; x_wconf 80' lang='grc' dir='ltr'><strong><em>δὲ</em></strong></span> <span class='ocrx_word' id='word_1_66' title='bbox 553 738 630 795; x_wconf 79' lang='grc' dir='ltr'><strong><em>τὴν</em></strong></span> <span class='ocrx_word' id='word_1_67' title='bbox 654 737 854 796; x_wconf 75' lang='grc' dir='ltr'><strong><em>μαλάχην,</em></strong></span> <span class='ocrx_word' id='word_1_68' title='bbox 884 736 1011 780; x_wconf 76' lang='grc' dir='ltr'><strong><em>πολλοὶ</em></strong></span> <span class='ocrx_word' id='word_1_69' title='bbox 1037 733 1218 791; x_wconf 69' lang='grc' dir='ltr'><strong><em>ηὐχόμην</em></strong></span> <span class='ocrx_word' id='word_1_70' title='bbox 1237 735 1342 795; x_wconf 74' lang='grc' dir='ltr'><strong><em>αὐτῇ</em></strong></span> <span class='ocrx_word' id='word_1_71' title='bbox 1358 732 1414 788; x_wconf 74' lang='lat' dir='ltr'><strong><em>k)</em></strong></span> <span class='ocrx_word' id='word_1_72' title='bbox 1445 740 1661 796; x_wconf 74' lang='grc' dir='ltr'><strong><em>διαφυγεῖν</em></strong></span> <span class='ocrx_word' id='word_1_73' title='bbox 1683 740 1729 783; x_wconf 76' lang='grc' dir='ltr'><strong><em>ἐκ</em></strong></span> 
     </span>
     <span class='ocr_line' id='line_1_11' title="bbox 347 803 1730 864; baseline -0.001 -12"><span class='ocrx_word' id='word_1_74' title='bbox 347 814 427 852; x_wconf 79' lang='grc' dir='ltr'><strong><em>τῶν</em></strong></span> <span class='ocrx_word' id='word_1_75' title='bbox 447 807 664 864; x_wconf 84' lang='grc' dir='ltr'><strong><em>παρόντων</em></strong></span> <span class='ocrx_word' id='word_1_76' title='bbox 691 811 840 851; x_wconf 78' lang='grc' dir='ltr'><strong><em>κακῶν.</em></strong></span> <span class='ocrx_word' id='word_1_77' title='bbox 882 803 970 860; x_wconf 74' lang='grc' dir='ltr'><strong><em>μετ’</em></strong></span> <span class='ocrx_word' id='word_1_78' title='bbox 993 803 1130 861; x_wconf 79' lang='grc' dir='ltr'><strong><em>ὀλίγον</em></strong></span> <span class='ocrx_word' id='word_1_79' title='bbox 1150 805 1213 855; x_wconf 78' lang='grc' dir='ltr'><strong><em>δὲ,</em></strong></span> <span class='ocrx_word' id='word_1_80' title='bbox 1241 808 1314 859; x_wconf 82' lang='grc' dir='ltr'><strong><em>τῆς</em></strong></span> <span class='ocrx_word' id='word_1_81' title='bbox 1329 805 1445 859; x_wconf 78' lang='grc' dir='ltr'><strong><em>ξένης</em></strong></span> <span class='ocrx_word' id='word_1_82' title='bbox 1461 807 1730 861; x_wconf 82' lang='grc' dir='ltr'><strong><em>διακονουμέ-</em></strong></span> 
     </span>
     <span class='ocr_line' id='line_1_12' title="bbox 346 869 1727 932; baseline -0.001 -12"><span class='ocrx_word' id='word_1_83' title='bbox 346 894 446 932; x_wconf 83' lang='grc' dir='ltr'><strong><em>νης,</em></strong></span> <span class='ocrx_word' id='word_1_84' title='bbox 488 875 599 920; x_wconf 79' lang='grc' dir='ltr'><strong><em>εἶδον</em></strong></span> <span class='ocrx_word' id='word_1_85' title='bbox 624 874 673 919; x_wconf 72' lang='grc' dir='ltr'><strong><em>τὰ</em></strong></span> <span class='ocrx_word' id='word_1_86' title='bbox 701 876 820 928; x_wconf 81' lang='grc' dir='ltr'><strong><em>σκέλη</em></strong></span> <span class='ocrx_word' id='word_1_87' title='bbox 849 871 898 918; x_wconf 79' lang='grc' dir='ltr'><strong><em>οὗ</em></strong></span> <span class='ocrx_word' id='word_1_88' title='bbox 923 871 1138 930; x_wconf 78' lang='grc' dir='ltr'><strong><em>γυναικὸς,</em></strong></span> <span class='ocrx_word' id='word_1_89' title='bbox 1180 869 1268 915; x_wconf 64' lang='grc' dir='ltr'><strong><em>ἀλλ’</em></strong></span> <span class='ocrx_word' id='word_1_90' title='bbox 1289 872 1388 915; x_wconf 80' lang='grc' dir='ltr'><strong><em>ὅνου</em></strong></span> <span class='ocrx_word' id='word_1_91' title='bbox 1406 871 1551 925; x_wconf 77' lang='grc' dir='ltr'><strong><em>ὁπλάς·</em></strong></span> <span class='ocrx_word' id='word_1_92' title='bbox 1583 875 1652 918; x_wconf 82' lang='grc' dir='ltr'><strong><em>καὶ</em></strong></span> <span class='ocrx_word' id='word_1_93' title='bbox 1674 873 1727 929; x_wconf 77' lang='grc' dir='ltr'><strong><em>δὴ</em></strong></span> 
     </span>
     <span class='ocr_line' id='line_1_13' title="bbox 345 938 1729 1000; baseline -0.005 -12"><span class='ocrx_word' id='word_1_94' title='bbox 345 943 603 1000; x_wconf 73' lang='grc' dir='ltr'><strong><em>σπασάμενος</em></strong></span> <span class='ocrx_word' id='word_1_95' title='bbox 623 940 668 996; x_wconf 86' lang='grc'><strong><em>1)</em></strong></span> <span class='ocrx_word' id='word_1_96' title='bbox 697 942 742 986; x_wconf 86' lang='grc' dir='ltr'>τὸ</span> <span class='ocrx_word' id='word_1_97' title='bbox 769 945 910 997; x_wconf 80' lang='grc' dir='ltr'><strong><em>ξίφος,</em></strong></span> <span class='ocrx_word' id='word_1_98' title='bbox 939 938 1203 996; x_wconf 75' lang='grc' dir='ltr'><strong><em>συλλαμβάνω</em></strong></span> <span class='ocrx_word' id='word_1_99' title='bbox 1227 957 1270 984; x_wconf 89' lang='grc' dir='ltr'><strong><em>τε</em></strong></span> <span class='ocrx_word' id='word_1_100' title='bbox 1298 939 1425 995; x_wconf 72' lang='grc' dir='ltr'><strong><em>αυτὴν</em></strong></span> <span class='ocrx_word' id='word_1_101' title='bbox 1443 944 1531 996; x_wconf 80' lang='lat'>¹¹¹),</span> <span class='ocrx_word' id='word_1_102' title='bbox 1561 943 1632 986; x_wconf 80' lang='grc' dir='ltr'><strong><em>καὶ</em></strong></span> <span class='ocrx_word' id='word_1_103' title='bbox 1650 941 1729 998; x_wconf 80' lang='grc' dir='ltr'><strong><em>δή..</em></strong></span> 
     </span>
     <span class='ocr_line' id='line_1_14' title="bbox 344 1006 1729 1070; baseline -0.002 -13"><span class='ocrx_word' id='word_1_104' title='bbox 344 1028 441 1066; x_wconf 87' lang='grc' dir='ltr'><strong><em>σας,</em></strong></span> <span class='ocrx_word' id='word_1_105' title='bbox 470 1013 565 1070; x_wconf 85' lang='grc' dir='ltr'><strong><em>περὶ</em></strong></span> <span class='ocrx_word' id='word_1_106' title='bbox 588 1016 669 1055; x_wconf 77' lang='grc' dir='ltr'><strong><em>ταῖν</em></strong></span> <span class='ocrx_word' id='word_1_107' title='bbox 693 1010 796 1054; x_wconf 74' lang='grc' dir='ltr'><strong><em>ὅλων</em></strong></span> <span class='ocrx_word' id='word_1_108' title='bbox 825 1009 1059 1066; x_wconf 74' lang='grc' dir='ltr'><strong><em>ἀνέκρινον·</em></strong></span> <span class='ocrx_word' id='word_1_109' title='bbox 1097 1006 1125 1062; x_wconf 76' lang='grc' dir='ltr'><em>ἦ</em></span> <span class='ocrx_word' id='word_1_110' title='bbox 1149 1008 1211 1060; x_wconf 78' lang='grc' dir='ltr'><strong><em>δὲ,</em></strong></span> <span class='ocrx_word' id='word_1_111' title='bbox 1251 1006 1410 1051; x_wconf 67' lang='grc' dir='ltr'><strong><em>ἄκουσα</em></strong></span> <span class='ocrx_word' id='word_1_112' title='bbox 1437 1009 1534 1063; x_wconf 74' lang='grc' dir='ltr'><strong><em>μὲν,</em></strong></span> <span class='ocrx_word' id='word_1_113' title='bbox 1577 1008 1665 1054; x_wconf 82' lang='grc' dir='ltr'><strong><em>εἶπε</em></strong></span> <span class='ocrx_word' id='word_1_114' title='bbox 1685 1010 1729 1054; x_wconf 75' lang='grc' dir='ltr'><strong><em>δὲ</em></strong></span> 
     </span>
     <span class='ocr_line' id='line_1_15' title="bbox 342 1071 1729 1137; baseline -0.004 -12"><span class='ocrx_word' id='word_1_115' title='bbox 342 1083 454 1137; x_wconf 77' lang='grc' dir='ltr'><strong><em>ὅμως</em></strong></span> <span class='ocrx_word' id='word_1_116' title='bbox 464 1113 477 1133; x_wconf 83' lang='grc'><strong><em>,</em></strong></span> <span class='ocrx_word' id='word_1_117' title='bbox 529 1079 655 1129; x_wconf 70' lang='grc' dir='ltr'><strong><em>αὐτὰς</em></strong></span> <span class='ocrx_word' id='word_1_118' title='bbox 694 1080 766 1134; x_wconf 81' lang='grc' dir='ltr'><strong><em>μὲν</em></strong></span> <span class='ocrx_word' id='word_1_119' title='bbox 791 1078 895 1122; x_wconf 78' lang='grc' dir='ltr'><strong><em>εἶναι.</em></strong></span> <span class='ocrx_word' id='word_1_120' title='bbox 919 1078 1170 1127; x_wconf 82' lang='grc' dir='ltr'><strong><em>θαλασσίους</em></strong></span> <span class='ocrx_word' id='word_1_121' title='bbox 1203 1083 1422 1132; x_wconf 76' lang='grc' dir='ltr'><strong><em>γυναῖκας,</em></strong></span> <span class='ocrx_word' id='word_1_122' title='bbox 1461 1071 1729 1127; x_wconf 84' lang='grc' dir='ltr'><strong><em>Ὀνοσκελέας</em></strong></span> 
     </span>
     <span class='ocr_line' id='line_1_16' title="bbox 342 1144 1728 1204; baseline -0.003 -12"><span class='ocrx_word' id='word_1_123' title='bbox 342 1148 769 1204; x_wconf 77' lang='grc' dir='ltr'><strong><em>προςαγορευομένας,</em></strong></span> <span class='ocrx_word' id='word_1_124' title='bbox 799 1144 961 1203; x_wconf 79' lang='grc' dir='ltr'><strong><em>τροφὴν</em></strong></span> <span class='ocrx_word' id='word_1_125' title='bbox 993 1146 1036 1187; x_wconf 82' lang='grc' dir='ltr'><strong><em>δὲ</em></strong></span> <span class='ocrx_word' id='word_1_126' title='bbox 1067 1149 1279 1187; x_wconf 86' lang='grc' dir='ltr'><strong><em>ποιεῖσθαι</em></strong></span> <span class='ocrx_word' id='word_1_127' title='bbox 1304 1144 1403 1195; x_wconf 76' lang='grc' dir='ltr'><strong><em>τούς</em></strong></span> <span class='ocrx_word' id='word_1_128' title='bbox 1432 1146 1728 1200; x_wconf 78' lang='grc' dir='ltr'><strong><em>ἐπιδημοῦντας</em></strong></span> 
     </span>
     <span class='ocr_line' id='line_1_17' title="bbox 341 1206 1728 1272; baseline -0.003 -12"><span class='ocrx_word' id='word_1_129' title='bbox 341 1218 495 1269; x_wconf 78' lang='grc' dir='ltr'><strong><em>ξένους.</em></strong></span> <span class='ocrx_word' id='word_1_130' title='bbox 525 1215 688 1259; x_wconf 75' lang='grc' dir='ltr'><strong><em>ἐπειδὰν</em></strong></span> <span class='ocrx_word' id='word_1_131' title='bbox 716 1214 815 1272; x_wconf 74' lang='grc' dir='ltr'><strong><em>γὰρ,</em></strong></span> <span class='ocrx_word' id='word_1_132' title='bbox 846 1216 949 1268; x_wconf 72' lang='grc' dir='ltr'><strong><em>ἔφη,</em></strong></span> <span class='ocrx_word' id='word_1_133' title='bbox 986 1212 1225 1268; x_wconf 84' lang='grc' dir='ltr'><strong><em>μεθύσωμεν</em></strong></span> <span class='ocrx_word' id='word_1_134' title='bbox 1250 1206 1423 1263; x_wconf 65' lang='grc' dir='ltr'><strong><em>αὐτούς,</em></strong></span> <span class='ocrx_word' id='word_1_135' title='bbox 1453 1218 1728 1267; x_wconf 81' lang='grc' dir='ltr'><strong><em>συνευνηθεῖ-</em></strong></span> 
     </span>
     <span class='ocr_line' id='line_1_18' title="bbox 343 1277 1727 1346; baseline -0.003 -18"><span class='ocrx_word' id='word_1_136' title='bbox 343 1299 425 1338; x_wconf 87' lang='grc' dir='ltr'><strong><em>σαι,</em></strong></span> <span class='ocrx_word' id='word_1_137' title='bbox 446 1283 714 1338; x_wconf 79' lang='grc' dir='ltr'><strong><em>κοιμωμένοις</em></strong></span> <span class='ocrx_word' id='word_1_138' title='bbox 735 1283 1023 1339; x_wconf 75' lang='grc' dir='ltr'><strong><em>ἐπιχειροῦμεν.</em></strong></span> <span class='ocrx_word' id='word_1_139' title='bbox 1055 1277 1236 1346; x_wconf 74' lang='grc' dir='ltr'><strong><em>οῗκούσας</em></strong></span> <span class='ocrx_word' id='word_1_140' title='bbox 1254 1280 1297 1324; x_wconf 80' lang='grc' dir='ltr'><strong><em>δὲ</em></strong></span> <span class='ocrx_word' id='word_1_141' title='bbox 1315 1285 1451 1332; x_wconf 82' lang='grc' dir='ltr'><strong><em>ταῦτα,</em></strong></span> <span class='ocrx_word' id='word_1_142' title='bbox 1481 1281 1635 1336; x_wconf 78' lang='grc' dir='ltr'><strong><em>ἐκείνην</em></strong></span> <span class='ocrx_word' id='word_1_143' title='bbox 1654 1281 1727 1336; x_wconf 75' lang='grc' dir='ltr'><strong><em>μὲν</em></strong></span> 
     </span>
    </p>
   </div>
   <div class='ocr_carea' id='block_1_5' title="bbox 843 231 1249 264">
    <p class='ocr_par' dir='ltr' id='par_1_5' title="bbox 843 231 1249 264">
     <span class='ocr_line' id='line_1_19' title="bbox 843 231 1249 264; baseline 0 -2"><span class='ocrx_word' id='word_1_144' title='bbox 843 231 1249 264; x_wconf 76' lang='lat' dir='ltr'><strong>LUCIANI</strong></span> 
     </span>
    </p>
   </div>
   <div class='ocr_carea' id='block_1_6' title="bbox 433 1394 1730 1813">
    <p class='ocr_par' dir='ltr' id='par_1_6' title="bbox 433 1394 1730 1813">
     <span class='ocr_line' id='line_1_20' title="bbox 436 1394 1730 1445; baseline -0.002 -13"><span class='ocrx_word' id='word_1_145' title='bbox 436 1399 461 1445; x_wconf 87' lang='grc' dir='ltr'>β</span> <span class='ocrx_word' id='word_1_146' title='bbox 471 1410 495 1432; x_wconf 83' lang='grc' dir='ltr'><strong><em>α</em></strong></span> <span class='ocrx_word' id='word_1_147' title='bbox 505 1401 524 1433; x_wconf 87' lang='grc' dir='ltr'><strong><em>λ</em></strong></span> <span class='ocrx_word' id='word_1_148' title='bbox 536 1409 555 1431; x_wconf 91' lang='lat' dir='ltr'>o</span> <span class='ocrx_word' id='word_1_149' title='bbox 567 1398 592 1431; x_wconf 76' lang='grc' dir='ltr'><em>ὕ</em></span> <span class='ocrx_word' id='word_1_150' title='bbox 602 1396 675 1441; x_wconf 82' lang='grc' dir='ltr'><strong><em>σα]</em></strong></span> <span class='ocrx_word' id='word_1_151' title='bbox 703 1396 806 1441; x_wconf 79' lang='lat' dir='ltr'>„Alii</span> <span class='ocrx_word' id='word_1_152' title='bbox 831 1395 1040 1443; x_wconf 70' lang='grc' dir='ltr'><strong><em>ἐκβαλοῦσα</em></strong></span> <span class='ocrx_word' id='word_1_153' title='bbox 1068 1394 1184 1430; x_wconf 76' lang='lat' dir='ltr'><em>Coll.“</em></span> <span class='ocrx_word' id='word_1_154' title='bbox 1217 1395 1446 1442; x_wconf 76' lang='grc' dir='ltr'><strong><em>Κοβαλοΰσα</em></strong></span> <span class='ocrx_word' id='word_1_155' title='bbox 1469 1395 1591 1439; x_wconf 76' lang='lat' dir='ltr'><strong><em>Guyet.</em></strong></span> <span class='ocrx_word' id='word_1_156' title='bbox 1623 1396 1730 1443; x_wconf 82' lang='grc' dir='ltr'><strong><em>Καβ-</em></strong></span> 
     </span>
     <span class='ocr_line' id='line_1_21' title="bbox 435 1439 1728 1490; baseline -0.003 -11"><span class='ocrx_word' id='word_1_157' title='bbox 435 1445 603 1490; x_wconf 76' lang='grc' dir='ltr'><strong><em>βαλοῦσα</em></strong></span> <span class='ocrx_word' id='word_1_158' title='bbox 631 1443 749 1476; x_wconf 82' lang='lat' dir='ltr'><strong><em>Solan.</em></strong></span> <span class='ocrx_word' id='word_1_159' title='bbox 794 1442 1093 1489; x_wconf 77' lang='grc' dir='ltr'><strong><em>Κασαλβαδοῦσα</em></strong></span> <span class='ocrx_word' id='word_1_160' title='bbox 1117 1442 1235 1478; x_wconf 80' lang='lat' dir='ltr'><strong><em>Belin.</em></strong></span> <span class='ocrx_word' id='word_1_161' title='bbox 1305 1445 1353 1486; x_wconf 84' lang='lat' dir='ltr'><strong><em>g)</em></strong></span> <span class='ocrx_word' id='word_1_162' title='bbox 1392 1439 1402 1452; x_wconf 77' lang='lat'><em>‘</em></span> <span class='ocrx_word' id='word_1_163' title='bbox 1411 1441 1471 1476; x_wconf 80' lang='grc' dir='ltr'><strong><em>Τδ</em></strong></span> <span class='ocrx_word' id='word_1_164' title='bbox 1481 1453 1539 1485; x_wconf 84' lang='grc' dir='ltr'><strong><em>αμ</em></strong></span> <span class='ocrx_word' id='word_1_165' title='bbox 1551 1454 1576 1475; x_wconf 91' lang='grc' dir='ltr'><strong><em>α</em></strong></span> <span class='ocrx_word' id='word_1_166' title='bbox 1585 1453 1606 1486; x_wconf 85' lang='grc' dir='ltr'><strong><em>ρ</em></strong></span> <span class='ocrx_word' id='word_1_167' title='bbox 1618 1442 1665 1476; x_wconf 83' lang='grc' dir='ltr'><em>δί</em></span> <span class='ocrx_word' id='word_1_168' title='bbox 1675 1443 1728 1485; x_wconf 86' lang='grc' dir='ltr'><strong><em>οι]</em></strong></span> 
     </span>
     <span class='ocr_line' id='line_1_22' title="bbox 433 1485 1729 1534; baseline -0.002 -11"><span class='ocrx_word' id='word_1_169' title='bbox 433 1492 537 1534; x_wconf 86' lang='lat' dir='ltr'>„Alii</span> <span class='ocrx_word' id='word_1_170' title='bbox 553 1487 702 1534; x_wconf 63' lang='grc' dir='ltr'><strong><em>ζ’.Ῥδαμὴ</em></strong></span> <span class='ocrx_word' id='word_1_171' title='bbox 725 1489 810 1522; x_wconf 85' lang='lat' dir='ltr'><em>Coll.</em></span> <span class='ocrx_word' id='word_1_172' title='bbox 860 1489 964 1523; x_wconf 86' lang='lat' dir='ltr'>Nihil</span> <span class='ocrx_word' id='word_1_173' title='bbox 980 1493 1130 1522; x_wconf 75' lang='lat' dir='ltr'><strong>mutant</strong></span> <span class='ocrx_word' id='word_1_174' title='bbox 1145 1488 1274 1524; x_wconf 86' lang='lat' dir='ltr'><strong>Edd.“</strong></span> <span class='ocrx_word' id='word_1_175' title='bbox 1293 1485 1533 1532; x_wconf 70' lang='grc' dir='ltr'><strong><em>“Τδαμαυρία</em></strong></span> <span class='ocrx_word' id='word_1_176' title='bbox 1553 1488 1729 1531; x_wconf 81' lang='lat' dir='ltr'>(volebat</span> 
     </span>
     <span class='ocr_line' id='line_1_23' title="bbox 436 1531 1727 1580; baseline -0.002 -10"><span class='ocrx_word' id='word_1_177' title='bbox 436 1537 537 1570; x_wconf 81' lang='lat' dir='ltr'><strong>forte</strong></span> <span class='ocrx_word' id='word_1_178' title='bbox 551 1534 838 1580; x_wconf 66' lang='grc' dir='ltr'><strong><em>“Τδραμαυρία)</em></strong></span> <span class='ocrx_word' id='word_1_179' title='bbox 867 1537 969 1569; x_wconf 72' lang='lat' dir='ltr'><strong><em>Geen.</em></strong></span> <span class='ocrx_word' id='word_1_180' title='bbox 1010 1531 1019 1544; x_wconf 78' lang='lat'><em>‘</em></span> <span class='ocrx_word' id='word_1_181' title='bbox 1029 1534 1251 1580; x_wconf 76' lang='grc' dir='ltr'><strong><em>Τδραμαδία</em></strong></span> <span class='ocrx_word' id='word_1_182' title='bbox 1269 1536 1362 1579; x_wconf 85' lang='lat' dir='ltr'>Aug.</span> <span class='ocrx_word' id='word_1_183' title='bbox 1385 1540 1423 1567; x_wconf 78' lang='lat' dir='ltr'><strong><em>et</em></strong></span> <span class='ocrx_word' id='word_1_184' title='bbox 1449 1533 1557 1567; x_wconf 89' lang='lat' dir='ltr'><strong>Gorl.</strong></span> <span class='ocrx_word' id='word_1_185' title='bbox 1582 1532 1624 1567; x_wconf 84' lang='lat' dir='ltr'><strong><em>in</em></strong></span> <span class='ocrx_word' id='word_1_186' title='bbox 1649 1545 1727 1579; x_wconf 85' lang='lat' dir='ltr'><strong><em>quo</em></strong></span> 
     </span>
     <span class='ocr_line' id='line_1_24' title="bbox 435 1577 1728 1627; baseline -0.001 -12"><span class='ocrx_word' id='word_1_187' title='bbox 435 1582 643 1627; x_wconf 82' lang='lat' dir='ltr'>posteriore</span> <span class='ocrx_word' id='word_1_188' title='bbox 659 1581 771 1614; x_wconf 80' lang='lat' dir='ltr'>etiam</span> <span class='ocrx_word' id='word_1_189' title='bbox 791 1581 892 1614; x_wconf 85' lang='lat' dir='ltr'><strong>deest</strong></span> <span class='ocrx_word' id='word_1_190' title='bbox 911 1578 1016 1627; x_wconf 75' lang='grc' dir='ltr'><strong><em>αὕτη.</em></strong></span> <span class='ocrx_word' id='word_1_191' title='bbox 1066 1580 1114 1622; x_wconf 87' lang='lat' dir='ltr'><strong><em>h)</em></strong></span> <span class='ocrx_word' id='word_1_192' title='bbox 1140 1584 1159 1616; x_wconf 88' lang='grc' dir='ltr'><strong><em>λ</em></strong></span> <span class='ocrx_word' id='word_1_193' title='bbox 1170 1582 1290 1627; x_wconf 80' lang='grc' dir='ltr'><strong><em>αβοΰ</em></strong></span> <span class='ocrx_word' id='word_1_194' title='bbox 1301 1581 1402 1623; x_wconf 85' lang='grc' dir='ltr'><strong><em>σαι]</em></strong></span> <span class='ocrx_word' id='word_1_195' title='bbox 1425 1579 1518 1622; x_wconf 79' lang='lat' dir='ltr'><strong><em>„Sic</em></strong></span> <span class='ocrx_word' id='word_1_196' title='bbox 1535 1577 1630 1612; x_wconf 87' lang='lat' dir='ltr'><strong>Edd.</strong></span> <span class='ocrx_word' id='word_1_197' title='bbox 1645 1591 1728 1614; x_wconf 89' lang='lat' dir='ltr'><strong><em>om-</em></strong></span> 
     </span>
     <span class='ocr_line' id='line_1_25' title="bbox 436 1625 1723 1672; baseline -0.002 -11"><span class='ocrx_word' id='word_1_198' title='bbox 436 1639 514 1662; x_wconf 87' lang='lat' dir='ltr'><strong>nes.</strong></span> <span class='ocrx_word' id='word_1_199' title='bbox 544 1629 789 1672; x_wconf 77' lang='grc' dir='ltr'><strong><em>διαλαχοῦσαι</em></strong></span> <span class='ocrx_word' id='word_1_200' title='bbox 806 1637 924 1671; x_wconf 85' lang='lat' dir='ltr'>marg.</span> <span class='ocrx_word' id='word_1_201' title='bbox 944 1629 985 1660; x_wconf 90' lang='lat' dir='ltr'><strong><em>A.</em></strong></span> <span class='ocrx_word' id='word_1_202' title='bbox 1010 1639 1040 1662; x_wconf 85' lang='lat'><strong><em>1.</em></strong></span> <span class='ocrx_word' id='word_1_203' title='bbox 1057 1628 1118 1661; x_wconf 89' lang='lat' dir='ltr'><strong><em>W.</em></strong></span> <span class='ocrx_word' id='word_1_204' title='bbox 1141 1633 1178 1660; x_wconf 81' lang='lat' dir='ltr'><strong><em>et</em></strong></span> <span class='ocrx_word' id='word_1_205' title='bbox 1197 1629 1238 1663; x_wconf 88' lang='lat' dir='ltr'><strong><em>P.</em></strong></span> <span class='ocrx_word' id='word_1_206' title='bbox 1258 1626 1476 1663; x_wconf 78' lang='grc' dir='ltr'><strong><em>διαλακοῦσι</em></strong></span> <span class='ocrx_word' id='word_1_207' title='bbox 1496 1625 1637 1669; x_wconf 82' lang='lat' dir='ltr'><strong><em>Angl.“</em></strong></span> <span class='ocrx_word' id='word_1_208' title='bbox 1683 1626 1723 1668; x_wconf 89' lang='lat' dir='ltr'><strong><em>i)</em></strong></span> 
     </span>
     <span class='ocr_line' id='line_1_26' title="bbox 435 1669 1726 1720; baseline -0.002 -12"><span class='ocrx_word' id='word_1_209' title='bbox 435 1675 507 1718; x_wconf 81' lang='grc' dir='ltr'><strong><em>τε]</em></strong></span> <span class='ocrx_word' id='word_1_210' title='bbox 533 1675 638 1708; x_wconf 80' lang='lat' dir='ltr'><strong>abest</strong></span> <span class='ocrx_word' id='word_1_211' title='bbox 656 1674 806 1718; x_wconf 81' lang='lat' dir='ltr'>abAug.</span> <span class='ocrx_word' id='word_1_212' title='bbox 854 1672 901 1716; x_wconf 88' lang='lat' dir='ltr'><strong><em>k)</em></strong></span> <span class='ocrx_word' id='word_1_213' title='bbox 927 1669 1067 1719; x_wconf 63' lang='grc' dir='ltr'><strong><em>αὐτῇ]</em></strong></span> <span class='ocrx_word' id='word_1_214' title='bbox 1095 1670 1322 1720; x_wconf 71' lang='grc' dir='ltr'><strong><em>αὕτὸς2954..</em></strong></span> <span class='ocrx_word' id='word_1_215' title='bbox 1368 1673 1405 1715; x_wconf 92' lang='lat' dir='ltr'><strong><em>l)</em></strong></span> <span class='ocrx_word' id='word_1_216' title='bbox 1430 1670 1512 1706; x_wconf 78' lang='grc' dir='ltr'><strong><em>καὶ</em></strong></span> <span class='ocrx_word' id='word_1_217' title='bbox 1535 1671 1591 1714; x_wconf 75' lang='grc' dir='ltr'><strong><em>δή</em></strong></span> <span class='ocrx_word' id='word_1_218' title='bbox 1616 1681 1726 1706; x_wconf 82' lang='grc' dir='ltr'><strong><em>σπα-</em></strong></span> 
     </span>
     <span class='ocr_line' id='line_1_27' title="bbox 433 1715 1725 1765; baseline 0.002 -11"><span class='ocrx_word' id='word_1_219' title='bbox 433 1717 524 1763; x_wconf 78' lang='grc' dir='ltr'><strong><em>σάμ</em></strong></span> <span class='ocrx_word' id='word_1_220' title='bbox 537 1732 614 1755; x_wconf 87' lang='grc' dir='ltr'><strong><em>ενο</em></strong></span> <span class='ocrx_word' id='word_1_221' title='bbox 628 1720 665 1764; x_wconf 81' lang='grc' dir='ltr'><strong><em>ς]</em></strong></span> <span class='ocrx_word' id='word_1_222' title='bbox 693 1719 756 1754; x_wconf 80' lang='grc' dir='ltr'><strong><em>καὶ</em></strong></span> <span class='ocrx_word' id='word_1_223' title='bbox 776 1717 1073 1763; x_wconf 72' lang='grc' dir='ltr'><strong><em>διασπασάμενος</em></strong></span> <span class='ocrx_word' id='word_1_224' title='bbox 1093 1720 1205 1754; x_wconf 82' lang='lat' dir='ltr'>idem.</span> <span class='ocrx_word' id='word_1_225' title='bbox 1253 1720 1312 1765; x_wconf 87' lang='lat' dir='ltr'><strong><em>m)</em></strong></span> <span class='ocrx_word' id='word_1_226' title='bbox 1337 1730 1387 1755; x_wconf 90' lang='grc' dir='ltr'><strong><em>συ</em></strong></span> <span class='ocrx_word' id='word_1_227' title='bbox 1399 1715 1655 1764; x_wconf 76' lang='grc' dir='ltr'><strong><em>λλαμβᾶνω</em></strong></span> <span class='ocrx_word' id='word_1_228' title='bbox 1677 1730 1725 1756; x_wconf 81' lang='grc' dir='ltr'><strong><em>τε</em></strong></span> 
     </span>
     <span class='ocr_line' id='line_1_28' title="bbox 434 1762 1184 1813; baseline -0.003 -12"><span class='ocrx_word' id='word_1_229' title='bbox 434 1779 460 1801; x_wconf 84' lang='grc' dir='ltr'><strong><em>α</em></strong></span> <span class='ocrx_word' id='word_1_230' title='bbox 469 1763 493 1802; x_wconf 84' lang='lat' dir='ltr'><strong><em>v&#39;</em></strong></span> <span class='ocrx_word' id='word_1_231' title='bbox 502 1764 554 1812; x_wconf 75' lang='grc' dir='ltr'><strong><em>ἰη’</em></strong></span> <span class='ocrx_word' id='word_1_232' title='bbox 565 1767 610 1813; x_wconf 92' lang='grc' dir='ltr'><strong><em>ν]</em></strong></span> <span class='ocrx_word' id='word_1_233' title='bbox 638 1762 896 1813; x_wconf 78' lang='grc' dir='ltr'><strong><em>συλλαμβάνωι</em></strong></span> <span class='ocrx_word' id='word_1_234' title='bbox 914 1764 1056 1812; x_wconf 83' lang='grc' dir='ltr'><strong><em>ταύτην</em></strong></span> <span class='ocrx_word' id='word_1_235' title='bbox 1071 1765 1184 1801; x_wconf 82' lang='lat' dir='ltr'>idem.</span> 
     </span>
    </p>
   </div>
   <div class='ocr_carea' id='block_1_7' title="bbox 1062 1862 1725 1917">
    <p class='ocr_par' dir='ltr' id='par_1_7' title="bbox 1062 1862 1725 1917">
     <span class='ocr_line' id='line_1_29' title="bbox 1062 1862 1725 1917; baseline -0.003 -13"><span class='ocrx_word' id='word_1_236' title='bbox 1062 1863 1248 1915; x_wconf 58' lang='lat' dir='ltr'>moravi,</span> <span class='ocrx_word' id='word_1_237' title='bbox 1289 1872 1338 1903; x_wconf 82' lang='lat' dir='ltr'><strong><em>ut</em></strong></span> <span class='ocrx_word' id='word_1_238' title='bbox 1362 1862 1548 1917; x_wconf 81' lang='lat' dir='ltr'>effugere</span> <span class='ocrx_word' id='word_1_239' title='bbox 1574 1862 1725 1902; x_wconf 84' lang='lat' dir='ltr'>liceret</span> 
     </span>
    </p>
   </div>
   <div class='ocr_carea' id='block_1_8' title="bbox 343 1863 1724 1973">
    <p class='ocr_par' dir='ltr' id='par_1_8' title="bbox 343 1863 1724 1973">
     <span class='ocr_line' id='line_1_30' title="bbox 343 1863 1006 1919; baseline 0 -15"><span class='ocrx_word' id='word_1_240' title='bbox 343 1863 579 1904; x_wconf 79' lang='lat' dir='ltr'>vocabatur</span> <span class='ocrx_word' id='word_1_241' title='bbox 611 1863 818 1903; x_wconf 62' lang='lat' dir='ltr'>CaBalusa</span> <span class='ocrx_word' id='word_1_242' title='bbox 856 1865 1006 1919; x_wconf 63' lang='lat' dir='ltr'><strong><em>[Desi-</em></strong></span> 
     </span>
     <span class='ocr_line' id='line_1_31' title="bbox 1061 1919 1724 1973; baseline -0.006 -12"><span class='ocrx_word' id='word_1_243' title='bbox 1061 1936 1116 1962; x_wconf 84' lang='lat' dir='ltr'><strong><em>ex</em></strong></span> <span class='ocrx_word' id='word_1_244' title='bbox 1139 1922 1262 1960; x_wconf 85' lang='lat' dir='ltr'>malis</span> <span class='ocrx_word' id='word_1_245' title='bbox 1278 1919 1586 1973; x_wconf 78' lang='lat' dir='ltr'>praesentibus.</span> <span class='ocrx_word' id='word_1_246' title='bbox 1617 1919 1724 1957; x_wconf 86' lang='lat' dir='ltr'><strong><em>Nou</em></strong></span> 
     </span>
    </p>
   </div>
   <div class='ocr_carea' id='block_1_9' title="bbox 339 1920 1005 1974">
    <p class='ocr_par' dir='ltr' id='par_1_9' title="bbox 339 1920 1005 1974">
     <span class='ocr_line' id='line_1_32' title="bbox 339 1920 1005 1974; baseline 0 -13"><span class='ocrx_word' id='word_1_247' title='bbox 339 1921 501 1973; x_wconf 68' lang='lat' dir='ltr'><strong><em>cicnsj,</em></strong></span> <span class='ocrx_word' id='word_1_248' title='bbox 541 1920 641 1960; x_wconf 81' lang='lat' dir='ltr'><strong>urbs</strong></span> <span class='ocrx_word' id='word_1_249' title='bbox 672 1931 812 1960; x_wconf 82' lang='lat' dir='ltr'><strong>autem</strong></span> <span class='ocrx_word' id='word_1_250' title='bbox 845 1921 1005 1974; x_wconf 85' lang='lat' dir='ltr'>Hyda-</span> 
     </span>
    </p>
   </div>
   <div class='ocr_carea' id='block_1_10' title="bbox 1829 498 1834 1585">
    <p class='ocr_par' dir='ltr' id='par_1_10' title="bbox 1829 498 1834 1585">
     <span class='ocr_line' id='line_1_33' title="bbox 1829 498 1834 1585; baseline 0 0"><span class='ocrx_word' id='word_1_251' title='bbox 1829 498 1834 1585; x_wconf 95' lang='lat' dir='ltr'><strong><em> </em></strong></span> 
     </span>
    </p>
   </div>
   <div class='ocr_carea' id='block_1_11' title="bbox 335 1977 1005 2816">
    <p class='ocr_par' dir='ltr' id='par_1_11' title="bbox 335 1977 1005 2816">
     <span class='ocr_line' id='line_1_34' title="bbox 339 1977 1005 2032; baseline 0 -17"><span class='ocrx_word' id='word_1_252' title='bbox 339 1977 501 2016; x_wconf 78' lang='lat' dir='ltr'>mardia</span> <span class='ocrx_word' id='word_1_253' title='bbox 526 1977 865 2032; x_wconf 77' lang='lat' dir='ltr'><strong><em>[AquesccniiaJ.</em></strong></span> <span class='ocrx_word' id='word_1_254' title='bbox 927 1978 1005 2015; x_wconf 79' lang='lat' dir='ltr'><strong><em>As-</em></strong></span> 
     </span>
     <span class='ocr_line' id='line_1_35' title="bbox 339 2033 1004 2088; baseline -0.002 -15"><span class='ocrx_word' id='word_1_255' title='bbox 339 2043 503 2073; x_wconf 80' lang='lat' dir='ltr'>sumtos</span> <span class='ocrx_word' id='word_1_256' title='bbox 535 2035 670 2088; x_wconf 85' lang='lat' dir='ltr'>igitur</span> <span class='ocrx_word' id='word_1_257' title='bbox 701 2048 778 2073; x_wconf 85' lang='lat' dir='ltr'><strong><em>nos</em></strong></span> <span class='ocrx_word' id='word_1_258' title='bbox 807 2033 1004 2073; x_wconf 85' lang='lat' dir='ltr'>mulieres</span> 
     </span>
     <span class='ocr_line' id='line_1_36' title="bbox 338 2089 1004 2143; baseline 0.002 -15"><span class='ocrx_word' id='word_1_259' title='bbox 338 2104 456 2128; x_wconf 84' lang='lat' dir='ltr'>suam</span> <span class='ocrx_word' id='word_1_260' title='bbox 490 2104 681 2143; x_wconf 82' lang='lat' dir='ltr'><strong>quaeque</strong></span> <span class='ocrx_word' id='word_1_261' title='bbox 718 2090 887 2128; x_wconf 88' lang='lat' dir='ltr'>domum</span> <span class='ocrx_word' id='word_1_262' title='bbox 921 2089 1004 2129; x_wconf 85' lang='lat' dir='ltr'><strong><em>de-</em></strong></span> 
     </span>
     <span class='ocr_line' id='line_1_37' title="bbox 339 2146 1003 2199; baseline -0.002 -14"><span class='ocrx_word' id='word_1_263' title='bbox 339 2146 517 2196; x_wconf 82' lang='lat' dir='ltr'><strong>ducere,</strong></span> <span class='ocrx_word' id='word_1_264' title='bbox 549 2160 757 2199; x_wconf 87' lang='lat' dir='ltr'>suumque</span> <span class='ocrx_word' id='word_1_265' title='bbox 776 2146 859 2184; x_wconf 85' lang='lat' dir='ltr'>sibi</span> <span class='ocrx_word' id='word_1_266' title='bbox 882 2147 1003 2184; x_wconf 82' lang='lat' dir='ltr'>face-</span> 
     </span>
     <span class='ocr_line' id='line_1_38' title="bbox 338 2201 1000 2255; baseline -0.003 -14"><span class='ocrx_word' id='word_1_267' title='bbox 338 2217 384 2242; x_wconf 81' lang='lat' dir='ltr'><strong><em>re</em></strong></span> <span class='ocrx_word' id='word_1_268' title='bbox 422 2201 648 2255; x_wconf 87' lang='lat' dir='ltr'><strong>hospitem.</strong></span> <span class='ocrx_word' id='word_1_269' title='bbox 717 2203 812 2255; x_wconf 84' lang='lat' dir='ltr'><strong><em>Ego</em></strong></span> <span class='ocrx_word' id='word_1_270' title='bbox 858 2212 1000 2240; x_wconf 85' lang='lat' dir='ltr'><strong>autem</strong></span> 
     </span>
     <span class='ocr_line' id='line_1_39' title="bbox 338 2258 1000 2311; baseline -0.003 -14"><span class='ocrx_word' id='word_1_271' title='bbox 338 2267 564 2298; x_wconf 84' lang='lat' dir='ltr'><strong>cunctatus</strong></span> <span class='ocrx_word' id='word_1_272' title='bbox 590 2260 807 2311; x_wconf 84' lang='lat' dir='ltr'><strong>paullum,</strong></span> <span class='ocrx_word' id='word_1_273' title='bbox 841 2258 911 2296; x_wconf 90' lang='lat' dir='ltr'><strong><em>cui</em></strong></span> <span class='ocrx_word' id='word_1_274' title='bbox 935 2258 1000 2295; x_wconf 84' lang='lat' dir='ltr'><strong><em>ni-</em></strong></span> 
     </span>
     <span class='ocr_line' id='line_1_40' title="bbox 340 2314 997 2368; baseline -0.005 -14"><span class='ocrx_word' id='word_1_275' title='bbox 340 2315 402 2354; x_wconf 87' lang='lat' dir='ltr'><strong><em>hil</em></strong></span> <span class='ocrx_word' id='word_1_276' title='bbox 419 2314 522 2353; x_wconf 91' lang='lat' dir='ltr'>boni</span> <span class='ocrx_word' id='word_1_277' title='bbox 540 2314 799 2368; x_wconf 81' lang='lat' dir='ltr'>praesagiret</span> <span class='ocrx_word' id='word_1_278' title='bbox 814 2315 997 2363; x_wconf 81' lang='lat' dir='ltr'>animus,</span> 
     </span>
     <span class='ocr_line' id='line_1_41' title="bbox 338 2372 999 2423; baseline -0.005 -12"><span class='ocrx_word' id='word_1_279' title='bbox 338 2382 381 2411; x_wconf 84' lang='lat' dir='ltr'><strong><em>ot</em></strong></span> <span class='ocrx_word' id='word_1_280' title='bbox 435 2372 781 2423; x_wconf 74' lang='lat' dir='ltr'>circumspiciens</span> <span class='ocrx_word' id='word_1_281' title='bbox 820 2385 999 2410; x_wconf 74' lang='lat' dir='ltr'><strong><em>accusa-</em></strong></span> 
     </span>
     <span class='ocr_line' id='line_1_42' title="bbox 336 2426 1000 2472; baseline -0.002 -7"><span class='ocrx_word' id='word_1_282' title='bbox 336 2429 448 2472; x_wconf 84' lang='lat' dir='ltr'>tius,</span> <span class='ocrx_word' id='word_1_283' title='bbox 498 2426 624 2466; x_wconf 85' lang='lat' dir='ltr'>video</span> <span class='ocrx_word' id='word_1_284' title='bbox 656 2430 886 2466; x_wconf 83' lang='lat' dir='ltr'>multorum</span> <span class='ocrx_word' id='word_1_285' title='bbox 913 2426 1000 2465; x_wconf 85' lang='lat' dir='ltr'><strong><em>ho-</em></strong></span> 
     </span>
     <span class='ocr_line' id='line_1_43' title="bbox 335 2483 1000 2535; baseline -0.002 -14"><span class='ocrx_word' id='word_1_286' title='bbox 335 2483 497 2521; x_wconf 86' lang='lat' dir='ltr'>minum</span> <span class='ocrx_word' id='word_1_287' title='bbox 539 2498 632 2522; x_wconf 83' lang='lat' dir='ltr'>ossa</span> <span class='ocrx_word' id='word_1_288' title='bbox 661 2487 798 2535; x_wconf 81' lang='lat' dir='ltr'>jacere</span> <span class='ocrx_word' id='word_1_289' title='bbox 823 2493 864 2522; x_wconf 83' lang='lat' dir='ltr'><strong><em>et</em></strong></span> <span class='ocrx_word' id='word_1_290' title='bbox 902 2497 1000 2521; x_wconf 79' lang='lat' dir='ltr'><strong>cra-</strong></span> 
     </span>
     <span class='ocr_line' id='line_1_44' title="bbox 337 2538 999 2592; baseline 0 -16"><span class='ocrx_word' id='word_1_291' title='bbox 337 2539 422 2578; x_wconf 81' lang='lat' dir='ltr'>uia.</span> <span class='ocrx_word' id='word_1_292' title='bbox 481 2541 539 2577; x_wconf 89' lang='lat' dir='ltr'><strong><em>Et</em></strong></span> <span class='ocrx_word' id='word_1_293' title='bbox 572 2542 793 2579; x_wconf 86' lang='lat' dir='ltr'>clamorem</span> <span class='ocrx_word' id='word_1_294' title='bbox 827 2538 999 2592; x_wconf 86' lang='lat' dir='ltr'>quidem</span> 
     </span>
     <span class='ocr_line' id='line_1_45' title="bbox 338 2595 997 2644; baseline 0.002 -13"><span class='ocrx_word' id='word_1_295' title='bbox 338 2597 500 2644; x_wconf 79' lang='lat' dir='ltr'>tollere,</span> <span class='ocrx_word' id='word_1_296' title='bbox 532 2606 573 2634; x_wconf 88' lang='lat' dir='ltr'><strong><em>et</em></strong></span> <span class='ocrx_word' id='word_1_297' title='bbox 589 2610 826 2635; x_wconf 85' lang='lat' dir='ltr'>convocare</span> <span class='ocrx_word' id='word_1_298' title='bbox 843 2595 997 2644; x_wconf 86' lang='lat' dir='ltr'>socios,</span> 
     </span>
     <span class='ocr_line' id='line_1_46' title="bbox 339 2650 999 2704; baseline 0.002 -16"><span class='ocrx_word' id='word_1_299' title='bbox 339 2660 464 2701; x_wconf 80' lang='lat' dir='ltr'>atquc</span> <span class='ocrx_word' id='word_1_300' title='bbox 484 2650 534 2689; x_wconf 76' lang='lat' dir='ltr'><strong><em>ad</em></strong></span> <span class='ocrx_word' id='word_1_301' title='bbox 553 2666 664 2690; x_wconf 82' lang='lat' dir='ltr'>arma</span> <span class='ocrx_word' id='word_1_302' title='bbox 686 2652 770 2699; x_wconf 81' lang='lat' dir='ltr'>ire,</span> <span class='ocrx_word' id='word_1_303' title='bbox 803 2665 890 2690; x_wconf 85' lang='lat' dir='ltr'><strong><em>non</em></strong></span> <span class='ocrx_word' id='word_1_304' title='bbox 908 2654 999 2704; x_wconf 82' lang='lat' dir='ltr'>pla-</span> 
     </span>
     <span class='ocr_line' id='line_1_47' title="bbox 340 2706 999 2746; baseline 0.005 -3"><span class='ocrx_word' id='word_1_305' title='bbox 340 2706 443 2744; x_wconf 85' lang='lat' dir='ltr'><strong>cuit.</strong></span> <span class='ocrx_word' id='word_1_306' title='bbox 503 2708 692 2746; x_wconf 79' lang='lat' dir='ltr'>Malvam</span> <span class='ocrx_word' id='word_1_307' title='bbox 732 2718 873 2746; x_wconf 80' lang='lat' dir='ltr'><strong>autem</strong></span> <span class='ocrx_word' id='word_1_308' title='bbox 917 2706 999 2746; x_wconf 88' lang='lat' dir='ltr'><strong><em>de-</em></strong></span> 
     </span>
     <span class='ocr_line' id='line_1_48' title="bbox 339 2763 997 2816; baseline 0.002 -16"><span class='ocrx_word' id='word_1_309' title='bbox 339 2771 546 2816; x_wconf 80' lang='lat' dir='ltr'>promtam</span> <span class='ocrx_word' id='word_1_310' title='bbox 579 2764 722 2802; x_wconf 81' lang='lat' dir='ltr'>multis</span> <span class='ocrx_word' id='word_1_311' title='bbox 753 2763 892 2803; x_wconf 82' lang='lat' dir='ltr'>verbis</span> <span class='ocrx_word' id='word_1_312' title='bbox 917 2763 997 2803; x_wconf 93' lang='lat' dir='ltr'><strong><em>ob-</em></strong></span> 
     </span>
    </p>
   </div>
   <div class='ocr_carea' id='block_1_12' title="bbox 1053 1974 1726 2760">
    <p class='ocr_par' dir='ltr' id='par_1_12' title="bbox 1053 1974 1726 2760">
     <span class='ocr_line' id='line_1_49' title="bbox 1062 1974 1726 2028; baseline -0.006 -12"><span class='ocrx_word' id='word_1_313' title='bbox 1062 1978 1122 2016; x_wconf 89' lang='lat' dir='ltr'><strong><em>ita</em></strong></span> <span class='ocrx_word' id='word_1_314' title='bbox 1147 1980 1282 2016; x_wconf 84' lang='lat' dir='ltr'><strong>multo</strong></span> <span class='ocrx_word' id='word_1_315' title='bbox 1306 1985 1403 2028; x_wconf 88' lang='lat' dir='ltr'>post</span> <span class='ocrx_word' id='word_1_316' title='bbox 1425 1984 1566 2014; x_wconf 83' lang='lat' dir='ltr'><strong>autem</strong></span> <span class='ocrx_word' id='word_1_317' title='bbox 1588 1974 1726 2013; x_wconf 86' lang='lat' dir='ltr'>mini·-</span> 
     </span>
     <span class='ocr_line' id='line_1_50' title="bbox 1061 2030 1722 2084; baseline -0.006 -12"><span class='ocrx_word' id='word_1_318' title='bbox 1061 2042 1220 2073; x_wconf 87' lang='lat' dir='ltr'>strante</span> <span class='ocrx_word' id='word_1_319' title='bbox 1237 2032 1424 2084; x_wconf 80' lang='lat' dir='ltr'>hospita,</span> <span class='ocrx_word' id='word_1_320' title='bbox 1456 2030 1582 2070; x_wconf 82' lang='lat' dir='ltr'>video</span> <span class='ocrx_word' id='word_1_321' title='bbox 1604 2030 1722 2069; x_wconf 82' lang='lat' dir='ltr'>illius</span> 
     </span>
     <span class='ocr_line' id='line_1_51' title="bbox 1060 2085 1722 2136; baseline -0.006 -8"><span class='ocrx_word' id='word_1_322' title='bbox 1060 2104 1148 2129; x_wconf 88' lang='lat' dir='ltr'><strong><em>non</em></strong></span> <span class='ocrx_word' id='word_1_323' title='bbox 1167 2088 1355 2128; x_wconf 86' lang='lat' dir='ltr'>mulieris</span> <span class='ocrx_word' id='word_1_324' title='bbox 1377 2101 1518 2136; x_wconf 84' lang='lat' dir='ltr'>crura,</span> <span class='ocrx_word' id='word_1_325' title='bbox 1552 2085 1627 2126; x_wconf 86' lang='lat' dir='ltr'><strong><em>sed</em></strong></span> <span class='ocrx_word' id='word_1_326' title='bbox 1643 2100 1722 2124; x_wconf 87' lang='lat' dir='ltr'><strong><em>un-</em></strong></span> 
     </span>
     <span class='ocr_line' id='line_1_52' title="bbox 1060 2144 1722 2200; baseline -0.006 -16"><span class='ocrx_word' id='word_1_327' title='bbox 1060 2149 1181 2200; x_wconf 79' lang='lat' dir='ltr'>gulas</span> <span class='ocrx_word' id='word_1_328' title='bbox 1201 2144 1324 2184; x_wconf 86' lang='lat' dir='ltr'>asini.</span> <span class='ocrx_word' id='word_1_329' title='bbox 1374 2144 1461 2182; x_wconf 90' lang='lat' dir='ltr'><strong><em>Hic</em></strong></span> <span class='ocrx_word' id='word_1_330' title='bbox 1478 2144 1629 2181; x_wconf 87' lang='lat' dir='ltr'>stricto</span> <span class='ocrx_word' id='word_1_331' title='bbox 1648 2155 1722 2181; x_wconf 83' lang='lat' dir='ltr'><strong><em>en-</em></strong></span> 
     </span>
     <span class='ocr_line' id='line_1_53' title="bbox 1057 2198 1723 2253; baseline -0.009 -12"><span class='ocrx_word' id='word_1_332' title='bbox 1057 2217 1102 2242; x_wconf 80' lang='lat' dir='ltr'><strong><em>se</em></strong></span> <span class='ocrx_word' id='word_1_333' title='bbox 1121 2203 1235 2241; x_wconf 85' lang='lat' dir='ltr'>illam</span> <span class='ocrx_word' id='word_1_334' title='bbox 1257 2198 1593 2253; x_wconf 80' lang='lat' dir='ltr'>comprehendo,</span> <span class='ocrx_word' id='word_1_335' title='bbox 1626 2199 1723 2236; x_wconf 85' lang='lat' dir='ltr'>vin-</span> 
     </span>
     <span class='ocr_line' id='line_1_54' title="bbox 1058 2253 1719 2312; baseline -0.009 -15"><span class='ocrx_word' id='word_1_336' title='bbox 1058 2268 1253 2312; x_wconf 83' lang='lat' dir='ltr'><strong>ctamque</strong></span> <span class='ocrx_word' id='word_1_337' title='bbox 1285 2257 1337 2297; x_wconf 79' lang='lat' dir='ltr'><strong><em>de</em></strong></span> <span class='ocrx_word' id='word_1_338' title='bbox 1367 2257 1492 2296; x_wconf 80' lang='lat' dir='ltr'><strong>rebus</strong></span> <span class='ocrx_word' id='word_1_339' title='bbox 1523 2253 1719 2294; x_wconf 79' lang='lat' dir='ltr'>omnibus</span> 
     </span>
     <span class='ocr_line' id='line_1_55' title="bbox 1057 2309 1718 2368; baseline -0.012 -14"><span class='ocrx_word' id='word_1_340' title='bbox 1057 2314 1334 2368; x_wconf 81' lang='lat' dir='ltr'>interrogavi.</span> <span class='ocrx_word' id='word_1_341' title='bbox 1359 2313 1440 2351; x_wconf 84' lang='lat' dir='ltr'>Illa</span> <span class='ocrx_word' id='word_1_342' title='bbox 1463 2311 1600 2350; x_wconf 83' lang='lat' dir='ltr'>invita</span> <span class='ocrx_word' id='word_1_343' title='bbox 1623 2309 1718 2363; x_wconf 89' lang='lat' dir='ltr'>qui-</span> 
     </span>
     <span class='ocr_line' id='line_1_56' title="bbox 1058 2369 1716 2421; baseline -0.011 -11"><span class='ocrx_word' id='word_1_344' title='bbox 1058 2370 1176 2421; x_wconf 81' lang='lat' dir='ltr'>dem,</span> <span class='ocrx_word' id='word_1_345' title='bbox 1224 2369 1298 2410; x_wconf 83' lang='lat' dir='ltr'><strong><em>sed</em></strong></span> <span class='ocrx_word' id='word_1_346' title='bbox 1330 2369 1438 2407; x_wconf 85' lang='lat' dir='ltr'>dicit</span> <span class='ocrx_word' id='word_1_347' title='bbox 1463 2377 1628 2415; x_wconf 80' lang='lat' dir='ltr'><strong>tamen,</strong></span> <span class='ocrx_word' id='word_1_348' title='bbox 1669 2379 1716 2404; x_wconf 82' lang='lat' dir='ltr'><strong><em>se</em></strong></span> 
     </span>
     <span class='ocr_line' id='line_1_57' title="bbox 1058 2421 1715 2471; baseline -0.012 -5"><span class='ocrx_word' id='word_1_349' title='bbox 1058 2428 1240 2466; x_wconf 83' lang='lat' dir='ltr'>marinas</span> <span class='ocrx_word' id='word_1_350' title='bbox 1268 2440 1359 2466; x_wconf 84' lang='lat' dir='ltr'><strong>esse</strong></span> <span class='ocrx_word' id='word_1_351' title='bbox 1388 2424 1606 2471; x_wconf 83' lang='lat' dir='ltr'>mulieres,</span> <span class='ocrx_word' id='word_1_352' title='bbox 1648 2421 1715 2460; x_wconf 93' lang='grc' dir='ltr'><strong><em>Ο-</em></strong></span> 
     </span>
     <span class='ocr_line' id='line_1_58' title="bbox 1057 2478 1714 2535; baseline -0.011 -13"><span class='ocrx_word' id='word_1_353' title='bbox 1057 2486 1273 2522; x_wconf 84' lang='lat' dir='ltr'>nosceleas</span> <span class='ocrx_word' id='word_1_354' title='bbox 1298 2478 1614 2535; x_wconf 64' lang='lat' dir='ltr'><strong><em>[Asinio-uras]</em></strong></span> <span class='ocrx_word' id='word_1_355' title='bbox 1639 2491 1714 2517; x_wconf 89' lang='lat' dir='ltr'><strong><em>vo·</em></strong></span> 
     </span>
     <span class='ocr_line' id='line_1_59' title="bbox 1058 2535 1714 2587; baseline -0.009 -9"><span class='ocrx_word' id='word_1_356' title='bbox 1058 2540 1167 2578; x_wconf 82' lang='lat' dir='ltr'>cari:</span> <span class='ocrx_word' id='word_1_357' title='bbox 1200 2538 1339 2577; x_wconf 90' lang='lat' dir='ltr'>cibum</span> <span class='ocrx_word' id='word_1_358' title='bbox 1367 2535 1450 2574; x_wconf 86' lang='lat' dir='ltr'>sibi</span> <span class='ocrx_word' id='word_1_359' title='bbox 1480 2547 1624 2587; x_wconf 84' lang='lat' dir='ltr'>parare</span> <span class='ocrx_word' id='word_1_360' title='bbox 1659 2547 1714 2573; x_wconf 78' lang='lat' dir='ltr'><strong><em>ex</em></strong></span> 
     </span>
     <span class='ocr_line' id='line_1_60' title="bbox 1058 2589 1713 2641; baseline -0.005 -8"><span class='ocrx_word' id='word_1_361' title='bbox 1058 2593 1382 2634; x_wconf 78' lang='lat' dir='ltr'>advenientibus</span> <span class='ocrx_word' id='word_1_362' title='bbox 1442 2589 1713 2641; x_wconf 80' lang='lat' dir='ltr'>hospitibus:</span> 
     </span>
     <span class='ocr_line' id='line_1_61' title="bbox 1056 2647 1715 2699; baseline -0.009 -9"><span class='ocrx_word' id='word_1_363' title='bbox 1056 2651 1266 2690; x_wconf 76' lang='lat' dir='ltr'><strong><em>inebriatos</em></strong></span> <span class='ocrx_word' id='word_1_364' title='bbox 1292 2650 1414 2697; x_wconf 81' lang='lat' dir='ltr'>enim,</span> <span class='ocrx_word' id='word_1_365' title='bbox 1446 2647 1611 2699; x_wconf 80' lang='lat' dir='ltr'>inquit,</span> <span class='ocrx_word' id='word_1_366' title='bbox 1641 2662 1715 2685; x_wconf 51' lang='lat' dir='ltr'><strong><em>sou</em></strong></span> 
     </span>
     <span class='ocr_line' id='line_1_62' title="bbox 1053 2701 1714 2760; baseline -0.006 -16"><span class='ocrx_word' id='word_1_367' title='bbox 1053 2710 1230 2760; x_wconf 73' lang='lat' dir='ltr'><strong><em>pilosque</em></strong></span> <span class='ocrx_word' id='word_1_368' title='bbox 1278 2708 1315 2742; x_wconf 83' lang='lat' dir='ltr'><strong><em>in</em></strong></span> <span class='ocrx_word' id='word_1_369' title='bbox 1361 2703 1500 2742; x_wconf 77' lang='lat' dir='ltr'><em>lectum</em></span> <span class='ocrx_word' id='word_1_370' title='bbox 1537 2701 1714 2742; x_wconf 78' lang='lat' dir='ltr'><strong><em>adscitae</em></strong></span> 
     </span>
    </p>
   </div>
   <div class='ocr_carea' id='block_1_13' title="bbox 1054 2757 1712 2808">
    <p class='ocr_par' dir='ltr' id='par_1_13' title="bbox 1054 2757 1712 2808">
     <span class='ocr_line' id='line_1_63' title="bbox 1054 2757 1712 2808; baseline -0.008 -7"><span class='ocrx_word' id='word_1_371' title='bbox 1054 2762 1285 2802; x_wconf 73' lang='lat' dir='ltr'><strong><em>invadimus.</em></strong></span> <span class='ocrx_word' id='word_1_372' title='bbox 1347 2760 1428 2798; x_wconf 83' lang='lat' dir='ltr'>llis</span> <span class='ocrx_word' id='word_1_373' title='bbox 1451 2757 1632 2808; x_wconf 82' lang='lat' dir='ltr'>auditis,</span> <span class='ocrx_word' id='word_1_374' title='bbox 1663 2758 1712 2796; x_wconf 79' lang='lat' dir='ltr'><strong><em>il-</em></strong></span> 
     </span>
    </p>
   </div>
  </div>
 </body>
</html>
