1834 3188
412 198 463 228 m
499 196 736 236 Quomouo
772 195 1004 228 fflsTomA
1039 197 1114 227 511¹
1149 196 1340 229 consen.
1508 182 1607 231 549

154 294 266 361 apud
285 293 602 343 Bourdeloiium,
636 303 678 333 et
698 303 896 347 excerpta
918 304 1081 346 nostra,
1115 296 1161 334 in
1187 295 1341 348 quibus
1359 294 1524 349 ἐραστὰς
1543 297 1608 335 le·-

151 353 288 406 gitur‚
322 351 436 405 quod
457 365 534 403 pro
557 348 722 405 ἐργατας
744 350 1046 402 reponendum.
1099 352 1157 390 Et
1179 352 1239 390 sic
1260 352 1413 406 legisse
1436 351 1606 391 videtur

147 407 365 463 Micyllus,
397 417 445 445 ut
465 421 520 446 ex
545 407 741 446 versione
761 416 899 458 patet.
935 408 1065 460 Quare
1085 409 1269 457 historia,
1300 407 1490 462 siquidem
1513 408 1608 446 obi-

149 475 207 503 ier
237 475 272 502 et
301 440 404 502 velut
428 466 648 502 auctarium
669 462 957 516 jucunditatem
986 464 1168 504 additam
1194 465 1356 515 hubent,
1391 464 1609 518 complures

150 531 342 560 amatores
363 519 417 557 ad
444 537 483 558 se
502 519 642 558 allicit.
701 520 852 557 Paucis
876 521 1014 560 verbis
1046 521 1334 593 interpositis,
1368 524 1474 559 male
1498 521 1607 558 scri-

148 576 265 616 bitur
286 585 326 615 et
347 575 605 642 intelligitur
624 575 695 614 hio
713 578 857 614 locus:
888 578 941 617 ἔτι
960 575 1120 619 κάκεῖνο
1141 580 1264 619 εἰπεῖν
1284 576 1417 628 ἄξιον,
1450 575 1509 618 ότι
1528 594 1607 618 ου-

148 634 189 675 δὲ
209 630 383 686 τερπνὸν
409 633 450 673 ἐν
470 628 572 687 αὐτῇ
589 630 633 673 τὸ
641 635 801 699 κομιδῇ
827 637 1033 684 μυθωδες,
1067 636 1134 676 καὶ
1163 631 1206 675 τὸ
1227 639 1306 675 τῶν
1328 636 1503 676 ἐπαίνων
1523 651 1610 686 μα·-

144 695 256 731 λιστα
282 689 520 741 πρόςαντες,
552 683 650 741 παο’
672 686 859 743 ἑκάτερον
887 695 972 738 τοῖς
992 688 1209 733 ἀκούουσιν
1235 689 1396 744 ἠν,μή
1417 688 1488 731 τὸν
1513 704 1607 744 συρ-

148 745 274 799 φετὸν
291 747 357 787 καὶ
375 744 445 787 τὸν
467 743 594 786 πολὺν
612 748 738 797 δῆμον
759 747 994 797 ἔπινοησαι,
1027 743 1121 787 ἄλλοι
1141 744 1237 795 τούς
1256 750 1509 796 δικαστικῶς,
1541 764 1608 787 και

144 802 197 856 νὴ
216 805 295 843 Δία
317 816 623 853 συκοφαντικως
643 803 801 854 ποοςέτι
822 819 865 854 γε
888 799 1227 855 ακροασαμὲνους.
1272 805 1476 842 vertunt:
1508 803 1604 843 Hoc

142 875 295 915 quoque
321 858 401 897 (ῖιοί
427 868 609 906 meretur,
641 875 718 897 'em
749 857 1352 915 Ualdefabulosa7n5q110dque
1378 877 1418 898 ὂΙὶ
1446 859 1602 899 laudem

143 918 411 968 maximopere
442 913 632 961 inclinat,
675 916 854 968 utrinque
886 915 1132 956 audientibus
1158 933 1234 955 non
1266 933 1344 955 esse
1366 915 1600 969 jucundum,

141 972 233 1010 dum
257 986 334 1009 non
360 970 407 1008 cle
419 970 543 1026 faece
562 971 760 1010 hominum
783 982 818 1009 et
838 974 1062 1025 promiscua
1087 972 1198 1026 plebe
1226 973 1301 1012 lzoc
1321 971 1600 1024 intelligamus,

139 1027 208 1067 sed
229 1026 305 1065 cle
291 1029 357 1076 iis,
392 1028 459 1080 qui
481 1026 769 1078 judicantium,
803 1044 851 1067 ac
870 1045 939 1081 per
961 1028 1114 1080 Jovem,
1146 1029 1408 1085 sycophaniaz
1412 1045 1474 1067 um
1496 1045 1602 1068 more

139 1083 378 1123 auscultant.
420 1081 496 1134 Μὴ
519 1084 696 1135 ponitur
717 1083 888 1137 quidem
910 1098 1217 1137 nonnunquam
1236 1100 1312 1138 pro
1331 1087 1429 1135 nisi,
1461 1084 1565 1124 sed
1554 1099 1601 1123 m

138 1140 218 1178 hac
249 1140 428 1178 notione
452 1154 541 1178 non
567 1140 742 1178 memini
770 1140 1033 1179 infinitivum
1065 1143 1199 1196 sequi.
1272 1136 1382 1194 Hoco'
1413 1140 1603 1194 ἑκάτερον

138 1193 377 1244 ἀκούοντες,
410 1195 763 1248 interpretantur,
795 1199 974 1267 utrinque
1000 1197 1218 1248 audiente33
1252 1198 1364 1266 quod
1394 1197 1498 1265 quid
1530 1199 1601 1248 sit,

141 1267 230 1290 non
261 1252 473 1306 intelligo.
534 1253 639 1291 Mss.
672 1262 810 1292 recte:
842 1251 940 1307 παρ’
969 1253 1160 1305 ἑκάτερον
1187 1251 1431 1301 ακούουσιν,
1464 1251 1518 1307 ἢν
1547 1254 1600 1307 μὴ

139 1307 209 1350 τὸν
235 1308 436 1362 συοφετὸν
464 1309 532 1349 καὶ
559 1306 629 1350 τὸν
654 1307 783 1350 πολὺν
808 1313 941 1374 ιδημου
970 1311 1141 1361 ἐπινοεῖ,
1175 1313 1216 1349 in
1249 1322 1429 1365 utroque,
1458 1313 1527 1350 vel
1559 1313 1601 1349 in

140 1368 286 1404 uirmis
307 1380 458 1414 eorum,
493 1364 672 1413 (fabulis
697 1379 750 1407 sc.
774 1365 942 1416 nimiis,
977 1377 1019 1405 et
1050 1368 1239 1419 operosis
1261 1366 1488 1421 laudibus)
1521 1382 1602 1405 au-

141 1421 333 1460 clientibus
354 1438 432 1461 non
456 1421 779 1475 essejucunclum‚
811 1425 846 1461 si
866 1423 1110 1491 nonfaecem
1129 1423 1254 1477 plebis
1270 1435 1305 1462 et
1322 1423 1459 1476 vulgus
1483 1440 1603 1474 cogi-

139 1489 213 1526 iet,
247 1477 315 1516 secl
344 1494 419 1517 eos.
486 1476 536 1519 Τὸ
566 1482 646 1518 τῶν
672 1480 847 1520 ἐπαίνων
880 1479 1045 1532 μάλιστα
1072 1479 1310 1532 πρόςαντες,
1342 1489 1442 1517 sunt
1465 1479 1604 1518 laudes

140 1537 304 1583 nimiae,
337 1550 436 1588 quae
462 1533 668 1589 offendunt
699 1535 893 1574 audientis
916 1538 1101 1575 animum.
1160 1537 1230 1576 Sic
1253 1535 1456 1589 ποοςάντη
1477 1537 1559 1589 λέγε
1565 1552 1603 1576 ιν

139 1589 253 1643 apud
275 1590 395 1632 Diod.
419 1590 501 1630 Sic.
525 1605 570 1629 ea
592 1590 754 1642 dicere,
789 1606 897 1645 quae
921 1593 1086 1647 ingrata
1114 1603 1236 1642 sunt,
1270 1604 1313 1632 et
1330 1591 1603 1646 indignatio-

136 1661 232 1686 nem
252 1655 439 1687 movent.
487 1647 665 1687 GnAEv.

252 1702 352 1741 Εαίῖ-
368 1705 398 1743 l·
421 1709 459 1747 3-
485 1699 709 1757 Εργοῖτας)
741 1702 1522 1759 Αης1.ἐοαστας.Βουιω.Ἐραστὰς
1542 1717 1603 1743 re-

140 1758 328 1812 cepimus
356 1758 400 1796 in
435 1768 621 1805 textum,
662 1761 712 1800 P.
745 1761 870 1800 etiam
901 1763 1210 1801 consentiente.
1275 1762 1457 1816 Vulgata
1485 1760 1601 1799 enim

137 1816 270 1855 nihili
291 1828 461 1867 prorsus
479 1824 555 1854 est.
593 1816 749 1855 Exstat
769 1827 906 1856 tamen
933 1818 976 1856 in
997 1819 1061 1859 M.
1094 1819 1261 1857 SoLAN.
1321 1818 1518 1856 Fortasse
1541 1830 1603 1853 re-

138 1871 287 1925 spexit
312 1869 362 1909 ad
383 1870 489 1909 illud
509 1870 721 1911 Platonis
711 1888 754 1910 in
777 1872 991 1924 Phaedro,
1023 1874 1136 1928 quod
1158 1874 1365 1927 expressit
1386 1874 1510 1912 etiam
1538 1871 1603 1912 Ci-

139 1943 225 1968 cero
251 1926 301 1967 de
326 1925 450 1966 Offic.
473 1927 507 1967 I.
529 1941 563 1966 c.
587 1931 627 1972 5.
669 1929 790 1970 Run.
850 1931 997 1968 Locus
1028 1939 1092 1969 est
1126 1930 1234 1969 Plat.
1266 1929 1444 1968 Phaedr.
1474 1943 1508 1966 c.
1534 1930 1604 1972 65.

126 1983 254 2036 ’Όψις
271 1980 366 2035 ημῖν
395 1979 564 2050 ὀξυτάτη
595 2002 674 2026 των
704 1983 770 2027 δια
797 1991 870 2028 τοῦ
901 1985 1082 2053 σῴματος
1110 1987 1258 2040 ἔρχεται
1288 1983 1541 2038 αισθησεων,
1573 1978 1603 2040 ᾗ

139 2039 341 2093 φοόνησις
362 2035 435 2093 οὐχ
455 2037 616 2092 ὁρᾶται·
645 2039 834 2091 δεινοὺς
825 2041 900 2097 γὰρ
930 2039 982 2083 ἆυ
1005 2048 1190 2096 παρεῖχεν
1208 2044 1375 2110 ἔρωτας,
1412 2043 1502 2082 εἴτι
1521 2058 1602 2082 τοι-

140 2103 260 2139 οῦτον
285 2097 428 2146 ἑαυτῆς
448 2097 608 2149 {moyes
628 2101 796 2141 εἴδωλον
817 2101 1023 2153 παρείχετο
1046 2101 1101 2147 εἰς
1125 2099 1223 2150 ὄψιν
1246 2097 1322 2140 ἰόν
1386 2097 1482 2137 Vid·
1508 2096 1598 2137 Car·

136 2153 264 2194 Beier.
294 2151 347 2192 ad
378 2151 573 2192 Ciceronis
601 2156 766 2204 locum,
800 2156 875 2208 qui
904 2155 1074 2209 quidem
1103 2156 1170 2193 vir
1197 2154 1428 2207 multiplici
1453 2162 1494 2192 et
1515 2168 1602 2192 ex-

141 2208 302 2263 quisita
325 2208 557 2246 instructus
578 2208 771 2250 doctrina
792 2212 920 2250 alium
942 2211 1128 2251 contulit
1144 2211 1328 2265 ejusdem
1348 2210 1427 2250 Cic.
1442 2212 1599 2261 locum,

139 2265 216 2304 ubi
240 2263 419 2304 Platonis
443 2265 663 2303 sententia
673 2268 804 2321 magis
834 2267 960 2306 etiam
982 2268 1034 2307 ad
1063 2267 1188 2307 verba
1211 2281 1404 2319 expressa
1427 2266 1599 2319 legitur,

141 2321 193 2360 de
213 2320 356 2359 Finib.
377 2320 446 2366 ΙΙ,
470 2325 543 2368 16,
563 2326 631 2364 32.
664 2322 859 2362 Ceterum
874 2323 1087 2364 Platonica
1107 2323 1275 2378 quidem
1297 2323 1505 2361 sententia
1526 2335 1601 2374 pet

142 2392 186 2416 se
210 2379 337 2429 longe
360 2375 442 2414 alia
471 2385 553 2425 est,
587 2391 635 2416 ac
655 2378 882 2419 Lucianea:
914 2389 1093 2431 utraque
1126 2393 1226 2418 vero
1254 2378 1396 2418 eadem
1421 2379 1508 2418 fere
1527 2392 1600 2416 ra-

143 2434 263 2472 tione
285 2431 527 2484 proposit33
558 2443 605 2470 ut
629 2448 727 2472 sane
746 2435 949 2484 Lucieno,
983 2435 1280 2475 Platonicorum
1311 2434 1466 2473 cultori
1491 2449 1603 2488 gna-

141 2490 335 2536 rissimo,
382 2488 566 2526 formula
603 2489 676 2528 illa
707 2467 1006 2530 venustissiina
1043 2491 1265 2530 obversata
1298 2491 1432 2529 fuisse
1463 2490 1601 2531 videri

139 2545 476 2598 possit‚L1:11M.

255 2600 356 2642 Eacl
379 2603 407 2639 1.
432 2606 471 2643 6.
493 2597 590 2641 ΓὈιτι.
621 2595 713 2642 οὐδὲ
743 2624 798 2633 -·-
826 2595 952 2653 ἦν)
951 2600 1036 2643 Ὀτι
1056 2598 1150 2644 ουδὲ
1183 2602 1352 2657 τερπνὸν
1379 2604 1422 2645 ἐν
1439 2599 1539 2660 αὐτῇ
1555 2602 1599 2645 τὸ

144 2660 291 2722 κομιδῇ
318 2660 528 2724 μυθῶδες,
559 2658 626 2697 καὶ
655 2655 698 2696 τὸ
725 2663 803 2699 τῶν
832 2660 1006 2699 ἐπαίνων
1034 2657 1202 2711 μάλιστα
1230 2659 1467 2711 πρόςαντες,
1500 2657 1599 2714 παο”

144 2710 330 2769 ἑκάτερον
351 2719 434 2763 τοῖς
459 2709 678 2756 ἀκούουσιν
697 2714 762 2767 ἡν.
822 2713 1020 2769 Indignis
1048 2715 1186 2756 modis
1207 2715 1478 2756 confundunt
1501 2718 1602 2758 vio-
