1834 3188
260 205 362 254 534
621 216 1380 249 ADNOTATIONES

262 328 402 358 autem
439 317 500 356 sic
531 316 634 356 satis
660 318 911 355 consulatur
956 313 1164 353 orationis
1194 312 1423 368 dignitati,
1465 313 1727 367 dubitarem3

262 375 349 414 nisi
372 372 538 428 aliquid
561 373 612 412 de
625 372 786 412 comica
803 369 978 411 licentia
992 370 1174 410 Luciano
1189 370 1368 410 concedi
1386 369 1586 414 viderem.
1618 373 1728 411 Nol-

261 434 344 472 lem
363 440 504 470 tamen
526 429 598 468 hic
628 429 674 468 in
697 439 781 468 tam
808 427 926 483 gravi
957 437 1204 481 argumento
1225 427 1331 467 vilia
1365 427 1448 467 ista
1473 437 1514 467 et
1533 442 1727 481 pannosa

263 487 475 541 conspici.
535 485 681 541 (Haec
702 484 875 538 quidem
896 484 1068 524 Solanus
1089 485 1270 523 fortasse
1296 483 1533 524 delicatius.
1577 486 1728 525 Posset

263 544 309 583 in
335 553 516 584 mentem
539 543 684 584 venire
706 545 942 596 περιβαλεῖν.
1001 540 1084 582 Sed
1105 540 1217 579 nihil
1238 540 1306 578 his
1329 555 1449 594 opus.
1480 540 1628 597 Pam.)
1657 543 1730 581 De

264 597 319 650 ὦς
338 602 433 650 ἔπος
459 602 604 651 εἰπεῖν,
632 599 755 654 Leop.
777 603 868 642 166.
891 597 972 638 Cic.
991 599 1146 648 vertit,
1182 596 1290 653 quod
1324 600 1395 637 rite
1414 597 1570 640 dicitur.
1631 598 1729 652 Qua

265 657 318 698 de
348 672 392 698 re
417 659 663 696 luculentus
693 665 757 695 est
778 654 957 696 Platonis
977 657 1099 694 locus
1121 660 1225 698 Πολ.
1249 656 1305 704 A,
1329 653 1428 693 Ald.
1448 653 1529 696 Ed.
1553 669 1594 708 p.
1616 661 1655 700 8.
1675 654 1728 696 B.

264 713 336 756 τὸν
368 712 422 764 ὦς
451 714 546 763 ἔπος
577 715 699 755 εἰπεῖν
726 709 755 766 ἢ
782 710 853 754 τὸν
878 708 1037 768 ἀκριβεῖ
1057 710 1183 767 λόγῳ,
1224 725 1310 765 quo
1340 711 1469 751 facile
1495 711 1728 762 evincitur,

264 769 397 824 vulgo,
430 785 518 810 non
540 773 632 820 rite,
664 768 925 825 significari;
957 768 1043 807 nisi
1062 770 1176 810 forte
1195 782 1273 807 nos
1294 767 1403 807 illud
1423 769 1494 807 rite
1512 781 1642 821 prave
1664 768 1735 806 in..

266 827 515 881 terpretari,
557 825 673 882 quod
705 841 785 881 ego
817 825 920 865 hinc
948 825 1173 877 existimo,
1213 827 1420 865 solemus:
1462 824 1549 863 nisi
1581 825 1731 865 forsan

267 884 360 923 illic
381 897 458 937 pro
481 886 552 923 rite
575 883 676 923 trite
698 881 922 938 legendum
941 892 1019 923 est.
1051 884 1218 924 somn.
1279 881 1374 922 Rite
1394 890 1459 920 est
1486 897 1593 922 more
1612 881 1733 936 vulgo

267 952 439 996 recepto,
479 951 515 979 et
542 957 633 982 usus
664 939 918 980 diuturnitate
952 943 1067 995 quasi
1091 943 1258 982 sancito.
1335 940 1445 979 Trite
1470 937 1517 977 in
1549 937 1734 980 Cicerone

269 996 472 1052 equidem
501 996 790 1051 perhorresce.
830 997 990 1037 LEnM.

379 1076 485 1118 Ibid.
511 1073 608 1118 Ἑνὶ
623 1077 898 1131 παραβαλεῖν)
929 1075 1040 1118 Vide
1060 1075 1325 1131 Paroemiog.
1354 1076 1534 1117 BOURD·

377 1156 482 1196 Εαιῖ.
505 1159 535 1198 1.
557 1161 596 1201 6.
623 1153 725 1199 Ἀλλ’
748 1152 826 1209 εἶφ’
855 1151 904 1199 οὗ
924 1153 979 1209 δὴ
1001 1153 1052 1198 τοὶ
1073 1156 1115 1197 ἐν
1133 1157 1229 1198 ποσὶ
1249 1159 1372 1197 ταῦτα
1391 1153 1622 1207 κεκίνηται)
1654 1153 1734 1192 Li·

267 1211 338 1251 bet
367 1213 440 1252 hic
468 1214 657 1254 mISereri
679 1224 845 1253 .sortem
868 1213 1118 1259 humanam,
1152 1222 1194 1253 et
1229 1212 1455 1267 imperium
1484 1211 1565 1250 fati
1597 1211 1644 1249 in
1666 1209 1735 1249 fa-

265 1283 374 1310 mam
399 1269 588 1310 virorum
614 1269 866 1318 illustrium,
916 1279 960 1310 et
985 1269 1189 1323 temporis
1225 1268 1406 1322 injurias
1440 1267 1487 1306 in
1515 1268 1662 1308 literas
1691 1276 1736 1306 et

266 1336 540 1367 monumenta
570 1325 790 1368 historica.
848 1326 960 1366 Ecce
981 1341 1035 1366 ex
1055 1336 1177 1366 tanto
1209 1325 1513 1365 historicorum
1536 1337 1734 1372 numero,

268 1397 450 1436 quorum
472 1382 792 1422 multitudinem
823 1383 1095 1437 perstringit,
1129 1392 1171 1422 et
1193 1382 1377 1435 satyrice
1404 1379 1556 1420 irridet
1576 1380 1738 1420 Lucia*

267 1456 361 1490 nus,
397 1440 493 1495 quis
522 1454 658 1493 usque
681 1438 733 1478 ad
762 1454 839 1479 nos
872 1439 1078 1479 duravit?
1126 1439 1212 1478 imo
1246 1441 1366 1493 cujus
1392 1451 1548 1476 nomen
1570 1446 1738 1475 tantum

266 1507 415 1536 notum
444 1496 537 1536 est?
570 1497 616 1537 Si
637 1510 723 1535 non
744 1511 820 1550 per
844 1495 1111 1550 Capitolinum
1130 1496 1264 1545 foret,
1298 1494 1374 1550 qui
1396 1493 1441 1532 in
1464 1494 1528 1535 M.
1551 1492 1740 1532 Antoni·

269 1567 325 1591 no
347 1563 389 1592 et
411 1553 524 1592 Vero
556 1555 701 1606 jejune
726 1563 768 1592 et
791 1552 1037 1592 brevissime
1061 1551 1228 1605 aliquid
1255 1551 1305 1591 de
1336 1551 1389 1589 iis
1416 1549 1581 1590 bellicis
1603 1563 1738 1589 even-

267 1609 381 1647 tibus
411 1608 675 1663 muginavst,
706 1609 884 1648 omnino
913 1609 1227 1663 ignoraremus,
1262 1607 1313 1647 de
1336 1621 1423 1660 quo
1454 1607 1568 1646 bello
1601 1606 1740 1645 intel-

267 1665 345 1719 ligi
366 1665 568 1706 deberent
593 1664 697 1705 haec
719 1665 895 1706 Luciani
917 1665 1058 1706 verba.
1120 1664 1272 1704 Clades
1298 1664 1434 1718 igitur
1457 1677 1506 1702 ea
1525 1663 1571 1700 in
1591 1663 1739 1701 Arme-

268 1723 339 1760 nia
359 1732 532 1774 accepta
554 1721 664 1773 fuit,
695 1721 867 1775 quando
888 1720 1148 1762 Severianus
1166 1721 1344 1760 natione
1366 1719 1489 1759 Celta
1505 1723 1671 1772 legatus
1695 1727 1740 1757 et

270 1776 358 1816 dux
398 1779 584 1817 Romani
620 1778 831 1817 exercitus
872 1787 1020 1817 contra
1065 1776 1230 1817 Osroen
1274 1790 1415 1830 regem
1455 1775 1637 1825 missus,
1687 1774 1738 1813 ab

271 1834 492 1887 Othryade
517 1833 701 1888 quodam
722 1833 974 1873 Parthorum
1003 1832 1110 1874 duce
1136 1848 1279 1874 caesus
1299 1843 1384 1883 est,
1418 1842 1461 1872 et
1488 1832 1640 1882 copiae
1661 1830 1740 1870 de·-

269 1894 401 1939 letae‚
435 1901 484 1930 ut
517 1906 596 1931 nos
628 1890 754 1930 docet
778 1890 986 1930 Lucianus
1017 1889 1089 1930 hic
1123 1900 1164 1930 et
1188 1905 1316 1943 supra
1350 1890 1396 1927 in
1420 1888 1740 1930 Pseudomanti.

272 1947 518 1987 Continuae
541 1961 640 1987 vero
665 1947 892 1996 victoriae,
923 1946 974 1986 de
997 1947 1153 2000 quibus
1172 1945 1245 1985 hic
1265 1945 1463 2000 loquitur
1477 1945 1651 1990 Noster,=
1673 1943 1743 1981 in-

271 2004 410 2058 telligi
437 2003 592 2044 debent
614 2002 664 2043 de
686 2004 798 2043 bello
822 2002 1023 2042 Parthico
1038 2036 1048 2053 ‚
1082 2002 1197 2057 quod
1220 2013 1318 2055 post
1345 2001 1459 2040 illam
1480 2000 1525 2039 in
1538 1999 1740 2040 Armenia

272 2059 432 2099 cladem
455 2070 617 2114 gestum
643 2070 704 2099 est
725 2074 801 2114 per
824 2059 1154 2113 quadriennium
1170 2092 1180 2109 ,
1215 2058 1393 2097 ducibus
1417 2057 1554 2097 Statio
1575 2057 1738 2107 Prisco,

271 2115 433 2156 Avidio
466 2116 641 2163 Cassio,
678 2126 722 2156 et
753 2116 917 2156 llrlartio
946 2115 1082 2166 Vero,
1117 2115 1190 2170 qui
1218 2114 1401 2154 Parthos
1434 2113 1487 2153 ad
1516 2114 1739 2164 Europum

273 2172 449 2213 Mediae
468 2171 613 2211 urbem
639 2173 828 2212 maxima
856 2170 973 2212 clade
996 2172 1250 2223 affecerunt,
1279 2170 1525 2221 Armeniam
1548 2169 1740 2210 vindica-

273 2239 395 2280 runt,
429 2229 645 2269 Artaxatis
668 2229 825 2283 captis‚
858 2229 1177 2281 etBabylonem
1200 2243 1336 2282 usque
1360 2235 1660 2279 penetrarunt,
1691 2234 1741 2264 ut

276 2284 477 2324 discimus
500 2300 553 2325 ex
576 2284 703 2325 dictis
727 2285 943 2339 Capitolini
965 2287 1084 2326 locis.
1145 2285 1248 2324 Fuit
1268 2284 1467 2338 profecto
1487 2283 1670 2337 insignis
1692 2296 1741 2320 ea

276 2341 518 2395 expeditio,
548 2352 591 2383 et
621 2356 730 2395 quae
755 2345 905 2395 procul
935 2341 1067 2382 dubio
1095 2344 1249 2382 famam
1283 2339 1539 2386 merebatur;
1574 2337 1647 2378 sed
1680 2337 1740 2375 ite

278 2399 412 2438 famae
432 2398 549 2438 avidi
580 2396 859 2450 homunculi,
891 2409 933 2438 et
963 2410 1178 2438 aeternum
1202 2412 1357 2437 nomen
1382 2406 1547 2449 sperate
1570 2409 1622 2434 ex
1637 2393 1741 2432 fuci·

277 2455 453 2494 notibus
480 2456 652 2504 vestris,
684 2469 864 2509 quorum
891 2457 1135 2495 memoriam
1163 2469 1298 2508 pauca
1319 2456 1459 2493 secula
1481 2451 1651 2504 penitus
1672 2450 1741 2487 ab·

281 2512 418 2561 olent,
461 2526 539 2551 nos
568 2521 679 2567 certe
714 2521 763 2550 ut
791 2511 1022 2564 plurimum
1060 2516 1157 2566 plus
1189 2525 1314 2565 quam
1350 2508 1541 2549 Lethaea
1575 2506 1739 2546 oblivio

281 2577 431 2605 manet.
474 2569 623 2609 PALM.

390 2633 490 2672 Essa.
508 2639 534 2676 1.
557 2640 597 2679 7.
624 2632 702 2680 Ἐν
724 2637 847 2688 ποσὶ)
880 2636 950 2676 Sic
971 2636 1101 2688 Long.
1120 2635 1228 2677 Past.
1250 2634 1305 2673 L.
1321 2639 1358 2676 2.
1377 2647 1419 2685 p.
1444 2635 1510 2676 64.
1532 2630 1612 2671 Ed.
1635 2630 1739 2670 Jun-

278 2705 399 2739 ,ξεν-ην.
429 2693 547 2742 cujus
582 2692 717 2733 dictio
745 2708 840 2732 cum
864 2694 1010 2732 Nostro
1044 2691 1270 2744 plurimum
1297 2688 1521 2728 consentit.
1580 2687 1651 2728 Sic
1673 2702 1741 2726 su·V

284 2759 377 2797 Psa-
411 2746 582 2800 Njgsin.
606 2749 640 2801 ξ.
668 2755 708 2794 7.
772 2749 857 2799 Ubi
883 2749 967 2790 vid.
992 2750 1236 2800 Interprett.
1254 2745 1437 2790 „Rm'ra
