1834 3188
287 177 386 226 592
639 187 1393 220 annornm-ronias

286 289 442 331 clarior
469 286 687 337 reddatur,
722 301 769 324 ac
793 286 985 338 plenior,
1018 286 1253 336 sententia,
1285 289 1455 341 vulgata
1486 302 1585 328 vero
1615 289 1737 329 verba

284 345 461 387 nonnisi
483 360 574 383 cuin
606 345 813 398 argutiori
842 343 1158 395 explicatione,
1191 346 1354 398 qualem
1389 343 1514 382 finxit
1540 344 1738 394 Gesnerus,

283 414 393 443 stare
417 401 611 454 possint:
651 410 763 438 recte
796 398 900 437 mihi
924 398 1101 439 Reitzius
1134 397 1280 454 ὀοθίαν
1308 399 1534 440 inseruisse
1553 402 1736 443 videtur.

281 461 438 500 LmrM.

396 514 500 554 Eacl.
519 516 549 554 1.
569 518 606 557 6.
643 509 734 554 Ἐπὶ
765 530 808 554 κε
800 509 919 567 ὀως)
963 510 1090 551 Conf.
1123 511 1276 551 iterum
1310 526 1346 552 c.
1373 517 1438 557 37.
1468 511 1596 566 hujus
1622 514 1738 553 Dial.

282 574 449 614 SOLAN.

394 627 496 666 Eacl.
516 630 544 668 1.
565 632 605 669 7.
628 623 805 668 ’Ἄπαντα
833 627 870 675 ἐξ
902 624 1052 679 ιῖοχῆς)
1085 625 1298 664 Habemus
1324 625 1395 664 hic
1419 625 1556 678 capita
1580 640 1739 665 summa

280 699 418 725 rerum
436 684 481 721 in
506 697 555 722 eo
578 683 690 723 bello
721 692 946 736 gestarum.
1006 683 1164 721 Deleto
1186 683 1296 720 enim
1321 682 1363 719 in
1389 681 1585 721 Armenia
1609 682 1741 722 Seve-

281 742 427 786 riano,
460 739 608 778 Parthi
638 741 804 792 Syriam
837 739 1105 789 invaserunt3
1147 738 1260 777 unde
1291 753 1311 775 a
1346 738 1492 777 Cassio
1523 740 1739 788 summoti,

281 797 467 851 propriis
486 795 660 834 urbibus
687 797 904 834 consulere
924 795 1062 834 coacti
1082 804 1204 843 sunt,
1231 808 1404 847 quarum
1431 804 1569 834 tamen
1590 810 1741 850 magna

281 868 377 908 pars
417 863 564 905 captae
597 862 640 891 et
672 851 928 891 combustae.
996 852 1049 891 In
1083 852 1236 900 titulo,
1286 865 1407 904 quem
1438 851 1579 889 statim
1611 853 1740 906 leges,

283 910 437 949 omissa
463 919 525 947 est
545 907 683 959 Syria.
717 910 886 948 SOLAN.

394 964 547 1006 Ead.1.
573 969 612 1007 9.
652 966 833 1019 Τίγρητι)
866 963 938 1004 Sic
967 963 1167 1002 scribitur
1188 964 1231 1002 in
1258 965 1320 1005 M.
1342 964 1394 1004 L.
1417 972 1458 1002 et
1486 964 1742 1004 recentiori·

280 1023 360 1061 bus
383 1020 493 1060 Edd.
516 1021 567 1061 Β.
590 1027 627 1064 2.
658 1021 747 1061 Par.
778 1022 821 1060 S.
851 1030 893 1058 et
924 1022 1058 1059 Amst.
1116 1023 1174 1058 At
1193 1021 1235 1058 in
1259 1030 1365 1060 antt.
1396 1019 1562 1074 Τίγριτι,
1596 1032 1741 1060 cont-ra

281 1093 406 1132 quam
440 1077 667 1117 observant
685 1077 907 1131 I-Iesyclzz'us
937 1085 978 1114 et
1002 1076 1159 1119 Suiclas,
1222 1076 1329 1117 Vide
1358 1087 1496 1116 tamen
1520 1091 1556 1116 c.
1582 1082 1648 1121 19.
1667 1078 1741 1116 ubi

277 1144 392 1174 recte
417 1134 460 1171 in
483 1132 680 1172 omnibus
704 1132 918 1171 scribitur.
952 1133 1120 1172 SOLAN.

389 1200 492 1241 Ead.
515 1203 542 1241 1.
565 1205 629 1243 10.
663 1200 993 1254 Συγγεγραφέναι
1019 1201 1148 1253 φησὶ)
1180 1201 1244 1239 Ita
1266 1200 1442 1240 Photius.
1502 1200 1630 1239 Forte
1651 1199 1745 1238 An-

277 1258 451 1299 tiochus
474 1256 675 1310 Sophista
699 1256 829 1305 Cilix,
853 1255 903 1296 de
928 1271 1012 1310 quo
1033 1257 1298 1296 Philostraius
1318 1258 1371 1296 L.
1391 1257 1451 1296 II.
1473 1255 1524 1295 de
1542 1257 1642 1295 vitis
1663 1256 1740 1298 So-

275 1316 535 1370 phistarum‚
568 1312 641 1351 ubi
662 1327 750 1352 eam
772 1312 992 1352 historiam
1014 1314 1235 1367 scripsisse
1258 1313 1332 1352 ait.
1372 1314 1442 1352 LA
1465 1313 1627 1354 CnozE.

387 1392 489 1434 Ead.
512 1395 538 1432 l.
561 1398 624 1437 13.
660 1390 860 1445 Δόλιχον)
893 1392 1009 1431 Mire
1029 1391 1139 1430 hanc
1161 1406 1309 1431 vocem
1333 1390 1492 1440 suidas,
1525 1401 1581 1442 et,
1615 1407 1739 1446 quem

274 1452 365 1491 illic
384 1449 609 1498 exscribit,
640 1449 925 1502 Atistoplzanis
947 1448 1202 1487 scholiastes
1225 1449 1583 1517 interpretantur3
1616 1459 1664 1488 ut
1686 1465 1739 1488 ex

274 1509 334 1548 eis
360 1506 463 1546 certi
494 1505 606 1543 nihil
635 1506 733 1544 elici
758 1506 908 1557 possit.
969 1506 1073 1544 Xen.
1100 1504 1176 1542 sub
1202 1504 1325 1542 finem
1350 1504 1423 1545 IV.
1455 1500 1588 1557 Ἀναβ.
1610 1508 1740 1559 pueris·

275 1563 483 1611 stadium,
514 1561 582 1599 uti
606 1571 648 1599 et
667 1561 788 1601 Faus.
818 1565 917 1610 179,
942 1567 978 1605 3.
1002 1560 1175 1609 tribuit,
1205 1563 1299 1598 viris
1321 1558 1494 1613 δόλιχον.
1525 1561 1659 1599 Erant
1681 1571 1739 1600 et-

274 1620 357 1658 iam
381 1617 562 1656 Athenis
589 1631 815 1669 puerorum
844 1618 1097 1655 certamina:
1127 1617 1273 1655 idibem.
1306 1620 1401 1660 495.
1431 1618 1478 1655 F.
1539 1618 1675 1656 Erant
1695 1628 1738 1657 et

274 1674 526 1728 Olympiae:
563 1673 682 1714 Paus.
711 1674 844 1712 Eliac.
869 1673 927 1711 II.
989 1672 1070 1712 Sed
1094 1687 1299 1725 nusquam
1332 1673 1393 1710 eis
1425 1671 1582 1727 δόλιχον
1603 1674 1736 1712 tribui

273 1732 417 1771 video.
477 1729 576 1768 Nisi
609 1730 777 1778 forsan,
811 1737 858 1766 ut
878 1729 981 1767 viris
1013 1730 1136 1768 etiam
1159 1738 1246 1767 e1at
1278 1727 1482 1779 stadium,
1515 1730 1593 1786 (V
1616 1730 1734 1771 Pctus.

274 1793 370 1837 180
392 1784 459 1841 3.)
483 1786 542 1823 ita
569 1794 610 1824 et
628 1785 769 1837 pueris
794 1783 945 1837 ὃόλιχος
968 1784 1360 1824 fuerit.7⁷01·siius
1379 1782 1586 1840 ἀγώνισμα
1607 1786 1737 1825 curule

273 1845 400 1894 facit,
441 1852 677 1894 testemque
720 1840 896 1879 adducit
931 1841 1139 1894 Αιίεἰορζ,
1181 1840 1322 1880 Schol.
1357 1855 1397 1893 p.
1427 1845 1523 1886 559
1566 1844 1734 1883 SOLAN.

271 1902 325 1940 D'
345 1897 484 1940 Orvill.
511 1896 562 1935 ad
587 1897 736 1939 Clzariz.
764 1912 803 1949 p.
823 1903 920 1961 388.
959 1897 1272 1960 „Notissirnum
1297 1907 1359 1935 est
1382 1898 1593 1937 variarum
1619 1909 1734 1937 aeta-

273 1967 363 1997 tum
387 1968 541 2009 pueros
565 1953 795 1994 decertasse
827 1954 869 1990 in
899 1954 1011 1992 ludis
1041 1953 1222 2007 graeciS,
1257 1961 1298 1991 et
1321 1952 1390 1990 cui
1416 1953 1611 2004 ignotum
1631 1953 1734 1996 δόλι·

271 2031 343 2069 χον
377 2010 565 2060 σταδιον,
599 2009 835 2050 curriculum
865 2009 1038 2063 longum.
1098 2009 1269 2048 Lucian.
1297 1998 1379 2062 Qu.
1411 2010 1529 2050 Hist.
1555 2010 1731 2050 Conscr.

270 2085 312 2124 p.
332 2075 399 2113 41.
430 2073 498 2121 (c.
520 2071 589 2111 30.
601 2069 622 2116 )
655 2063 811 2118 δόλιχον
836 2067 878 2107 ἒν
912 2068 1022 2107 παισὶ
1052 2063 1261 2118 νενικήκεμ
1304 2064 1380 2102 ubi
1404 2059 1561 2106 frustia
1586 2065 1734 2107 haeret

271 2126 455 2167 Solanus.
463 2126 492 2147 “
546 2122 769 2161 Lucianus
792 2121 864 2160 hic
883 2122 1061 2161 fortasse
1082 2131 1143 2160 est
1164 2118 1394 2177 xanokciymg
1427 2123 1554 2162 Run.

381 2203 709 2257 Pag.204.1.1.
749 2198 805 2241 Ta
837 2201 1048 2252 μέλλοντα)
1079 2199 1212 2249 Vide,
1246 2215 1296 2239 an
1333 2200 1384 2239 de
1416 2201 1678 2243 Iamblicho
1667 2217 1731 2241 ln-

269 2235 499 2314 telligene'da
520 2258 623 2296 haec
648 2257 747 2306 sint,
772 2258 847 2309 qui
867 2271 931 2309 ap.
954 2258 1138 2296 Plzotium
1167 2256 1289 2306 (Cod.
1303 2257 1457 2297 XCIV.
1478 2272 1519 2311 p.
1540 2274 1593 2299 m·
1618 2261 1728 2310 133·)

269 2321 424 2371 jactat,
457 2329 500 2354 se
521 2313 662 2353 omnia
688 2314 831 2351 futura
857 2313 1140 2365 praedixisse,
1175 2327 1282 2367 quae
1307 2314 1353 2352 in
1373 2327 1422 2353 eo
1444 2313 1555 2354 bello
1579 2329 1728 2355 evene-

270 2383 383 2412 runt.
417 2372 583 2410 SonAN.

384 2427 489 2467 Ibicl.
531 2422 1080 2480 Συγγεγραφηκότος]
1122 2427 1197 2465 ΠΤ.
1233 2423 1579 2481 συγγεγραφότος,
1611 2426 1727 2480 quod

271 2483 440 2522 admisit
466 2483 595 2524 Reitz,
619 2492 661 2521 et
691 2493 866 2521 recentt.
898 2492 1062 2535 praeter
1090 2482 1369 2535 Ruclolplzum,
1413 2483 1486 2538 qui
1525 2483 1727 2535 praetulit

268 2551 451 2579 veterem
486 2550 526 2578 et
555 2553 817 2578 communem
852 2539 1039 2576 omnium
1073 2539 1302 2588 librorum,
1343 2549 1386 2579 et
1416 2538 1647 2589 editorum,
1681 2548 1725 2578 et

271 2609 397 2633 manu
418 2596 669 2648 scriptorum
684 2626 695 2644 ,
720 2604 900 2647 excepto
921 2609 1008 2633 uno
1029 2596 1099 2636 W.
1113 2626 1124 2644 ‚
1151 2595 1377 2635 lectionem
1399 2593 1723 2648 συγγεγραφηκότ

270 2667 350 2698 τος.
410 2652 508 2689 Νοη
541 2660 684 2689 tantae
717 2660 881 2700 autem,
917 2660 1098 2705 quantae
1130 2651 1306 2690 Reitzius
1339 2651 1467 2700 fecit,
1500 2651 1605 2690 labis
1634 2665 1723 2690 esse

270 2707 447 2745 formam
475 2712 740 2763 συγγραφεῖν,
774 2707 860 2747 imo
889 2709 1015 2747 etiam
1053 2708 1233 2747 aliorum
1261 2707 1466 2745 similium
1499 2707 1722 2748 verborum
