1834 3188
387 187 685 220 HERODOTUS
723 185 831 219 SIVE
867 185 1070 218 AETION.

1326 172 1420 219 121

656 282 676 298 Ἢ
696 283 718 297 ΡΙ
880 286 888 299 ρ

647 305 673 340 ‘¹1
696 299 771 328 οσα
791 302 915 339 μυρια
931 284 1031 326 καλὰ
1053 281 1214 333 ἐκεῖνος’
1229 281 1310 337 ’ἅμα
1333 289 1424 326 συλ-
1438 292 1566 334 p.832.

33 359 168 415 λαβών
199 362 294 413 ἔχει,
331 357 434 412 πέρα
460 361 531 409 τῆς
565 357 619 404 εἰς
636 357 801 409 μίμησιν
823 355 996 401 ἐλπίδος.
1028 351 1055 394 δι’
1080 353 1122 394 δὲ
1147 355 1336 406 ἐποίησεν
1361 345 1427 395 ἐπὶ

34 435 118 477 τοῖς
139 425 415 483 συγγράμμασι
429 457 440 476 ,
472 425 539 466 καὶ
573 421 627 473 ὥς
656 426 859 483 πολλαχῶς
883 419 1142 475 τοῖς”Ἐλλησι
1160 423 1359 477 γνώριμος
1379 424 1426 474 c)

37 497 79 539 ἓν
99 499 240 550 βραχεῖ
257 496 448 547 κατέστη,
480 494 548 534 καὶ
570 487 615 546 d)
647 491 721 546 ε’γώ
743 492 809 532 καὶ
829 488 876 532 σύ
896 491 962 531 καὶ
981 487 1099 538 ἄλλος
1122 487 1172 532 ἂν
1191 492 1428 543 μιμησαίμε-

37 571 109 606 θα.
142 562 314 612 πλεύσας
336 563 411 618 γὰρ
441 564 603 603 οἴκοθεν
629 561 670 601 ἐκ
698 565 766 613 τῆς
797 561 952 613 Καρίας
987 555 1086 600 εὐθὺ
1118 564 1190 612 τῆς
1214 556 1428 606 Ἑλλάδος,

39 634 246 676 ἐσκοπεῖτο
269 631 371 685 πρὸς
395 628 537 672 ἑαυτὸν
552 660 561 677 ,
596 627 706 677 ὅπως
725 625 776 669 ἂν
798 625 980 681 τάχιστα,
1014 629 1081 669 καὶ
1108 625 1431 683 ἀπραγμονέστα-

39 718 108 751 τα,
141 702 330 754 ἐπίσημος
349 701 417 740 καὶ
433 694 673 752 περιβόητος
699 697 874 752 γένοιτο,
908 697 975 737 καὶ
1006 692 1148 747 αὐτὸς,
1179 695 1310 740 καὶτὰ
1336 711 1431 752 συγ-

41 766 267 825 γραμμάτια
291 770 351 816 e).
384 766 427 809 τὸ
449 767 517 820 μὲν
543 760 616 808 οὖν
633 769 967 818 περινοστοῦντα,
1001 771 1078 807 νῦν
1099 765 1169 818 μὲν
1185 761 1432 818 Ἀθηναίοις,

42 841 117 880 νῦν
139 838 179 879 δὲ
199 839 443 890 Κορινθίοις
464 831 782 889 ἀναγιγνώσκειν
797 865 807 883 ,
841 829 1076 888 ἧἈργείοις
1090 867 1100 884 ,
1131 833 1159 887 ἢ
1176 837 1436 887 Λακεὸαιμο-

44 910 148 955 νίοις
172 907 213 947 ἔν
239 910 296 962 τῷ
315 905 441 958 μέρει,
476 905 643 958 ἐργῶδες
670 904 735 945 καὶ
762 902 917 955 μακρὸν
942 900 1073 958 ἡγεῖτο
1104 902 1229 952 εἶναι,
1262 904 1330 944 καὶ
1355 920 1435 956 τρι-

45 975 123 1029 βὴν
141 969 180 1024 f)
217 969 263 1015 οὗ
286 970 431 1025 μικρὰν
453 973 493 1015 ἐν
515 977 571 1028 τῷ
595 968 763 1025 τοιούτῳ
783 970 827 1025 g)
858 972 1028 1013 ἔσεσθαι.
1065 969 1215 1013 οὔκουν
1239 967 1284 1025 h)
1315 969 1434 1023 ἠξίου

46 1047 220 1099 διασπᾷν
239 1040 283 1083 τὸ
305 1046 481 1095 πρᾶγμα,
494 1038 585 1081 οὐδὲ
605 1037 707 1080 κατὰ
728 1041 922 1093 διαίρεσιν
943 1038 1048 1081 οὕτω
1070 1037 1152 1082 κατ’
1175 1038 1309 1095 ὀλίγον
1333 1038 1438 1094 οἶγεί-

49 1130 130 1167 ρων
153 1113 220 1153 καὶ
244 1105 498 1164 συλλέγωνί)
529 1107 602 1161 τήν
628 1113 800 1162 γνῶσιν·
833 1106 1072 1162 ἐπεβούλευε
1100 1108 1163 1158 δὲ,
1199 1111 1234 1150 εἰ
1265 1104 1439 1150 δυνατὸν

50 1184 134 1236 εἴη,
167 1175 349 1234 ἀθρόους
376 1195 456 1220 που
486 1180 619 1231 λαβεῖν
637 1171 687 1228 k)
718 1174 1030 1230 τούςἽΞλληνας
1058 1174 1248 1226 ἅπαντας.
1281 1178 1441 1218 ἐνίστα-

30 295 101 346 τῆς
135 286 373 346 γι·ὥμης’τὸ
405 284 616 342 περιττὸν,

99 1329 150 1376 0)
176 1341 225 1373 γυ
240 1325 267 1362 ω’
281 1339 358 1371 ριμ
370 1339 389 1362 0
404 1329 443 1367 ς]
470 1324 623 1368 „deerat
639 1325 678 1358 in
696 1324 788 1358 Edd.
802 1324 928 1358 aderat
945 1325 983 1358 in
996 1326 1038 1358 L.
1053 1331 1088 1358 et
1099 1326 1129 1357 J.
1152 1324 1244 1358 item
1262 1325 1302 1357 in
1322 1336 1443 1370 marg.

142 1379 185 1409 A.
210 1387 238 1410 ι.
260 1376 348 1406 W.“
401 1374 621 1413 Coniecerat
643 1372 695 1404 sic
713 1371 874 1404 feliciter
899 1373 1062 1416 (ἰαχείτω.
1123 1371 1170 1413 d)
1197 1371 1302 1415 καὶ]
1326 1372 1440 1415 vulgo

148 1421 325 1454 deficiens
346 1418 568 1452 inseruimus
590 1418 742 1450 eCodd.
765 1426 866 1461 2954.
884 1427 983 1462 295y.
1007 1429 1107 1460 3011.
1130 1423 1166 1450 et
1184 1419 1288 1452 Gorl.
1303 1444 1312 1460 ‚
1341 1417 1444 1462 quod

147 1469 222 1512 jam
258 1467 516 1507 Sclzzniederus,
544 1470 720 1496 monente
747 1466 895 1505 Benna,
920 1465 1070 1496 fecerat.
1129 1468 1170 1504 e)
1208 1476 1445 1508 συγγραμ-

157 1511 322 1557 μάτια]
351 1508 608 1555 συγγράμματα
629 1510 749 1545 Solum.
779 1510 874 1550 conj.
939 1510 978 1550 f)
1005 1506 1205 1555 τριβήν]
1232 1511 1372 1557 τρηβὴν
1401 1513 1442 1544 Α.

146 1572 178 1594 2.
208 1564 396 1593 mendose.
469 1565 512 1599 g)
540 1555 586 1590 ἐν
611 1557 675 1600 τῷ
699 1568 746 1590 το
763 1553 939 1602 ιούτῳ]
969 1553 1007 1589 ἐν
1033 1555 1192 1602 τοιούτῳ
1219 1569 1319 1601 2954..
1394 1557 1445 1599 h)

145 1601 354 1647 οὔκουν]
381 1600 620 1638 οὐκοῦνΒ.ι.
642 1602 748 1635 male.
797 1603 832 1645 1')
859 1597 1066 1646 ἀγείρων
1090 1603 1164 1637 καὶ
1193 1603 1447 1649 συλλέγων]

147 1654 305 1695 ,‚(1'raev.
331 1648 485 1694 ἀγείρειν
505 1650 567 1684 καὶ
588 1651 778 1692 συλλέγειν.
827 1649 875 1681 At
895 1648 989 1680 nihil
1011 1655 1160 1682 mutant
1178 1651 1207 1684 J.
1226 1652 1311 1683 ΛΜ.
1338 1655 1386 1693 (1.
1412 1656 1449 1682 et:

147 1700 197 1738 2.)
220 1698 273 1730 Pl.
293 1699 351 1730 Fr.
374 1699 419 1730 H.
444 1699 484 1729 B.
508 1708 537 1728 2.
557 1697 606 1739 (et
631 1700 676 1739 1.)
698 1697 781 1728 Par.
803 1695 838 1730 S.
860 1695 1010 1731 Amst.“
1064 1695 1111 1739 k)
1137 1708 1231 1731 που
1256 1696 1448 1745 λαβεῖν]

149 1744 377 1791 προυλαβεῖν
404 1743 538 1777 vitiose
558 1753 661 1786 3011.

55 1886 237 1934 vitatem,
294 1892 368 1923 aut
415 1882 722 1922 sententiarum

60 1942 236 1982 divitias
253 1973 263 1991 ‚
299 1950 372 1979 aut
397 1954 503 1993 quae
525 1950 724 1978 sexcenta

60 1998 239 2050 pulchra
271 1997 342 2036 ille
367 2011 450 2034 una
476 1999 724 2047 complexus

62 2054 215 2104 habet,
289 2052 490 2092 imitandi
561 2066 726 2091 omnem

65 2125 181 2162 spem
234 2120 506 2163 transgressa.
580 2109 727 2148 Caete-

66 2181 158 2204 rum
190 2180 296 2218 quae
327 2166 436 2204 circa
471 2164 604 2204 libros
631 2179 730 2204 suos

66 2222 299 2261 historicos
340 2221 550 2271 faciebat,
603 2230 732 2261 et‚ut

67 2278 241 2318 Graecis
260 2276 404 2316 multis
426 2277 467 2313 in
486 2279 593 2315 locis
611 2277 732 2316 brevi

68 2335 380 2381 innotesceret,
422 2331 525 2371 illud
560 2347 661 2385 ego,
693 2341 734 2371 et

69 2401 116 2430 tu
132 2424 142 2441 ,
173 2401 215 2431 et
234 2392 359 2445 quivis
379 2389 487 2426 alius
506 2388 733 2429 imitemur.

73 2446 180 2486 Cum
225 2447 337 2486 enim
379 2445 504 2482 domo
549 2459 570 2483 e
609 2444 732 2482 Caria

71 2518 216 2542 versus
242 2503 460 2541 Graeciam
487 2501 729 2554 navigaret,

74 2559 332 2611 dispiciebat
380 2557 492 2611 apud
531 2572 601 2604 se,
654 2571 736 2610 qua

75 2615 243 2654 tandem
270 2615 433 2654 ratione
460 2629 584 2666 quam
611 2617 737 2653 celer·

78 2672 204 2722 rime,
236 2683 277 2711 et
300 2672 477 2710 minimo
500 2671 643 2709 labore
674 2670 738 2707 in·

79 2727 212 2781 signis
242 2737 284 2767 et
306 2727 481 2768 celebris
511 2737 599 2765 tuin
622 2727 739 2779 ipse,

782 1890 871 1920 tum
894 1881 930 1921 si
954 1881 1056 1936 quid
1082 1882 1343 1935 scripsisset,
1379 1883 1451 1923 fie-

783 1949 862 1978 ret.
894 1940 986 1979 Jam
1009 1940 1246 1989 circumire,
1274 1949 1314 1978 et
1336 1955 1452 1978 nunc

785 1995 1147 2043 Atheniensibus,
1206 2010 1322 2033 nunc
1370 1997 1453 2035 Co-

786 2052 962 2090 rinthiis
989 2053 1183 2101 recitare,
1224 2062 1297 2090 aut
1320 2053 1456 2107 Argi-

787 2110 868 2159 vis,
889 2118 961 2147 aut
983 2107 1338 2147 Lacedaemoniis
1363 2124 1457 2162 par-

789 2164 1024 2209 ticulatim,
1095 2164 1358 2203 laboriosum
1415 2174 1459 2203 et

789 2224 964 2274 longum
997 2235 1086 2260 esse
1117 2221 1321 2269 ducebat,
1357 2235 1458 2260 mo-

790 2292 962 2332 tamque
992 2278 1035 2315 in
1063 2292 1110 2315 ea
1142 2293 1184 2316 re
1215 2276 1329 2315 haud
1362 2292 1456 2329 par-

792 2349 887 2373 vam
919 2348 1006 2372 esse
1037 2335 1238 2372 futuram.
1300 2333 1458 2371 Noluit

793 2390 927 2442 igitur
951 2389 1174 2442 negotium
1200 2389 1282 2426 hoc
1307 2388 1460 2427 distra-

793 2445 917 2495 here,
950 2459 1090 2497 neque
1123 2444 1307 2496 disperse
1339 2446 1396 2483 ita
1418 2454 1460 2484 et.

795 2501 1040 2539 minutatim
1066 2501 1298 2539 conciliare
1321 2512 1361 2541 et
1391 2516 1460 2540 co-

798 2571 893 2610 gere
913 2556 988 2595 silvi
1012 2557 1209 2594 notitiam
1233 2558 1429 2597 hominum
1446 2574 1459 2596 .-

797 2627 942 2651 verum
973 2627 1022 2652 eo
1048 2613 1236 2651 intendit
1255 2616 1457 2663 animum,

799 2679 870 2717 ut,
905 2669 940 2706 si
975 2668 1066 2708 fieri
1094 2679 1259 2719 posset,
1294 2672 1463 2710 confer-

801 2735 866 2764 tos
889 2724 1049 2764 alicubi
1072 2725 1256 2765 Graecos
1285 2728 1464 2767 univer-
