1834 3188
259 205 359 251 694
621 209 1379 243 ADNOTArtoNEs

260 315 351 354 Liv.
371 312 430 355 II.
452 327 487 352 ο.
509 317 579 363 23,
602 315 666 354 11.
698 308 904 349 Postulare
933 332 988 341 —
1020 321 1062 349 ut
1082 321 1256 349 senatum
1274 321 1482 360 vocarent,
1514 312 1740 366 curiamque

261 372 340 425 ipsi
361 371 665 410 circumsistunt.
725 367 789 404 Ac
823 380 876 406 ne
897 365 1042 408 credas
1057 366 1260 422 postulare
1280 367 1343 405 ibi
1364 381 1442 421 pro
1463 369 1741 420 postularunt

263 426 479 481 positum,
511 424 601 466 vid.
616 433 708 466 not.
728 421 901 472 Dukeri,
932 423 1009 478 qui
1035 437 1089 463 ex
1111 423 1260 464 eodem
1287 423 1429 464 adfert
1457 423 1592 465 moliri
1618 448 1676 456 --
1704 435 1740 464 et

262 493 505 538 pertentant,
538 481 709 537 aliaque
729 480 899 522 similia.
929 481 1095 522 Rm'rz.

379 539 481 592 Pag.
501 543 598 584 319.
620 542 648 579 l.
671 542 709 582 4.
746 536 950 592 Μεγάλα)
980 539 1217 594 Pygmaeos
1240 537 1389 579 Ctesiae
1410 537 1484 578 hic
1505 535 1631 580 ridet.
1665 537 1745 579 Vi·

268 595 320 636 de
339 595 474 637 Photii
492 597 724 649 Excerpta.
758 593 815 633 So
825 609 929 635 ΒΑΝ.

380 652 483 694 Ead.
500 655 529 693 l.
548 655 587 698 5.
621 654 871 705 Ποδεῶνας)
901 651 1025 707 Leop.
1049 657 1142 698 136.
1177 651 1350 693 SOLAN.
1409 649 1468 690 At
1482 665 1609 706 supra
1629 649 1747 690 Con-

268 712 412 763 templ.
437 708 475 763 ς.
495 716 535 755 3.
565 706 639 762 τὴν
657 703 814 761 ὀθόνην
836 715 1009 760 στεῖλαι,
1049 707 1078 762 ἢ
1105 711 1293 753 ἐνδοῦναι
1324 703 1460 764 ὀλίγον
1486 713 1561 752 τοῦ
1588 706 1744 761 ποδὸς,

269 765 344 805 ubi
368 765 510 805 Solan.
532 765 689 805 similia
714 780 767 805 ex
786 765 934 806 Nostro
956 765 1174 819 produxit.
1204 767 1370 805 Rnxrz.

384 822 489 863 Ead.
513 825 541 865 1.
564 828 603 868 6.
623 820 761 865 ’Ἀλλοι
789 823 830 864 δὲ
864 821 958 876 μετὰ
987 821 1175 876 τούτους,
1214 824 1280 866 ἐπὶ
1307 825 1468 874 φελλῶν
1492 817 1746 875 καθήμενοι,

271 876 474 930 ζεύξαντες
490 876 565 922 δῦο
586 883 802 933 δελφῖνας,
833 877 1014 932 ἤλαυνόν
1042 897 1106 933 τε,
1134 881 1204 923 καὶ
1227 877 1464 934 ἦνιόχευον·
1509 879 1609 921 οἶδὲ
1629 887 1747 931 προϊ-

271 934 384 986 όντες
401 933 646 992 ἐπεσύροντο
666 935 763 985 τούς
786 936 984 988 φελλούς)
1015 938 1223 979 Vertunt:
1253 947 1343 991 post
1362 936 1433 976 ἧος
1454 947 1490 975 et
1508 935 1582 975 alii
1599 935 1746 975 suberi·

274 993 345 1032 bus
375 992 605 1045 insidentes,
640 994 791 1047 junctis
822 993 974 1033 duobus
1005 992 1198 1047 delphinis
1225 993 1494 1047 remigabant,
1527 1003 1562 1031 et
1584 994 1747 1047 equita—-

275 1048 390 1100 hant,
423 1049 497 1089 alii
510 1050 782 1105 praecedentes
800 1050 940 1089 subera
961 1050 1180 1090 trahebant.
1239 1051 1307 1088 Ita
1331 1058 1543 1089 vertentes
1575 1047 1748 1087 indica-

275 1116 401 1154 runt,
445 1120 491 1145 se
526 1116 708 1147 mentem
740 1107 928 1145 auctoris
961 1121 1049 1145 non
1083 1107 1184 1146 satis
1219 1103 1472 1159 percepisse.
1530 1104 1668 1150 Nam,
1699 1112 1750 1142 ut

275 1171 458 1213 taceam,
491 1161 588 1216 μετὰ
608 1161 782 1212 τούτους
804 1162 878 1201 hic
898 1164 1046 1216 potius
1068 1162 1312 1218 significare
1335 1162 1509 1214 praetet'
1528 1160 1634 1209 hos,
1668 1159 1752 1200 ob·-

276 1219 531 1259 servandum
551 1229 639 1270 est,
670 1220 896 1259 Lucianum
920 1218 971 1259 de
1007 1219 1209 1260 suber-ibus
1227 1219 1351 1271 loqui
1374 1228 1578 1272 tanquam
1606 1216 1658 1257 de
1679 1230 1755 1256 ve-

277 1274 462 1327 hiculisg
495 1275 547 1317 de
567 1276 762 1331 delphinis
782 1287 984 1330 tanquam
1009 1275 1060 1315 de
1079 1276 1198 1331 equis
1228 1275 1425 1315 vehicula
1456 1272 1752 1321 trahentibu53

278 1330 329 1370 de
351 1333 575 1373 hominibus
594 1333 704 1382 illis,
741 1333 816 1386 qui
839 1332 1061 1373 suberibus
1086 1332 1356 1382 insidebant,
1388 1341 1589 1385 tanquam
1608 1329 1659 1370 de
1682 1344 1755 1368 au·

278 1387 383 1443 rigis
406 1389 604 1430 vehicula
628 1389 906 1444 agitantibus,
939 1398 979 1428 et
999 1388 1342 1436 moderantibus3
1376 1389 1617 1442 aurigarum
1638 1385 1752 1425 enim

277 1445 452 1498 prop-ia
483 1456 584 1485 sunt
615 1445 766 1496 verba,
819 1445 975 1501 quibus
1004 1445 1168 1498 utitur,
1222 1443 1404 1487 ἐλαύνειν
1433 1454 1476 1485 et
1495 1441 1752 1498 ἦνῑοχεύειν·

278 1516 386 1554 quae
418 1513 644 1557 propterea
674 1502 747 1541 hio
769 1516 856 1541 non
877 1501 1093 1543 reddenda
1115 1513 1257 1553 erant,
1288 1505 1477 1555 remigare
1504 1510 1546 1541 et
1569 1502 1753 1554 equitare.

279 1558 335 1595 Et
360 1572 433 1611 per
459 1559 562 1602 οἶδὲ
584 1556 799 1615 προϊόντες
818 1572 905 1597 non
931 1558 1208 1613 intelligendi
1235 1569 1336 1596 sunt
1362 1559 1535 1596 homines
1559 1556 1654 1605 alii,
1686 1554 1753 1593 uti

280 1612 411 1653 habet
438 1616 601 1668 versio3
642 1614 716 1656 sed
750 1615 815 1653 illi
846 1613 1044 1668 delphini,
1091 1615 1167 1668 qui
1195 1614 1420 1653 subm-ibus
1446 1612 1587 1665 juncti
1618 1620 1751 1653 erant.

281 1671 418 1710 Totus
447 1671 593 1726 itaque
621 1675 741 1711 locus
770 1670 856 1710 hoc
883 1670 1011 1710 modo
1039 1680 1104 1710 est
1133 1670 1387 1710 vertendus:
1431 1670 1592 1709 Praeter
1619 1667 1690 1708 hos
1717 1678 1754 1706 et

281 1726 356 1765 alii
371 1728 571 1767 suber-ibus
590 1727 818 1777 insidentes,
844 1729 996 1781 junctis
1023 1727 1174 1766 duobus
1200 1726 1416 1780 delphiniS,
1457 1724 1686 1779 agitabant,
1719 1735 1755 1763 et

282 1783 586 1825 moderabantur
603 1800 690 1825 eos:
719 1783 784 1824 illi
799 1799 888 1823 vero
913 1783 1036 1834 (scil.
1061 1782 1286 1838 delphini)
1303 1793 1530 1838 praeeuntes
1548 1781 1757 1822 trahebant

281 1839 433 1879 suber-cz.
465 1842 685 1880 mese.

394 1897 494 1937 Ead.
516 1900 543 1936 l.
564 1903 606 1940 7.
643 1897 832 1945 Φελλῶν)
863 1895 907 1935 Si
929 1895 1025 1950 quis
1049 1895 1326 1935 auctoritates
1346 1908 1473 1948 super
1490 1893 1534 1935 h.
1553 1909 1593 1936 v.
1613 1903 1656 1933 et
1673 1908 1755 1934 usu

286 1950 522 2006 desiderat,
555 1953 676 1994 adeat
694 1952 868 2007 Ber-gler.
891 1952 942 1992 ad
962 1953 1149 2006 Alciplzr.
1174 1954 1254 2005 Ep,
1277 1952 1313 2001 I,
1335 1957 1371 1995 1.
1397 1965 1438 2004 p.
1464 1955 1503 1994 7.
1532 1952 1696 1993 Rnrrz.

396 2010 501 2050 Eacl.
521 2013 552 2052 l.
582 2017 647 2055 13.
675 2008 845 2052 Ἑλλάδα
867 2009 1043 2063 φωνὴν)
1076 2011 1156 2048 Pro
1173 2005 1423 2061 ’Ἐλληνικήτμ
1484 2007 1556 2048 Sic
1584 2004 1758 2062 Σκύθην

287 2063 404 2121 οἷμον
427 2081 506 2120 pro
529 2065 744 2120 Σκυθικὴν
765 2063 864 2110 ὁδὸν
887 2082 940 2106 ex
962 2067 1109 2107 Aesclz.
1131 2067 1268 2105 Prom.
1293 2080 1334 2118 p.
1354 2068 1396 2109 5.
1416 2073 1459 2104 et
1479 2071 1653 2121 γυναῖκα
1673 2083 1758 2118 μα-

288 2122 355 2172 ζὸν
386 2137 439 2162 ex
468 2123 591 2167 Hom.
613 2125 665 2165 Il.
693 2128 759 2173 Ω,
784 2126 854 2168 58.
893 2137 971 2162 nec
1004 2138 1091 2162 non
1122 2119 1290 2163 Ἑλλάδα
1317 2120 1543 2171 διάλεκτον,
1586 2121 1756 2175 aliaque

289 2179 444 2219 similia
461 2212 472 2231 ,
505 2196 557 2221 ex
576 2181 757 2221 Eustath.
781 2179 920 2220 adfert
936 2180 1146 2220 Zlffaittaire
1169 2178 1219 2217 de
1240 2178 1431 2223 Dialect.
1451 2193 1494 2232 p.
1518 2184 1587 2223 78.
1629 2178 1756 2217 Plura

289 2237 395 2279 Jens.
431 2236 475 2275 in
509 2238 650 2277 Lectt.
682 2237 867 2278 Lucian.
899 2251 994 2290 pag.
1021 2240 1088 2280 89.
1116 2235 1167 2274 ad
1189 2240 1256 2279 94.
1284 2249 1390 2289 quae
1412 2233 1683 2289 pertinebant
1703 2233 1757 2273 ad

293 2293 410 2332 Dial.
435 2294 569 2334 Deor.
593 2293 689 2344 XV,
714 2298 751 2336 1.
779 2292 831 2332 ad
855 2288 978 2332 verba
1002 2295 1142 2347 τέχνην
1161 2291 1391 2345 βάναυσον;
1423 2291 1485 2330 ibi
1507 2301 1644 2331 autem
1665 2305 1754 2330 non

290 2359 393 2388 sunt
422 2350 604 2403 inserta,
646 2349 746 2404 quia
776 2349 904 2388 nimis
935 2360 1054 2389 erant
1083 2352 1227 2391 multa.
1287 2350 1482 2388 Meretur
1506 2357 1646 2386 tamen
1670 2347 1755 2385 huc

292 2405 415 2456 addi,
450 2406 564 2460 quod
590 2416 739 2460 postea
758 2406 941 2460 margini
964 2405 1125 2446 adlevit
1147 2404 1256 2445 idem
1280 2405 1456 2446 Jcnsius:
1476 2405 1661 2456 ΓἘλληνοι
1677 2402 1758 2444 πό-

290 2467 406 2515 λεμον
422 2462 550 2501 habet
573 2462 748 2519 Thucyd.
767 2478 807 2516 p.
831 2467 924 2505 104.
949 2463 992 2500 in
1025 2462 1233 2502 Oratione
1254 2461 1430 2502 Periclis
1453 2461 1511 2510 (i.
1534 2475 1570 2501 e.
1594 2460 1669 2499 lib.
1692 2459 1753 2499 II.

292 2533 325 2560 c.
347 2523 444 2567 36.)
474 2520 639 2562 Rmrz,
701 2520 769 2559 Cf.
792 2519 1097 2558 Dia11.M0rtt.
1123 2519 1230 2568 XII,
1256 2524 1295 2562 2.
1319 2532 1357 2558 e.
1382 2532 1417 2560 a.
1446 2519 1601 2556 L1311M.

404 2575 552 2617 Ead.1.
581 2583 645 2620 16.
688 2575 960 2631 Καβαλοῦσα)
1002 2577 1066 2614 An
1098 2579 1364 2628 Κοβαλοῦσα,
1396 2589 1419 2613 a
1443 2573 1633 2627 κόβαλος,
1666 2572 1694 2610 i·
1717 2587 1753 2612 e·

292 2631 562 2683 κοβαλόεσσας
593 2634 771 2673 (ΞυΥΕΤ.
833 2633 1052 2672 Hactenus
1072 2633 1277 2672 Lucianus
1297 2630 1469 2670 nomina
1490 2629 1668 2668 finxerat
1689 2629 1752 2666 iu-

294 2690 466 2727 tellectu
487 2690 588 2728 satis
610 2688 769 2729 facilia.
826 2689 955 2728 Nunc
979 2698 1117 2728 autem
1140 2687 1378 2728 Cabalusam
1406 2695 1448 2726 et
1470 2684 1752 2740 Ifydamardi-

295 2759 380 2795 am,
420 2755 657 2785 monstrosa
680 2756 720 2785 et
746 2744 916 2784 barbara
942 2744 1171 2795 vocabula,
1205 2759 1276 2783 cur
1300 2741 1525 2788 obtrudat,
1560 2741 1750 2783 nondum
