1834 3188
267 241 369 288 626
626 246 1383 280 ADNO'rA'rloNEs

271 352 346 395 sed
370 357 588 405 oportet.
615 348 714 387 Alia
736 344 936 387 historici
959 344 1251 387 ratio.1nud
1267 341 1475 401 γοάφουσι
1493 353 1637 399 potest
1657 346 1734 386 ali.

273 424 397 466 quem
415 407 598 456 turbare,
625 404 724 468 quie}
745 402 885 442 adhuc
904 401 1114 456 singulari
1134 416 1310 442 numero
1333 403 1384 443 de
1403 418 1468 454 eo,
1501 417 1622 456 quem
1644 404 1734 443 for-

272 476 383 516 mat,
413 463 620 503 historico
657 461 756 515 egit
790 461 927 501 Gnsw.
991 459 1056 498 Cl.
1088 459 1269 508 Belinus‚
1303 469 1493 510 vertens,
1538 476 1606 499 car
1633 459 1736 499 Z’lzi-

272 526 418 566 storien
437 538 483 560 ne
504 534 683 573 compose
695 519 833 586 point
827 533 974 557 comme
992 532 1039 556 on
1062 515 1096 554 le
1113 517 1202 571 fait
1222 515 1321 555 (lans
1341 515 1395 555 les
1417 515 1540 556 e'coles
1557 515 1624 556 cles
1642 517 1738 555 νῘιέ-

275 593 396 630 iem-s,
430 591 507 630 pto
531 576 657 628 ὥςπεο
677 574 782 628 legit
803 592 856 622 ως
872 571 993 627 παρά.
1035 572 1189 611 Idem
1179 587 1223 610 m
1245 572 1473 614 Animadv.
1492 572 1544 612 ad
1569 573 1739 627 Oppiam.

275 637 370 679 libr.
391 636 423 676 I.
444 633 494 671 de
516 634 622 674 Ven.
641 647 682 671 v.
707 636 774 674 62
798 630 995 669 adnotat:
1041 630 1091 667 In
1118 629 1314 669 hocloco
1338 640 1451 670 1ecte
1482 630 1533 670 de
1560 643 1736 670 numero

274 690 484 747 singulari
508 688 558 728 ad
581 690 784 741 pluralem
812 690 963 726 saltum
987 685 1286 725 animadvertit
1314 685 1514 727 Gesnerus.
1575 686 1740 727 Similis

279 748 501 790 invenitur
529 759 800 784 numerorum
828 747 1021 813 enallage
1049 758 1113 796 ap.
1133 741 1401 796 Sophoclem
1390 757 1436 782 ln
1458 745 1589 796 Ajace
1605 744 1740 783 Mast.

277 808 437 850 v.739.
461 801 513 844 ου’
527 819 584 851 τις
613 797 704 843 ξ”σθ
725 799 769 850 ὃς
791 795 839 843 οὗ
876 798 955 842 Τὸν
974 805 1049 842 τοῦ
1067 801 1258 853 μανέντος
1276 797 1598 854 κᾶπιβουλευτοῦ
1623 815 1745 852 στρα-

279 868 353 906 τοῦ
378 857 582 914 Ξυναιμον
604 853 912 906 ἀποκαλοῦντες.
975 856 1105 911 Quod
1131 871 1231 896 vero
1268 857 1320 896 ad
1352 856 1462 896 illud
1486 855 1743 900 ἀποκαλοῦν-

280 937 344 969 τες
363 919 561 958 observat
584 915 727 955 Schol.
751 914 821 954 hic
844 914 998 968 legisse
1028 928 1114 953 non
1145 913 1408 981 poenitebit:
1451 911 1627 956 Ἀττικὸν
1648 917 1746 962 ἔθος

279 976 324 1019 τὸ
349 975 552 1027 ἐπιφέρειν
569 975 718 1020 ενικοῐς
735 969 782 1012 τὰ
800 969 1068 1024 ιληθυντικα,
1088 988 1155 1012 και
1171 966 1382 1012 manaim
1413 971 1508 1010 Bu».
1567 971 1745 1011 Nullius

282 1032 400 1074 modi
432 1029 730 1070 emendatione
756 1027 954 1082 indigent
985 1026 1110 1067 verba
1139 1030 1336 1081 vulgata,
1367 1026 1495 1068 modo
1519 1028 1581 1067 ita
1610 1028 1748 1083 expli-

282 1098 455 1137 centur,
487 1096 537 1125 ut
557 1086 707 1125 docuit
731 1083 933 1123 Gema-,us
963 1085 1122 1123 me.

397 1144 666 1197 Pag.220.1
684 1148 723 1185 3.
752 1137 1005 1193 Ἀλκαμένει)
1037 1139 1246 1179 Phidiae
1234 1154 1267 1178 is
1291 1143 1492 1182 aemulus.
1526 1139 1625 1180 Vid.
1649 1155 1682 1183 c.
1707 1145 1748 1185 4.

284 1202 394 1244 Plut.
413 1206 501 1242 πολ.
519 1215 688 1253 παραγγ.
719 1199 839 1241 1435.
869 1197 976 1237 Ρῖἰη.
999 1197 1212 1246 XXXVI,
1238 1200 1276 1240 5.
1304 1207 1345 1236 et
1365 1197 1486 1237 Paus.
1511 1196 1633 1239 VIII.
1673 1197 1753 1236 So-

287 1273 391 1298 LAN.
451 1256 626 1297 Scilicet
650 1268 739 1307 cap.
764 1258 803 1296 9.
829 1268 870 1307 p.
891 1259 987 1297 616.
1031 1254 1134 1292 Post
1153 1268 1247 1292 eum
1269 1254 1380 1292 vixit
1398 1253 1648 1293 Praxiteles.
1694 1255 1755 1294 Et

285 1314 389 1357 Lib.
413 1314 465 1352 V.
492 1328 581 1366 cap.
609 1317 671 1355 10.
692 1327 732 1365 p.
755 1315 851 1354 399.
878 1310 1013 1352 Kalm,
1033 1319 1074 1349 et
1095 1311 1265 1363 passim.
1297 1311 1419 1348 Run.

402 1369 509 1410 Ibid.
542 1369 611 1411 ”H
630 1371 713 1422 τῳ)
744 1368 969 1406 Minutum
1003 1376 1086 1417 est,
1119 1366 1190 1406 sed
1221 1366 1337 1421 quod
1363 1381 1451 1406 non
1484 1366 1753 1408 observatum

290 1437 529 1481 suspectam
560 1425 735 1465 reddere
766 1423 904 1493 possit
937 1424 1359 1476 interpretationem,
1406 1437 1494 1464 non
1523 1424 1755 1478 legendum

289 1485 365 1524 hic
393 1498 503 1530 esse,
537 1492 584 1521 ut
613 1482 776 1530 adhuc,
818 1499 843 1533 η
868 1485 923 1536 τῷ
951 1479 1078 1531 ἄλλῳ,
1112 1478 1232 1519 sed’
1215 1478 1243 1532 η’
1271 1497 1326 1530 τῳ
1356 1479 1471 1536 ἄλλῳ.
1532 1481 1754 1520 Articulos

290 1559 364 1584 του
387 1551 427 1579 et
447 1557 500 1596 τῳ
524 1539 818 1579 encliticarum
841 1551 956 1576 more
975 1551 1052 1590 pro
1078 1537 1199 1587 τινὸς,
1230 1539 1307 1578 τινὶ
1324 1537 1446 1590 poni,
1477 1546 1648 1588 notum;
1682 1536 1758 1576 sed

291 1598 365 1637 hic
388 1606 542 1636 temere
567 1598 820 1661 neglectum.
855 1593 992 1632 Gnsn.
1055 1594 1106 1635 A.
1133 1598 1170 1635 1.
1193 1603 1331 1632 tamen
1352 1593 1480 1632 habet
1499 1594 1755 1646 tcp.L1211M.

405 1652 508 1692 Ead.
530 1655 557 1692 1.
572 1656 610 1694 4.
623 1627 752 1692 DOv'55
771 1648 846 1703 γὰρ
868 1645 987 1702 ουδ’)
1018 1651 1142 1688 Hanc
1160 1652 1456 1703 plerarumque
1475 1638 1760 1689 Edd.1ecti0-

295 1726 389 1750 nem
413 1709 606 1762 praefero
626 1707 762 1757 alteri,
789 1719 896 1760 quae
918 1703 965 1747 οὗ
983 1705 1059 1760 γὰρ
1083 1703 1178 1746 ουδὲ
1195 1705 1393 1745 exhibet.
1425 1709 1624 1760 majorem
1645 1706 1760 1746 enim

296 1768 383 1807 vim
406 1764 548 1804 habet.
608 1765 666 1802 Et
687 1764 817 1802 sic'I'.
842 1763 876 1803 I.
901 1762 1024 1816 Nigr.
1052 1767 1091 1812 9.
1111 1767 1153 1805 6.
1182 1760 1248 1816 (p.
1271 1767 1339 1805 30.
1374 1762 1501 1815 hujus
1525 1761 1635 1813 Ed.)
1664 1761 1761 1804 οὐδὲ

293 1821 371 1879 γὰρ
396 1819 486 1863 οὐδὲ
503 1825 788 1873 καταφρονεῖν.
847 1817 916 1857 Ad
938 1832 1044 1873 quae
1063 1818 1188 1857 verba
1201 1818 1419 1857 Hemsterh.
1440 1833 1494 1859 ex
1516 1819 1608 1858 aliis
1628 1829 1760 1859 auctt.

295 1879 453 1918 similia
484 1880 567 1931 jam
595 1876 726 1918 dedit.
786 1877 844 1914 Et
870 1874 932 1914 sic
959 1877 1105 1928 paullo
1143 1884 1243 1929 post
1275 1876 1429 1915 iterum
1458 1875 1548 1919 τότε
1576 1873 1625 1929 δὴ
1657 1874 1762 1919 τότε.

297 1938 460 1977 Rnr'rz.

411 1990 515 2031 Ead.
538 1993 566 2029 1.
590 1993 630 2034 5.
658 1986 902 2041 Ἐλέφαντα)
932 1987 1129 2029 Eburnea
1150 1989 1262 2029 inte1
1281 1989 1382 2027 alias
1399 1988 1520 2029 Jovis
1540 1987 1762 2041 Olympici

299 2058 460 2097 statua,
484 2057 526 2087 et
546 2046 741 2086 Eleensis
764 2046 937 2085 Urania.
982 2046 1053 2084 De
1074 2045 1208 2098 ριίοτί
1230 2055 1408 2084 testatur
1429 2045 1532 2084 Plin
1555 2045 1762 2094 XXXIV,

302 2111 370 2150 19.
394 2115 444 2143 ut
464 2104 570 2142 alios
598 2113 770 2142 taceam.
804 2102 973 2142 Soram.
1026 2097 1266 2154 Ἐλέφαντα,
1298 2115 1374 2155 pro
1404 2101 1535 2152 ebore,
1563 2111 1612 2151 ut
1636 2116 1764 2155 supra

304 2163 356 2202 de
379 2160 531 2201 Sacrif.
551 2174 585 2197 c.
615 2164 677 2202 11.
699 2168 748 2197 ut
782 2159 896 2211 Virg.
921 2159 1009 2198 fere
1032 2158 1137 2198 Aen.
1160 2159 1251 2207 III,
1272 2163 1369 2202 464·
1401 2181 1456 2187 ——-
1485 2170 1664 2213 sectoque
1680 2157 1766 2197 elc—

299 2220 463 2274 phanio.
525 2215 651 2256 Conf.
676 2229 795 2265 mox,
828 2216 967 2263 ἔπριον
987 2213 1057 2257 τὸν
1079 2216 1316 2267 ἐλέφαντα·
1343 2213 1474 2269 Quod
1503 2215 1672 2269 quidem
1694 2229 1769 2253 sa·-

305 2277 360 2314 tis
383 2283 552 2313 notum:
586 2286 680 2309 nam
704 2280 745 2310 et
768 2271 830 2310 sic
853 2271 1017 2311 Homer.
1040 2286 1142 2311 non.
1153 2275 1301 2322 semel,
1334 2281 1382 2310 ut
1400 2273 1452 2310 Il.
1479 2278 1535 2320 A,
1566 2276 1658 2314 141
1685 2268 1769 2318 Ὣς

307 2328 347 2374 δ’
372 2329 434 2373 ὅτε
454 2347 512 2378 τις
532 2325 569 2369 τ’
593 2329 784 2380 ἐλέφαντα
805 2326 907 2381 γυνὴ
928 2330 1083 2379 φοίνικι
1102 2326 1250 2383 μιήνη,
1282 2329 1350 2369 Ac
1368 2328 1488 2368 veluti
1506 2327 1664 2383 quando
1688 2326 1768 2366 alu-

307 2403 386 2443 qua
407 2387 500 2425 ebur
520 2384 659 2424 mulier
673 2400 849 2438 purpura
869 2387 1045 2425 tinxerit.
1106 2384 1172 2423 Ad
1198 2399 1320 2437 quem
1344 2399 1450 2426 νει-ε.
1475 2385 1518 2424 S.
1547 2383 1685 2424 Clarke
1706 2392 1768 2421 et.-

307 2445 391 2482 iam
415 2443 545 2482 alium
574 2456 625 2480 ex
647 2441 822 2480 Luciam·
840 2441 973 2495 Imag.
996 2444 1137 2481 locum
1159 2440 1311 2481 adfert.
1373 2439 1454 2482 Sed
1480 2440 1595 2495 quod
1614 2448 1767 2478 notatu

310 2500 509 2568 dignius,
543 2512 598 2538 ex
616 2497 788 2537 Pausan.
810 2497 941 2536 Attio.
966 2497 1001 2537 Ι.
1021 2512 1055 2536 ο.
1085 2504 1148 2541 12.
1167 2495 1407 2549 Έλὲφαντα,
1438 2495 1533 2545 ὅσος
1551 2497 1620 2548 μὲν
1640 2497 1713 2544 ἐς
1699 2496 1766 2564 ἕρ-

309 2575 360 2611 γα
381 2575 448 2599 και
467 2553 627 2610 ἀνδρῶν
643 2559 797 2608 χεῖρας,
828 2555 925 2595 εἰσιν
945 2555 987 2595 ἐκ
1010 2558 1183 2596 παλαιοῦ
1203 2557 1315 2621 (ζῆλοι
1335 2553 1479 2602 πάντες
1497 2550 1654 2600 εἰδότες.
1695 2548 1768 2593 otv'-

309 2631 357 2655 τα
380 2615 419 2654 δὲ
438 2630 484 2654 τα
505 2612 656 2666 θηρία,
687 2627 783 2664 πριν
804 2608 833 2662 ἢ
854 2613 1056 2679 διαβῆναι
1057 2608 1341 2659 Manaffivag’
1323 2612 1386 2681 επξὶ
1403 2609 1472 2661 τὴν
1485 2604 1641 2658 Ἀσίαν,
1675 2606 1768 2650 οὐδὲ

312 2667 546 2722 ἓωράκησαν
566 2669 782 2719 (-εισαν)
807 2663 954 2720 αρχήν,
980 2664 1086 2719 πλὴν
1102 2663 1249 2709 Ἰνδῶν
1268 2684 1307 2709 τε
1324 2665 1473 2714 αὐτῶν,
1496 2666 1561 2706 καὶ
1561 2667 1765 2733 Λυβίων,

314 2724 540 2778 (Λιβύων)
568 2742 635 2766 και
655 2721 742 2765 όσοι
764 2721 1033 2777 πλησιόχωροι
1052 2721 1221 2773 τούτοις.
1279 2728 1407 2775 Δηλοῑ
1424 2722 1463 2763 55
1480 2722 1546 2763 καὶ
1561 2719 1768 2775 ”Ομηρος,

315 2779 361 2831 ὂς
387 2785 518 2835 βασιλ
506 2786 590 2824 ῦσι
621 2782 756 2829 κλίνας
781 2780 852 2833 μὲν
871 2782 938 2822 καὶ
958 2782 1088 2830 οἰκίας
1118 2786 1202 2830 τοῖς
1225 2776 1589 2835 εὐδαιμονεστέροις
1617 2776 1764 2829 αὐτῶν,
