1834 3188
376 183 428 214 m
464 183 703 222 Quomono
742 183 974 214 ms'ronm
1012 185 1089 215 sm*
1124 187 1320 219 comscn.
1481 178 1581 229 563

118 283 230 324 tinet
251 281 361 328 huc,
392 281 508 335 quod
535 281 819 321 Philostratus
850 281 991 320 minor
1009 282 1084 322 lib.
1108 288 1171 328 11.
1200 283 1368 330 εἰκόνων
1401 288 1452 329 de
1474 291 1579 331 Pin..

118 341 219 380 daro
253 336 472 392 prodidit:
513 341 572 381 Αἱ
595 340 636 381 δὲ
662 340 757 381 εἴσω
783 338 953 392 μέλιτται
979 340 1299 396 περιεργάζονται
1327 343 1371 389 τὸ
1396 352 1576 399 παιδίον,

117 394 402 451 ἐπιβάλλουσαι
429 393 474 438 τὸ
501 397 606 449 μέλι,
641 396 707 437 καὶ
728 393 776 436 τοὶ
797 396 940 450 κέντρα
968 391 1228 450 ἆνέλκουσαι,
1262 402 1341 443 δέει
1368 408 1441 446 τοῦ
1459 406 1575 459 ἐγχει-

116 451 308 508 ρήματος.
339 449 591 506 ἐξ’Τμήττου
613 450 711 505 τάχα
728 448 899 504 ἥκουσι,
930 454 996 494 καὶ
1013 450 1093 496 ἀπὸ
1112 460 1190 498 τῶν
1208 462 1391 512 λιπαρῶν
1407 464 1474 503 καὶ
1494 460 1579 505 οἷοι·-

115 515 243 563 δίμων
271 506 487 562 Ἀθηνῶν·
527 511 594 552 καὶ
622 506 697 565 γὰρ
728 511 842 551 τοῦτο
875 507 986 562 οἶμαι
1018 506 1140 561 αὗτᾶς
1168 512 1350 565 ἔνστάξαι
1372 517 1577 573 Πινδάρῳ.

118 568 229 618 Quae
245 583 333 606 vero
352 569 456 606 intus
475 582 565 621 apes
585 577 689 617 sunt,
718 566 907 622 i'lfamem
927 578 1089 617 curant,
1123 569 1246 610 labris
1265 573 1344 612 mel
1357 575 1579 630 infunden—

111 635 187 673 tes,
222 623 473 677 aculeosque,
508 639 554 662 ne
571 639 731 677 puerum
754 621 932 671 laedant,
968 625 1245 667 contrahentes.
1302 629 1373 670 Eae
1391 632 1576 684 Hymetto

99 681 283 737 fortasse
305 682 484 728 veniunt,
517 691 552 719 et
574 679 784 733 pinguibus
810 677 1040 734 incl->disque
1068 682 1265 725 Athenis:
1292 685 1368 725 hoc
1389 691 1487 726 enim
1508 692 1578 743 ip—

110 754 218 786 sum,
260 747 379 790 puio,
428 735 606 776 Pindaro
647 734 882 787 instillasse3
929 739 1010 776 mel
1054 737 1256 779 nimirum
1286 743 1574 795 Hymettium.

111 794 289 835 GnAnv.
320 793 482 843 (Immo
506 793 598 845 ipsa
620 791 724 832 haec
741 791 880 831 verba.
920 793 970 835 V.
995 803 1086 834 not.
1110 804 1240 836 nostr.
1259 798 1309 838 ad
1331 803 1425 843 599.
1445 801 1492 840 C.
1516 804 1575 844 D.

111 849 284 898 Solan.)
326 849 574 903 (iSJymmaclz.
605 849 688 902 Ep.
719 848 805 889 III.
843 846 895 886 ad
935 851 1098 889 Auson.
1161 852 1265 893 Erat
1302 855 1471 910 quidem
1501 858 1574 897 illa

108 906 251 945 Achas
271 905 429 944 salibus
452 919 678 958 conspersa
699 913 741 944 et
761 904 910 958 thymo
925 905 1112 945 odorata.
1148 909 1368 952 Terentian,
1384 912 1573 954 deMetr‚

107 977 149 1016 p.
171 967 297 1006 2437.
322 975 364 1000 n.
390 964 429 1004 9.
451 961 633 1013 Hemst.)
669 959 804 1016 (DZ-4401)
821 971 935 1001 recte
957 963 1106 1001 eratin
1126 964 1220 1005 Par.
1244 970 1346 1006 sola.
1402 969 1453 1008 In
1478 970 1572 1023 ipso

106 1020 175 1059 M.
207 1030 336 1071 prave
361 1022 515 1070 θυμοῦ.
555 1019 721 1059 SOLAN.
791 1018 896 1057 Non
928 1017 1150 1070 dubitavi,
1190 1021 1331 1075 θύμου
1360 1027 1573 1079 praeferre

105 1077 328 1130 vulgatae,
361 1089 467 1130 quae
494 1080 635 1127 θυμοῦ
661 1074 865 1124 habebat,
898 1074 1174 1129 vertebatque
1197 1082 1368 1120 animum
1389 1082 1572 1122 Amicum

103 1134 287 1187 spiran55
318 1130 435 1185 quod
463 1131 594 1170 nihili
621 1142 704 1182 est,
737 1140 779 1171 et
807 1146 859 1170 ex
890 1142 1068 1170 accentu
1098 1136 1206 1173 male
1233 1138 1380 1188 posito
1413 1149 1571 1178 natum.

104 1188 291 1228 Herbam
324 1197 464 1228 autem
498 1188 670 1243 thymum
693 1187 873 1227 Athenis
909 1191 1084 1226 multum
1109 1189 1153 1227 in
1185 1205 1265 1230 usu
1291 1193 1450 1242 fuisse,
1486 1196 1571 1235 vid.

105 1244 334 1285 Scholiast.
358 1243 409 1282 ad
431 1245 692 1299 Aristophan.
716 1246 826 1283 Plut.
848 1248 944 1288 253.
965 1254 1008 1284 et
1030 1250 1124 1289 283.
1145 1247 1257 1299 apud
1281 1263 1402 1301 quern
1428 1252 1570 1304 priore

104 1305 202 1342 loco
225 1301 410 1340 vertitur
429 1316 544 1354 cepa,
578 1311 619 1339 et
643 1315 874 1354 pauperum
900 1300 1018 1339 cibus
1049 1302 1185 1344 fuisse
1206 1303 1256 1342 ab
1279 1305 1420 1346 Schol.
1441 1308 1571 1348 tradi-

105 1369 197 1398 tur:
230 1359 362 1396 altero
394 1371 517 1408 vero,
549 1358 708 1408 thymus.
767 1356 826 1396 At
855 1357 983 1397 herba
1013 1358 1184 1412 thymus,
1219 1375 1342 1413 quarn
1372 1373 1413 1401 et
1438 1363 1570 1404 hodie

102 1416 210 1470 ihym
243 1428 467 1460 vocamus,
507 1417 687 1452 multum
720 1413 863 1453 differt
898 1413 947 1452 ab
976 1416 1103 1467 cepiS.
1179 1418 1368 1471 Thymum
1401 1419 1569 1459 herbam

103 1470 356 1523 descriptam
386 1469 472 1509 vid.
504 1484 569 1523 ap.
596 1471 777 1511 Dioscor.
801 1471 854 1511 L.
874 1471 956 1510 III.
979 1486 1069 1524 cap.
1091 1476 1159 1516 37.
1220 1473 1304 1512 Ubi
1331 1477 1572 1516 IUattlz.120lus

102 1543 191 1568 eam
215 1536 256 1566 et
274 1527 435 1566 Graece
455 1525 597 1579 θύμον
624 1528 771 1566 vocari
799 1537 944 1574 notat,
980 1537 1021 1566 et
1041 1527 1215 1582 figuram
1246 1530 1391 1572 addit:
1427 1532 1477 1571 de
1498 1549 1571 1572 ce-

100 1585 168 1638 pis
197 1598 297 1623 vero
329 1582 389 1621 ibi
418 1582 542 1623 nihil.
616 1584 709 1623 Nec
740 1584 841 1623 satis
876 1583 1055 1637 expedit
1091 1584 1399 1638 differentiam,
1440 1590 1567 1628 immo

102 1640 402 1680 confusionem
428 1638 552 1689 banc,
587 1640 759 1682 Salmas.
783 1640 834 1680 ad
858 1641 991 1681 Solin.
1018 1655 1056 1694 p.
1071 1645 1167 1685 907.
1227 1643 1309 1684 Sed
1336 1659 1458 1698 cepas
1484 1647 1567 1684 for-

101 1712 178 1736 san
203 1696 252 1735 ab
277 1696 465 1735 animosa
484 1697 715 1736 acrimonia
736 1697 796 1736 sic
815 1707 989 1737 vocatas
1014 1699 1219 1751 conjicit,
1250 1709 1292 1739 et
1315 1715 1408 1739 cum
1429 1702 1570 1751 IIesy-

100 1754 189 1793 chio
209 1752 388 1806 aliisque
407 1752 752 1805 Lexicographis
784 1754 962 1802 fatetur,
992 1752 1128 1806 θύμον
1144 1770 1267 1809 saepe
1293 1773 1405 1812 cepas
1423 1751 1568 1812 signi-

99 1809 249 1858 ficare,
281 1807 353 1847 sed
383 1807 545 1847 radices
574 1808 726 1848 herbae
748 1809 870 1863 thymi
896 1810 988 1849 esui
1018 1810 1185 1862 ineptas
1216 1826 1317 1855 esse.
1380 1815 1472 1866 Ego
1499 1826 1567 1853 ta-

99 1881 195 1906 men
216 1864 268 1904 ad
293 1863 463 1904 herbam
484 1866 740 1918 fragrantem
761 1866 930 1920 thymum
953 1866 1063 1919 apud
1088 1867 1260 1907 Lucian.
1286 1870 1439 1922 respici
1465 1886 1566 1909 cen-

99 1937 188 1972 seo,
211 1936 295 1977 quo
319 1920 438 1960 cibos
463 1921 692 1961 condivere
714 1922 764 1961 ad
786 1933 954 1976 gustum
979 1934 1107 1977 atque
1131 1923 1300 1968 odorem
1320 1926 1566 1978 gratiorem.

99 1980 228 2017 immo
253 1977 509 2025 acutiorem,
545 1992 618 2018 seu
639 1978 957 2030 stimulantem,
984 1994 1030 2018 ac
1047 1981 1222 2023 salivam
1244 1994 1562 2034 provocantem,

99 2034 294 2088 adeoque
323 2034 582 2086 appetitum,
629 2044 677 2073 ut
704 2049 922 2083 vocamus,
964 2036 1170 2086 cientem,
1217 2051 1301 2091 quo
1331 2039 1563 2080 lectoribus

96 2091 295 2131 similiter
316 2089 566 2130 movendam
589 2091 760 2145 legendi
784 2092 1062 2144 cupiditatem
1085 2092 1292 2147 designat.
1324 2096 1487 2137 mez.

209 2146 314 2187 Ead.
335 2149 364 2186 l.
387 2150 425 2189 4.
462 2149 708 2200 Κρεπὲριος)
745 2151 876 2192 Tacit.
911 2150 990 2190 An.
1018 2156 1090 2200 14,
1112 2154 1150 2196 5,
1172 2150 1222 2190 de
1255 2151 1341 2189 alio
1375 2152 1561 2203 quidem,

93 2202 169 2244 sed
193 2203 410 2257 Creperejus
429 2201 488 2241 ibi
510 2204 731 2255 scribitur,
767 2216 809 2244 et
824 2220 925 2245 sane
944 2207 987 2245 in
1010 2208 1074 2246 Μ.
1108 2208 1341 2261 Κρεπέρῃος
1358 2209 1562 2259 scriptum

94 2270 170 2300 est.
203 2261 373 2300 Sorax.
432 2262 662 2311 Κρεπέριος,
681 2262 1016 2313 Καλπουρνιανὸς
1048 2267 1458 2315 Πομπηϊουπολίτης)
1492 2267 1562 2305 ln.-

96 2326 194 2369 epte
218 2315 422 2364 vertitur,
456 2315 654 2370 Creperius
678 2317 914 2372 Calpurnius
935 2320 1114 2373 Pompe-ji
1140 2323 1255 2369 civis,
1289 2334 1365 2373 pro
1389 2320 1562 2374 Pompe-

89 2373 260 2428 jopolita
278 2374 341 2411 vel
360 2371 734 2426 Pompeioplitanus.
766 2375 900 2415 Lucas
911 2375 1142 2416 Holstenius
1162 2377 1205 2414 in
1229 2378 1344 2415 notis
1363 2376 1413 2415 ad
1426 2377 1557 2431 Steph.

96 2431 146 2470 de
168 2429 343 2468 urbibus
367 2428 411 2466 in
442 2434 974 2474 ΠωΜΠΗΙΟΝΠΟΛΙΣ.
1010 2434 1190 2476 Armi,
1252 2432 1383 2486 Quod
1410 2434 1560 2473 Alme—

92 2486 170 2526 Zov.
191 2494 348 2535 monet,
374 2484 416 2523 id
439 2485 606 2539 Micylli
627 2487 779 2537 versio,
809 2503 931 2541 quam
955 2489 1139 2528 Parisina
1155 2488 1236 2532 Ed.
1256 2488 1444 2540 exhibet,
1477 2494 1559 2542 jam

93 2541 291 2582 habebat.
350 2542 430 2580 Pro
462 2541 794 2594 Πομπηϊόνπολις
817 2554 955 2583 autem
988 2543 1323 2597 Πομπηϊούπολις
1354 2561 1560 2598 reponen-

97 2597 194 2636 dum
215 2599 295 2638 erit
314 2597 357 2637 in
381 2597 647 2638 Almelovenii
667 2610 764 2639 nota
780 2632 791 2650 ‚
825 2615 946 2654 quam
969 2600 1027 2640 ita
1052 2601 1256 2651 exhibeo,
1290 2612 1336 2640 ut
1356 2603 1398 2640 in
1420 2603 1558 2643 Graev.

96 2653 160 2696 ed.
181 2664 329 2696 exstat.
389 2656 446 2693 At
467 2657 703 2709 posteriore
721 2655 848 2696 modo
869 2656 1018 2696 scribit
1040 2657 1183 2697 Strabo
1206 2658 1260 2698 L.
1281 2658 1382 2697 XIL
1406 2674 1443 2711 p.
1459 2666 1557 2703 841.

95 2713 169 2763 (al.
196 2712 313 2763 562.)
359 2712 489 2760 Error
519 2722 658 2753 autem
688 2713 894 2755 Benedicti
925 2712 1025 2754 inde
1056 2725 1197 2810 ortiss,
1233 2715 1347 2768 quod
1381 2717 1423 2756 in
1453 2731 1557 2756 non·

1199 2786 1222 2809 ιι
1256 2778 1281 2815 2
