1834 3188
238 611 614 662 ADDENDA
648 612 745 660 ET
780 611 1293 661 CORRIGENDA

613 765 670 806 αᾶ
701 766 813 804 Tom.
845 764 924 807 III.

81 873 174 926 Pag.
209 874 301 914 177.
329 871 356 909 l.
381 872 420 912 9.
450 883 526 921 pro
550 872 736 910 ΣΤΟΙΚ.
757 869 833 919 leg.
855 871 1052 910 ΣΤΩΙΚ.

109 954 166 961 -
206 932 298 972 192.
329 928 356 966 l.
378 932 415 968 3.
444 940 520 978 pro
552 926 769 979 ἐξημμένον
799 924 909 964 Bake
938 927 986 964 ad
1022 923 1212 965 Cleomed.
1246 939 1287 977 p.
1315 927 1411 969 420.
1441 941 1464 965 e

299 984 424 1022 Vitar.
446 983 559 1024 Auct.
586 997 621 1023 e.
643 987 683 1026 7.
707 983 968 1035 ἐξηρτημένον
989 983 1159 1021 rescribi
1178 982 1278 1020 vult.

110 1065 168 1073 --
206 1044 302 1084 219.
331 1041 359 1079 l.
383 1044 423 1083 8.
453 1054 528 1092 pro
549 1037 1172 1092 ἄφανῆἰάεωΒαῘῑεΡ.267.108ἰ
1193 1039 1462 1091 νΠῙῖἒμφανῆ.

109 1121 165 1129 -
203 1102 300 1142 228.
330 1098 356 1135 l·
379 1101 416 1139 3.
445 1103 538 1149 post
554 1095 742 1138 τοιούτου
764 1097 880 1135 etiam
904 1094 1058 1135 Gailius
1079 1099 1173 1151 βίου
1203 1097 1327 1134 inseri
1349 1096 1464 1148 jubet

300 1168 320 1193 e
350 1154 420 1194 Ms.

109 1235 167 1242 —
206 1215 302 1254 231.
333 1211 358 1249 l.
387 1214 425 1252 6.
455 1213 595 1251 τοῦτον
611 1211 735 1249 refert
758 1207 864 1250 Gail.
883 1210 924 1248 in
949 1209 1107 1247 duobus
1126 1209 1203 1259 legi
1222 1208 1312 1247 Mss.

109 1291 166 1300 --
205 1272 301 1310 232.
331 1268 357 1306 l.
377 1273 418 1310 3.
449 1263 523 1307 οὔκ
543 1281 632 1305 cum
656 1265 804 1317 Guyeto
829 1267 1138 1318 expungendum
1166 1272 1301 1304 censet
1320 1263 1427 1304 Gail.

108 1349 165 1356 ——
204 1329 300 1368 233.
327 1325 354 1363 l.
376 1329 414 1368 3.
444 1321 546 1371 ὅλως
568 1330 607 1362 et
630 1321 762 1362 Gailio
783 1324 935 1376 placuit
955 1337 1003 1361 ex
1024 1336 1104 1361 uno
1127 1322 1200 1361 Ms.

108 1406 167 1414 —-
205 1385 301 1424 247.
331 1383 360 1420 l.
383 1385 447 1424 13.
478 1377 663 1422 ὑπειπών
682 1381 795 1418 malit
818 1378 923 1419 Gail.

88 1462 162 1470 v—-
203 1440 299 1482 254.
330 1439 357 1476 1.
375 1442 444 1480 21.
473 1452 548 1491 pro
569 1451 604 1475 c.
629 1441 695 1479 29.
718 1439 792 1487 leg.
820 1451 852 1475 e.
875 1441 942 1480 30.

107 1520 166 1526 --
205 1499 299 1538 270.
330 1496 356 1533 1.
380 1500 415 1537 1.
446 1489 631 1548 ἆχάριτος
650 1495 765 1532 etiam
794 1492 901 1533 Gail.
922 1493 1043 1532 scribi
1062 1493 1163 1530 vult.

108 1574 166 1583 —
201 1557 297 1596 278.
326 1553 353 1591 l.
374 1556 414 1594 2.
447 1550 512 1604 (in
532 1552 643 1590 Varr.
663 1550 816 1604 Lectt.)
846 1549 951 1591 GaiZ.
975 1550 1017 1587 iu
1035 1556 1152 1587 textu
1180 1549 1340 1602 quidem
1368 1548 1465 1588 reti-

298 1609 388 1647 nujt
406 1606 539 1661 ἄωρα,
571 1607 641 1645 sed
662 1621 743 1644 non
762 1608 990 1659 improbans
1014 1603 1167 1659 ἄδωρα.

110 1689 167 1697 -
206 1666 357 1758 313.Il.
379 1668 416 1707 4.
446 1665 533 1716 lege
554 1666 768 1717 κνημῖδας.
795 1661 939 1716 (Hom.
962 1663 1009 1701 Il.
1030 1663 1112 1713 111,
1130 1663 1246 1715 330.)
1275 1664 1335 1706 Cf.
1363 1663 1464 1703 Adv.

325 1722 456 1759 ndoct.
477 1735 513 1760 c.
535 1725 575 1764 7.

624 1945 680 1984 ad
713 1946 824 1985 Tom.
854 1945 932 1984 IV.

91 2055 182 2103 Pag.
211 2055 250 2095 4.
279 2052 307 2090 l.
328 2052 400 2091 u'it.
420 2051 461 2089 in
480 2049 594 2088 Varr.
616 2050 744 2088 Leett.
763 2062 839 2100 pro
862 2051 955 2090 944
975 2051 1047 2098 leg.
1071 2052 1111 2091 9.
1135 2051 1206 2090 44.

119 2133 175 2142 --
216 2110 253 2152 5.
284 2110 311 2149 l.
333 2114 398 2152 13.
433 2107 630 2157 distingue
653 2106 699 2157 με’
716 2129 767 2151 ;-
792 2122 957 2156 μνῆμαι.
1017 2106 1068 2142 Et
1089 2106 1144 2143 sic.
1167 2106 1375 2156 aliquoties
1396 2121 1467 2157 per

305 2165 415 2204 hunc
437 2171 588 2203 tomum
610 2163 836 2202 aberratum
859 2169 916 2200 est
937 2177 958 2199 a
980 2170 1088 2200 recta
1111 2163 1378 2213 distinguendi
1404 2177 1469 2200 ra-

305 2224 428 2260 tione.

116 2302 173 2312 --
211 2279 278 2322 35.
308 2281 336 2318 l.
362 2283 401 2320 9.
432 2292 507 2330 pro
528 2273 659 2317 καλῶν
681 2277 708 2314 l.
729 2278 876 2316 καλῶν.
1017 2312 1020 2318 ,

119 2359 176 2366 -
213 2339 281 2377 40.
313 2337 340 2374 l.
359 2341 396 2379 3.
429 2336 494 2386 (in
515 2334 628 2372 Vers.
650 2333 724 2372 col.
748 2332 811 2385 2.)
842 2346 916 2384 pro
937 2329 1094 2369 consilli
1112 2332 1137 2371 l.
1159 2330 1330 2373 consilii,

119 2415 173 2423 ...
214 2395 281 2434 46.
312 2394 339 2431 l.
364 2397 404 2434 2.
437 2392 580 2444 (varr.
604 2391 762 2439 Le'ctt.)
792 2403 866 2441 pro
889 2385 1000 2435 οἶδας
1020 2389 1046 2427 l.
1066 2385 1191 2436 οἶδας.
1284 2384 1285 2387 “

119 2471 175 2480 --
215 2452 283 2492 48.
312 2451 338 2490 l.
363 2454 402 2492 8.
434 2462 509 2500 pro
534 2443 634 2486 εἶναι
653 2448 678 2485 l.
701 2443 814 2487 εἶναι.

121 2529 177 2537 —·-
217 2509 284 2548 50.
313 2507 340 2545 l.
364 2510 428 2548 13.
462 2505 597 2555 (vers.
618 2504 692 2542 col.
720 2503 784 2554 1.)
816 2515 889 2554 pro
913 2498 1073 2539 Achilis
1092 2500 1165 2550 leg.
1189 2497 1377 2539 Achillis.

118 2585 175 2594 -—
214 2564 280 2605 51.
309 2564 336 2604 l.
358 2565 423 2604 10.
453 2575 525 2612 pro
545 2560 730 2612 αἴρεῖσθα
747 2561 820 2610 leg.
849 2573 959 2596 -αι.

121 2641 176 2650 -
216 2621 282 2663 58.
311 2621 339 2659 l.
364 2622 403 2660 6.
435 2632 509 2670 pro
532 2618 638 2667 εἴχον
659 2618 729 2667 leg.
755 2615 873 2668 εἶχον.

123 2697 178 2705 -·
216 2680 284 2719 61.
315 2678 340 2716 l.
362 2679 401 2717 7.
432 2680 524 2726 post
548 2669 694 2723 ἀτρέμα
714 2671 942 2724 ponendum
964 2669 1193 2707 semicolon.

124 2753 179 2761 —-
219 2737 285 2775 63.
316 2734 342 2770 l.
365 2735 431 2775 15.
466 2745 540 2781 pro
561 2726 629 2769 τὸν
649 2730 724 2779 leg.
743 2732 837 2769 τῶν.

124 2810 176 2818 -
219 2792 284 2831 64.
318 2791 342 2826 1.
366 2792 402 2831 4,
440 2793 523 2839 post
549 2787 699 2824 literam
725 2790 756 2825 Z
779 2785 886 2823 deest
905 2779 1221 2831 interrogationis
1241 2787 1343 2819 nol-².
