1834 3188
293 182 390 229 686
644 190 1402 225 ΛοΝοτΛΤιοΝ-εε

292 301 433 333 autem
456 289 514 331 Fl.
534 298 575 329 et
591 288 681 329 Ραν.
700 297 812 329 recte
841 288 911 327 hic
929 287 1101 330 habeut.
1162 289 1368 345 Reliquae
1389 290 1545 332 vitiose
1564 293 1669 350 περὶ,
1710 293 1751 334 S.

290 359 432 390 autem
452 357 494 388 et
514 346 647 387 Amst.
673 344 786 400 quod
811 345 997 393 mireris,
1029 347 1107 389 ἐπί.
1145 346 1313 389 SOLAN.

401 404 503 446 Ead.
527 406 554 442 l·
577 408 615 449 5.
640 397 865 456 Ὀνείρων)
895 401 1145 442 Difficultas
1168 402 1241 442 hic
1252 403 1415 443 Latino
1437 404 1658 458 interpreti
1680 406 1753 446 ob-

289 462 427 503 oritur
445 475 534 500 non
552 459 682 498 facile
702 458 969 512 superabilis,
996 458 1111 513 quod
1131 473 1352 513 personam
1373 459 1551 516 adfingit
1563 462 1750 502 Somniis

287 519 508 560 Lucianus
523 547 533 566 ‚
566 525 610 556 et
630 515 744 556 cives
765 514 894 569 hujus
919 515 1180 569 reipublicae
1203 515 1332 556 facit:
1365 516 1481 570 quod
1503 518 1664 558 Graeco
1687 519 1749 558 fa·

289 576 386 626 nile,
421 574 496 627 qui
516 587 603 612 non
627 581 781 622 neutro
801 574 937 611 solum
959 586 1111 626 genere
1131 570 1327 615 ἐνύπνιον
1349 571 1488 613 dicere
1505 575 1658 628 possit,
1676 574 1750 614 aed

287 631 525 672 masculino
556 627 684 668 etiam
715 625 900 683 ὄνειρον,
941 637 1140 683 negatum
1168 629 1353 670 Latinis.
1421 629 1504 670 Sed
1532 631 1751 671 laboratur

287 690 400 736 fere,
433 686 601 742 quoties
623 687 742 725 lusus
771 684 980 738 ejusmodi
1010 684 1063 724 ad
1095 686 1267 726 verbum
1298 687 1526 727 transferre
1559 687 1748 728 coneris:

289 744 447 800 quibus
470 742 524 782 ob
550 741 686 794 ipsam
708 755 797 781 eam
820 755 1008 781 caussam
1030 742 1075 780 in
1096 743 1268 796 scriptis
1293 742 1412 782 seriis
1432 752 1474 783 et
1492 753 1671 785 aetatem
1689 746 1750 784 la·

285 801 395 841 turis
418 800 515 849 vix,
545 812 593 837 ac
618 812 672 840 ne
695 797 770 837 vix
792 797 963 852 quidem
982 801 1104 838 locus
1127 809 1202 839 est.
1238 799 1377 839 GESN.

400 855 505 896 Ead.
534 857 564 894 l·
590 859 631 897 7.
676 855 1095 908 Διεσκευασμένο
1109 856 1152 908 ι]
1202 856 1504 909 Κεκοσμημὲνοι
1545 854 1750 908 praetulit

288 911 487 955 Schmiecl.
517 926 540 952 e
574 909 711 952 Codd.
738 911 891 952 Pariss.
918 921 961 950 et
984 912 1104 950 Gorl.
1163 912 1340 951 Rectius
1376 912 1458 952 hoc
1484 925 1562 965 pro
1587 914 1751 965 glosse-

284 980 396 1010 mate
414 968 587 1008 damnat
605 966 782 1008 Belinus.
823 966 953 1020 Quod
974 977 1113 1007 autem
1133 968 1433 1021 repetitionem
1453 967 1641 1020 ejusdem
1660 981 1753 1006 ver-

283 1027 330 1066 bi
358 1025 539 1074 attinet,
573 1023 620 1063 in
654 1037 739 1077 qua
768 1023 1038 1063 Schmiederns
1073 1024 1277 1074 offendit,
1321 1023 1544 1064 vindicant
1570 1038 1660 1064 eam
1701 1022 1749 1065 G.

282 1085 344 1125 A.
377 1082 423 1122 V
419 1078 706 1135 oigilaenclerus
730 1080 776 1118 in
801 1079 1040 1120 Observatt.
1074 1080 1127 1119 ad
1152 1081 1336 1135 Xenoph.
1356 1082 1558 1121 Memorr.
1583 1081 1694 1119 Part.
1717 1080 1749 1118 I.

282 1139 339 1179 ad
368 1139 574 1177 Memorr.
608 1136 651 1186 I,
685 1142 735 1186 3,
766 1142 808 1182 3.
841 1136 1010 1176 collatis
1045 1137 1153 1176 locis
1178 1138 1248 1176 De
1278 1138 1416 1177 Mero.
1452 1134 1590 1176 Cond.
1618 1150 1653 1176 c.
1678 1141 1746 1180 23.

283 1197 421 1235 Diall.
444 1195 600 1233 Mortt.
620 1192 748 1244 XVI,
771 1198 812 1237 2.
871 1193 954 1232 Pro
976 1193 1107 1246 Laps.
1130 1194 1209 1232 int.
1231 1192 1367 1233 Salut.
1392 1208 1425 1235 c.
1451 1198 1517 1237 11.
1538 1200 1579 1232 et
1590 1191 1752 1232 Censor

285 1256 378 1306 ejus
401 1249 616 1300 (Iacobus,
641 1249 818 1303 opinor,
839 1248 1085 1304 Portensis)
1108 1251 1153 1289 in
1174 1249 1286 1290 Bibl.
1308 1249 1414 1290 Crit.
1437 1248 1607 1289 Hildes.
1626 1250 1752 1289 Tom.

282 1310 345 1349 II.
368 1309 487 1347 Fasc.
508 1307 584 1347 IV.
610 1320 651 1358 p.
674 1310 770 1350 870.
790 1306 865 1360 qui
891 1306 1103 1359 posterior
1124 1306 1252 1346 etiam
1274 1307 1441 1345 consuli
1472 1305 1592 1359 jubet
1613 1304 1751 1345 Hein-

285 1365 392 1422 dorf
414 1363 467 1403 ad
486 1361 568 1403 Cic.
592 1361 642 1401 de
664 1363 764 1404 Nat.
788 1364 922 1403 Deor.
944 1377 984 1415 p.
995 1366 1062 1407 89.
1084 1372 1127 1402 et
1146 1361 1327 1402 offendit
1346 1372 1563 1416 praeterea
1585 1361 1630 1399 in
1652 1375 1752 1401 cou-

283 1421 526 1462 structione
549 1423 622 1461 τοῦ
645 1425 810 1472 κοσμεῖν
834 1421 912 1469 εἰς,
944 1433 1081 1474 neque
1101 1418 1185 1458 hoc
1207 1418 1377 1472 quidem
1399 1418 1568 1473 injuria.
1597 1418 1753 1460 Lmnvs.

396 1476 497 1517 Ead.
516 1479 544 1516 1.
571 1481 635 1519 12.
669 1479 819 1526 Δεξιῶς
839 1476 1037 1526 ἐξένιζον)
1067 1476 1271 1515 Accurate
1290 1486 1508 1529 receperunt
1527 1484 1642 1515 recte
1660 1489 1752 1514 ver-

280 1544 347 1574 tas
369 1548 456 1573 non
489 1531 727 1572 absimilem
753 1532 889 1585 Longi
910 1531 1108 1584 phrasin,
1142 1532 1187 1569 in
1209 1532 1370 1570 Pastor.
1394 1532 1467 1573 IV.
1489 1546 1530 1584 p.
1554 1536 1647 1574 107.
1667 1532 1747 1570 Ed.

280 1591 407 1633 Moll.
443 1594 595 1631 Τοῦτον
622 1589 844 1638 ἐδεξιοῦντο
870 1593 1005 1629 πᾶσαν
1034 1590 1238 1637 δεξίωσιν·
1277 1587 1388 1636 sive,
1417 1604 1506 1627 cum
1527 1587 1748 1634 industria3

281 1662 380 1686 nam
406 1647 553 1689 οἰκέται
585 1646 707 1695 δεξιοὶ
730 1647 830 1685 servi
850 1644 1035 1684 industrii
1059 1653 1160 1684 sunt
1191 1642 1306 1697 apud
1328 1643 1509 1684 eundem
1535 1657 1633 1698 pag.
1655 1648 1749 1688 126.

280 1706 347 1759 (s.
375 1700 497 1757 134.)
537 1702 702 1740 RmTz.
1079 1748 1081 1750 q

395 1760 495 1813 Pag.
516 1762 613 1802 308.
631 1760 661 1797 1.
678 1762 719 1802 4·
751 1754 1045 1807 Καθεύδοντες,
1073 1753 1367 1809 εὐωχούμενοι)
1397 1755 1434 1798 J.
1454 1755 1519 1797 Fl.
1539 1765 1583 1797 et
1600 1756 1658 1796 H.
1682 1756 1749 1795 ni-

279 1816 346 1857 hil
368 1816 441 1856 hic
466 1830 489 1854 a
518 1817 691 1868 vulgata
723 1814 841 1854 abire
873 1822 1096 1853 notaverat
1119 1813 1304 1853 Solemus.
1363 1812 1432 1851 An
1453 1813 1597 1852 voluit
1613 1813 1749 1868 igitur

280 1872 633 1928 conjunctionem
666 1869 899 1924 quaerere?
952 1870 1036 1909 Vix
1066 1868 1217 1909 credo:
1263 1884 1360 1908 nam
1389 1865 1613 1912 οἷσύνδετον
1639 1869 1749 1908 illud

278 1931 354 1970 hie
381 1929 533 1969 melius
557 1937 599 1967 et
627 1926 865 1976 efficacius,
899 1941 1022 1981 quam
1051 1926 1087 1964 si
1117 1926 1365 1978 conjunctio
1396 1924 1584 1973 adesset3
1618 1926 1747 1965 immo

278 1989 433 2028 vellem
462 1985 521 2023 ita
554 1984 723 2037 saepius
753 1984 1026 2038 enunciasset
1057 1981 1240 2032 Noster,
1274 1991 1324 2021 ut
1348 1982 1477 2035 Long.
1508 1982 1622 2022 Past.
1656 1982 1748 2033 III,

280 2048 379 2088 120.
411 2041 492 2081 Ed.
522 2041 722 2094 Jungerm.
753 2039 933 2093 μιμεῖταί
953 2036 1083 2080 πάντα
1111 2062 1168 2069 --
1196 2037 1343 2088 θεοὺς,
1376 2033 1646 2094 ἀνθρώπους,
1683 2036 1748 2092 ὅρ-

277 2118 405 2157 γανα,
444 2100 584 2152 θηρία.
656 2098 714 2135 Et
742 2097 796 2138 L.
826 2096 903 2146 IV,
939 2099 1031 2140 115.
1067 2097 1189 2148 (123.
1221 2095 1375 2146 Moll.)
1409 2093 1592 2149 θόρυβος
1620 2095 1747 2145 πολύς

277 2162 462 2211 κτηνῶν,
496 2157 684 2203 οἰκετῶν,
717 2149 895 2205 ἆνὸρῶν,
925 2157 1138 2207 γυναικῶν.
1199 2150 1405 2205 Quamvis
1425 2151 1536 2192 idem
1557 2152 1662 2191 alibi
1685 2163 1746 2191 et·

279 2214 365 2253 iam
386 2212 514 2252 nimis
539 2219 649 2249 amet
670 2208 774 2248 illud
793 2209 1020 2260 repetitum
1040 2211 1120 2250 καί.
1152 2209 1316 2247 ΡιειΤΖ.
1375 2208 1506 2247 Facio
1537 2223 1629 2248 cum
1652 2208 1746 2248 Rei-

278 2274 384 2320 izio,
416 2283 493 2308 nec
514 2267 665 2320 probo,
700 2264 816 2318 quod
838 2265 1121 2314 Sclzmz‘eclerus,
1153 2264 1295 2304 Belino
1317 2263 1534 2313 suadente,
1565 2279 1587 2304 e
1607 2264 1745 2305 Codd.

275 2327 432 2366 Pariss.
456 2325 652 2376 copulam
675 2321 878 2371 inseruit,
910 2322 990 2361 etsi
1012 2321 1285 2361 Gorlitiensis
1308 2321 1540 2360 auctoritas
1564 2320 1739 2361 accedit.

276 2383 469 2437 Insignis
489 2379 601 2419 enim
634 2380 697 2418 vis
719 2387 781 2416 est
805 2379 848 2416 in
872 2377 955 2417 hoc
977 2377 1212 2430 Asyndeto.
1271 2377 1427 2432 Longe
1450 2377 1572 2417 aliter
1592 2386 1655 2416 est
1674 2391 1741 2416 su·

275 2454 375 2492 pra,
397 2439 434 2478 si
458 2451 551 2477 cum
571 2433 715 2474 eodem
739 2434 987 2474 Schmieclero
1010 2432 1243 2474 secundum
1262 2433 1431 2472 eosdem
1454 2432 1589 2473 Codd.
1612 2442 1653 2472 et
1675 2432 1738 2470 in-

278 2510 406 2549 super
425 2495 535 2548 Aug.
551 2494 691 2546 legas:
723 2493 765 2532 οἷ
795 2491 836 2532 δὲ
853 2493 1040 2545 σκληροὶ,
1072 2491 1208 2544 μικροὶ
1235 2491 1302 2532 καὶ
1331 2487 1534 2543 ἄμορφοι,
1566 2489 1736 2538 inserta,

277 2565 383 2605 quae
400 2554 529 2605 vulgo
549 2547 688 2598 deest,
719 2561 825 2587 voce
853 2551 1042 2602 σκληροί,
1077 2550 1197 2599 cujus
1223 2554 1452 2599 syntaxeos
1473 2555 1562 2584 tum
1581 2545 1736 2599 asperi-

276 2616 430 2655 tatem,
463 2617 552 2645 tum
575 2606 845 2656 languorem,
879 2605 973 2659 quis
1000 2618 1087 2643 non
1111 2601 1302 2642 sentiat?
1332 2603 1487 2641 Lnnm.

391 2663 493 2703 Ead.
514 2666 541 2702 l.
563 2665 601 2703 7.
628 2658 806 2716 Ὠγυγίᾳ
826 2660 963 2713 νήσῳ)
995 2659 1092 2700 Vid.
1118 2658 1227 2698 Plut.
1245 2663 1366 2702 1733.
1401 2658 1568 2696 SOLAN.

390 2720 491 2758 Emz.
516 2723 543 2761 1.
569 2721 633 2759 11.
666 2716 927 2771 Λευκοθέας)
959 2717 1135 2757 Matuta.
1169 2715 1336 2754 Vonsr.
