1834 3188
345 218 396 249 ιΝ
432 215 674 254 Quomono
710 214 948 246 ms'ronm
984 216 1061 246 sm·
1095 216 1297 248 consen.
1449 206 1547 252 623

86 324 279 364 transeat,
308 316 342 353 si
361 325 534 368 urgeant.
597 311 722 366 Apud
743 311 953 353 Isocratem
975 322 1018 352 et
1035 313 1144 353 alios
1171 314 1326 366 passim
1347 316 1546 366 occurrit,

87 370 143 425 ἦν
163 374 392 427 κατεπείγῃ,
425 375 460 410 si
481 387 539 409 res
561 380 706 424 urgeat.
766 370 877 409 Mox
901 370 1009 409 dicit
1030 368 1181 412 ὁπόταν
1204 372 1334 413 ἐκεῖνα
1351 376 1472 427 καλῇ,
1505 383 1548 412 et

90 442 187 480 pag.
208 442 295 481 seq.
320 429 470 467 iterum
485 459 497 476 ‚
530 426 626 469 ὅταν
647 426 690 468 δὲ
703 424 812 468 πάνυ
832 430 1039 482 κατεπείγῃ
1059 425 1102 468 τὸ
1121 431 1294 482 πρᾶγμα.
1328 428 1548 468 Vrrnmo.

90 483 332 539 Sifestinet‚
367 494 546 523 verterat
566 481 769 522 Benedici.
801 484 980 522 Rectius
998 484 1048 522 L.
1069 483 1153 523 Bos
1170 483 1220 523 de
1241 485 1376 538 ellips.
1401 499 1439 538 p.
1457 491 1548 529 136.

85 541 240 597 (quem
267 541 311 578 in
331 540 580 587 corrigenda
602 540 797 578 versione
816 539 1076 592 sequendum
1099 540 1381 593 peritissimus
1401 542 1547 581 harum

87 598 392 650 elegantiarum
419 596 635 638 Hcmsterb.
654 594 954 650 adnotaverat)
987 599 1022 636 ,ςί
1049 614 1108 636 res
1136 609 1293 650 urgeat,
1329 598 1446 649 (sive
1474 616 1549 637 ur·-

82 664 222 706 εεζιιεατ,
253 663 303 692 ut
328 652 597 692 scribendum
628 653 809 701 v'olunt)
842 652 1101 707 intelligitur
1131 656 1243 693 enim
1273 659 1458 710 πρᾶγμα,
1500 663 1550 693 ut

87 710 171 749 Bos
191 709 317 749 docet
337 708 442 750 ibid.
503 709 574 750 Sic
598 709 743 762 itaque
760 707 885 748 etiam
913 723 1028 748 nunc
1048 710 1159 749 verti
1184 711 1350 760 malim,
1383 712 1464 751 etsi
1482 712 1550 749 ni-

87 766 152 806 hil
175 768 219 805 in
244 766 406 806 ‘Gesner-i
425 766 622 805 versione
643 764 827 815 mutavi,
858 766 955 819 quia
979 766 1030 805 ab
1053 768 1144 819 ejus
1166 778 1306 806 mente
1323 782 1458 820 prope
1479 768 1549 806 ab-

86 833 163 866 est.
199 825 363 862 R'm‘rz.
423 822 551 862 Nihil
581 835 689 874 opus
714 830 797 870 est,
839 833 887 860 ut
918 833 1015 875 post
1039 827 1246 880 κατεπείγῃ
1275 823 1346 863 hic
1373 823 1549 864 aliunde

93 880 387 934 intelligamus
420 882 594 933 πρᾶγμα.
666 877 929 930 Simpliciter
961 879 1072 917 enim
1103 878 1155 917 ad
1181 882 1312 922 ἐκεῖνα
1343 882 1548 928 refertur,

87 935 202 989 quod
223 936 349 975 etiam
372 933 725 988 interpretatione
744 948 989 986 expressum
1009 945 1084 974 est.
1118 937 1255 976 stx.
1288 936 1385 978 Vid.
1401 937 1552 976 Schwe-

88 992 160 1033 hel.
182 993 317 1033 Praef.
339 990 391 1029 ad
413 991 466 1030 L.
485 991 570 1031 Bos
600 989 652 1030 de
682 990 857 1044 Ellipss.
877 1001 920 1031 et
942 991 1146 1050 Schaefer.
1178 992 1284 1032 ibid.
1304 1008 1344 1048 p.
1367 998 1465 1037 410.
1483 1007 1548 1047 sq.

81 1049 239 1087 LEHM.
325 1066 327 1070 ⁴

196 1104 300 1145 Ead.
321 1106 348 1145 l.
371 1109 410 1148 7.
435 1101 630 1160 Ὀμοχρ.)
659 1105 930 1145 Musicorum
950 1115 1014 1145 est
1031 1105 1309 1158 vocabulum,
1343 1122 1436 1147 cum
1463 1121 1551 1146 vox

85 1171 130 1202 et
159 1161 319 1200 cithara
349 1175 450 1200 suos
486 1175 680 1216 quaeque
715 1172 842 1200 tonos
875 1172 1090 1202 servantes
1119 1174 1372 1203 concentum
1399 1163 1548 1213 edunt,

86 1233 210 1273 quem
238 1231 314 1270 pro
339 1217 485 1256 lubitu
518 1218 667 1257 modos
701 1218 862 1257 faciens
893 1218 963 1258 edi
991 1219 1153 1258 voluit:
1200 1219 1314 1274 quod
1348 1220 1416 1271 fit,
1449 1219 1550 1258 dum

83 1275 290 1327 utrinque
311 1283 476 1327 tempus
499 1274 648 1313 sedulo
671 1284 776 1313 tono
798 1275 954 1330 cuique
972 1276 1227 1331 assignatur,
1262 1276 1377 1330 quod
1398 1291 1421 1316 a
1439 1279 1551 1319 διδα·

84 1329 218 1382 σκάλῳ
240 1331 490 1383 imper-atum
521 1341 608 1381 est,
638 1340 714 1369 aut
745 1330 893 1380 breve,
925 1341 999 1370 aut
1020 1334 1221 1387 longum,
1254 1342 1328 1371 aut
1349 1332 1550 1372 divisum.

85 1389 275 1440 Usurpa't
291 1388 444 1425 iterum
457 1387 878 1427 Noste1·Musicorum
898 1402 1025 1427 sensu
1044 1389 1202 1444 Imagg.
1223 1404 1258 1429 c.
1277 1394 1341 1433 14.
1374 1389 1547 1430 SOLAN.

84 1445 350 1495 Obscurum,
381 1442 485 1497 quid
518 1443 560 1484 h.
592 1447 620 1484 1.
655 1444 739 1482 sibi
769 1444 898 1491 velit;
941 1453 1036 1483 aut:
1070 1445 1177 1498 quae
1207 1445 1324 1486 brevi
1360 1455 1549 1499 tempore

85 1511 201 1555 gesta
221 1509 339 1548 sunt,
361 1499 605 1539 brevissime
627 1509 792 1546 narret;
827 1515 935 1554 quae
954 1504 1051 1554 plus
1078 1502 1280 1555 temporis
1306 1502 1549 1555 exigebant,

83 1559 130 1596 in
153 1557 206 1595 iis
235 1555 402 1594 diutius
427 1555 622 1602 haereatg
655 1565 698 1595 et
719 1555 834 1594 haud
868 1557 957 1595 scio
986 1571 1038 1595 an
1065 1557 1123 1596 ita
1147 1558 1309 1611 ceperit
1335 1558 1547 1607 Gemmas,

84 1627 215 1668 quum
235 1621 438 1652 verteret:
461 1612 669 1666 eodemque
687 1628 776 1651 cum
795 1614 891 1666 ipsis
909 1614 1144 1666 temporibus
1159 1617 1320 1668 vestigio
1334 1615 1550 1668 procedat,-

87 1681 183 1719 aut,
218 1668 333 1723 quod
355 1669 488 1722 magis
514 1672 672 1719 placet,
706 1683 799 1707 cum
819 1669 1027 1708 Wielamlo
1050 1670 1289 1725 intelligas:
1323 1671 1405 1710 und
1424 1688 1469 1710 so
1489 1686 1552 1725 sey

82 1744 152 1775 er,·
176 1742 219 1765 so
247 1725 326 1764 viel
347 1724 563 1777 moegliclt,
596 1724 750 1765 iiberall
778 1727 914 1764 immer
939 1726 1185 1780 gleichzeiiig
1211 1743 1390 1781 zugegen.
1432 1729 1551 1766 Run.

81 1782 197 1822 Illud
222 1795 301 1820 nec
323 1781 527 1820 Lucianus
551 1782 783 1834 cogitavit,
815 1796 893 1820 nec
919 1782 1110 1821 Gesner-us
1127 1783 1353 1836 interpres,
1385 1793 1552 1823 ut‘vers

79 1839 132 1877 ba
165 1843 256 1891 ejus
287 1838 378 1891 ipsa
409 1836 655 1877 ostendunt.
716 1837 807 1876 Nec
828 1837 992 1876 Belinus
1020 1837 1250 1888 aberravit,
1281 1849 1476 1879 vertens:
1515 1850 1551 1877 et

83 1895 187 1951 qu'il
209 1897 411 1948 exprime,
455 1893 524 1933 s’il
547 1904 603 1932 est
627 1893 819 1947 possible,
866 1893 1058 1933 Z'itlentite
1085 1893 1151 1934 (les
1183 1906 1327 1949 temps,
1369 1905 1412 1935 et
1440 1895 1550 1933 hanc

85 1952 318 2005 subjiciens
348 1958 517 1990 notam:
549 1950 750 2000 „Lucien
773 1959 877 1988 veut
907 1949 998 1989 dire
1020 1964 1095 2003 par
1116 1950 1254 2002 -*—*-1a‚
1289 1966 1369 2004 que
1392 1952 1427 1990 si
1446 1955 1551 2005 plu-

84 2009 221 2047 sieurs
243 2006 496 2047 evenemens
519 2021 563 2046 se
582 2016 679 2044 sont
701 2005 842 2059 passe)
867 2021 919 2045 en
945 2008 1078 2046 meme
1100 2017 1236 2061 temps
1251 2037 1262 2056 ,
1296 2007 1327 2046 il
1351 2008 1444 2046 faut
1468 2022 1549 2060 que

83 2064 354 2113 l'historien,
388 2076 462 2114 par
483 2065 520 2101 la
545 2062 730 2115 rapidite'
756 2062 807 2100 de
831 2077 908 2101 son
933 2062 1063 2112 tecit,
1098 2064 1241 2114 imite,
1274 2065 1342 2103 s’il
1360 2073 1423 2103 est
1442 2078 1551 2117 pos-

83 2121 204 2170 sible,
227 2129 335 2160 cette
357 2118 538 2158 identite
559 2119 610 2159 de
633 2123 816 2172 temps.“
873 2120 995 2158 Patet
1018 2119 1090 2158 hic
1109 2134 1256 2160 sensus
1274 2135 1328 2160 ex
1353 2121 1422 2171 iis,
1441 2133 1549 2174 quae

85 2187 234 2216 auctor
253 2175 452 2227 deinceps
474 2174 716 2214 illustrandi
739 2189 882 2214 caussa
904 2175 1037 2214 addit.
1086 2177 1243 2218 Lmrm.

198 2231 302 2271 Ead-
321 2234 349 2270 l·
373 2237 438 2274 11.
477 2230 531 2273 Τὸ
557 2232 744 2282 κέντρον)
775 2232 842 2270 Ita
864 2233 939 2271 W.
961 2241 1004 2271 et
1034 2233 1080 2276 P,
1104 2248 1191 2272 non
1222 2243 1271 2272 ut
1296 2232 1339 2270 in
1370 2230 1549 2284 reliquis

85 2299 148 2330 est
176 2293 234 2330 τῶ
263 2289 423 2344 κέντρῳ.
483 2284 671 2341 Aliquid-
699 2288 842 2326 forsan
867 2288 940 2327 hic
969 2287 1134 2338 subest,
1167 2288 1283 2342 quod
1310 2287 1410 2341 quia
1431 2287 1551 2325 anti-

85 2335 267 2401 quorum
292 2347 560 2398 speculorum
587 2344 696 2383 ratio
717 2357 806 2382 non
830 2345 932 2383 satis
955 2355 1053 2383 nota
1077 2357 1159 2395 est,
1193 2344 1446 2384 industriam
1471 2358 1549 2381 cu-

84 2405 294 2443 riosorum
320 2400 540 2439 hominum
563 2400 690 2453 fugit.
750 2401 847 2439 Hoc
872 2409 985 2440 certe
1007 2401 1098 2440 scio
1115 2433 1129 2451 ,
1161 2402 1371 2441 neminem
1399 2413 1548 2451 capere

88 2473 236 2513 posse,
270 2456 384 2510 quod
411 2456 571 2508 priores
591 2456 842 2509 interpretes
866 2456 936 2495 hic
965 2456 1136 2497 habent.
1197 2459 1291 2512 Ego
1318 2457 1353 2494 si
1377 2469 1547 2495 sensum

84 2517 260 2555 Luciani
278 2527 365 2553 non
386 2527 476 2551 sum
509 2523 747 2561 assecutus,
765 2522 891 2552 certe
913 2513 1075 2566 aliquid
1098 2512 1244 2553 videar
1265 2513 1447 2559 dixisse;
1481 2511 1547 2550 illi

85 2572 210 2612 nihil.
243 2572 408 2611 Sosim.
468 2569 536 2607 An
568 2564 832 2620 eo'ternpore
864 2568 1063 2607 rotundis
1091 2573 1222 2623 vulgo
1249 2568 1433 2622 speculis
1454 2577 1547 2606 ute-

87 2627 264 2676 bantur,
306 2627 444 2679 iisque
479 2628 547 2665 vel
581 2625 786 2663 convexis
817 2626 1106 2679 aliquantum,
1146 2629 1213 2664 vel
1243 2625 1468 2670 concavis,
1490 2624 1545 2662 -in

87 2683 241 2738 quibus
264 2686 386 2724 centri
411 2682 553 2735 aliqua
585 2681 693 2719 ratio
719 2679 908 2719 habenda
924 2679 945 2718 ⁴?
985 2681 1171 2721 suadent
1191 2681 1298 2721 illud
1318 2691 1406 2721 tum
1435 2680 1515 2720 alia
1532 2709 1545 2726 ,

87 2749 176 2779 tum
204 2739 335 2791 illud,
368 2738 485 2795 quod
509 2735 770 2791 Noviomagi
802 2736 846 2775 in
873 2736 1099 2791 sepulchro
1125 2736 1356 2793 repertum,
1387 2737 1438 2777 de
1461 2749 1545 2791 quo
