1834 3188
315 162 417 208 426
670 173 1426 208 ADNOTATIONES

426 272 526 327 Pag.
546 274 658 318 57.1.
681 276 745 316 17.
771 269 862 314 Ἐπὶ
881 270 1035 320 πάντας
1049 272 1121 319 ἴεν)
1151 271 1324 312 Sincera
1341 273 1471 312 lectio
1492 273 1606 315 ἰέναι.
1629 275 1773 315 Bnon.

312 330 366 369 In
385 328 437 370 A.
456 336 496 373 2.
517 340 578 368 est
597 330 698 380 ἰὲνε,
730 329 776 367 in
797 330 847 368 B.
869 334 909 372 3.
932 330 1048 370 ἰέναι.
1107 328 1160 374 In
1183 328 1362 383 reliqq.,
1393 344 1495 384 quas
1518 330 1634 382 vidi,
1669 342 1773 372 vett.

311 385 423 424 Edd.
441 394 552 425 recte
570 387 680 427 ἰέναι.
711 385 870 440 LEan.

427 443 528 495 Pag.
550 445 661 486 58.1.
688 445 726 484 1.
758 441 821 482 At}
841 437 911 488 τὸ)
943 439 1013 480 Sic
1033 440 1099 479 M.
1126 449 1168 479 et
1186 439 1381 495 plerique
1411 441 1616 496 impressi.
1660 445 1708 486 P.
1731 454 1773 484 et

310 500 399 538 Ms.
424 500 497 537 Gr.
522 498 617 541 αὐτὸ
640 499 780 536 minus
800 496 1032 535 commode.
1065 497 1231 537 SOLAN.

424 554 525 593 Eacl.
545 558 572 593 l
597 561 635 598 2.
661 551 1084 621 Ἄποδυθησομένων)
1115 552 1393 592 scribendum
1414 567 1466 593 ex
1491 556 1577 596 Ms.
1604 557 1672 599 καὶ
1696 556 1773 612 γὰρ

312 609 410 653 αὐτὸ
431 628 505 663 την
531 609 681 662 πολλὴν
715 606 888 663 ἀπορίαν
916 607 1185 677 παρεχόμενον
1212 607 1327 652 τουτό
1354 611 1483 661 ἐστιν,
1525 609 1583 653 ὅτι
1609 614 1773 662 ἕκαστος

311 673 390 709 τῶν
414 665 816 721 ἆποδυθησομὲνων’
804 668 880 719 ἔχει
904 667 940 707 τὶ
958 663 1141 714 πάντως·
1173 666 1248 705 Ῐιοσ
1276 682 1462 719 magnam
1491 667 1771 709 dubitationem

311 726 451 779 affin-t,
483 723 590 778 quod
618 740 771 773 eorum,
803 725 871 777 qui
898 733 1110 772 exuentur,
1143 725 1403 777 unusquisque
1427 727 1584 763 omnino
1617 725 1772 779 aliquid

309 780 439 818 habet.
497 781 550 819 In
575 780 703 820 editis
726 780 882 834 legitur
902 775 1244 831 αποδυσομένων,
1276 778 1359 818 hoc
1391 789 1475 829 est,
1515 783 1584 834 qui
1612 793 1768 821 exuent.

310 837 492 875 GnAEv.
547 834 939 889 Ἀποδυθησομένων
956 836 1029 876 W.
1049 836 1198 887 etiam,
1230 835 1335 875 etP.
1355 836 1470 875 etL·
1493 836 1645 878 Valeat
1669 851 1768 892 ergo

303 895 536 946 vulgatum.
569 892 740 933 SOLAN.

415 946 906 1004 Pag.59.1.1.11a0a)
936 950 1004 988 Ex
1034 949 1110 988 W.
1134 948 1264 1002 Impr.
1290 948 1402 988 enim
1435 959 1635 1003 corrupte
1666 951 1770 1007 περί.

302 1005 630 1105 ΞΟΙΙΑ11Ξ<]ιᾶ.1.4.
674 1060 969 1114 Ευανδρίδου)
1009 1060 1124 1101 Idem
1153 1060 1269 1100 haud
1302 1061 1450 1112 dubie,
1492 1061 1569 1117 qui
1603 1061 1695 1101 de
1683 1063 1763 1110 lis,

306 1117 382 1170 qui
405 1118 620 1170 Olympiis
641 1118 755 1157 ludis
776 1119 991 1167 vicerant,
1030 1118 1185 1156 librum
1218 1118 1465 1171 scripserat,
1509 1132 1633 1185 quem
1663 1122 1767 1157 lau-

305 1175 378 1213 dat
400 1175 700 1214 PausaniasL.
723 1175 783 1216 II.
813 1190 855 1228 p.
878 1177 986 1223 185,
1018 1179 1087 1217 29.
1132 1173 1213 1212 Sed
1244 1173 1304 1211 ibi
1333 1184 1472 1212 tamen
1507 1169 1768 1229 Εὗανορίδας

304 1230 505 1270 sc1ibitur
523 1233 611 1283 ejus
638 1245 809 1270 nomen.
843 1232 1014 1271 SOLAN.
1082 1230 1227 1268 Locus
1258 1230 1480 1269 Pausaniae
1506 1239 1569 1267 est
1599 1232 1653 1269 L.
1686 1231 1760 1272 VI.

302 1303 339 1328 c.
364 1292 401 1331 8.
423 1301 463 1339 p.
484 1291 578 1329 471.
598 1286 743 1326 Huhn.
775 1287 833 1324 At
854 1286 1031 1324 nimium
1053 1300 1195 1324 rursus
1214 1286 1385 1325 Solemus
1407 1285 1623 1325 nominum
1645 1286 1762 1325 simi-

299 1343 480 1382 litudini
501 1343 668 1382 tribuit.
729 1341 856 1381 Haud
879 1341 1005 1381 dubie
1030 1342 1172 1381 fictum
1203 1342 1295 1383 h.1.
1322 1355 1410 1381 non
1444 1344 1581 1382 solum
1613 1344 1759 1382 Euan-

300 1399 447 1438 dridae
470 1414 649 1445 nomen,
682 1398 755 1437 sed
779 1399 905 1438 etiam
924 1413 1117 1451 persona.
1150 1399 1309 1439 LEHM.

409 1455 512 1496 Ead.
531 1459 561 1495 l.
586 1461 652 1498 12.
691 1452 827 1496 Φυλλα
845 1453 1031 1508 δάφνης)
1063 1456 1218 1495 Sensus
1237 1455 1452 1508 abruptus,
1483 1455 1759 1515 interpellan-

298 1520 341 1551 te
361 1512 584 1557 Lucian03
618 1525 695 1551 nec
715 1512 862 1561 facile,
897 1525 1003 1564 quae
1022 1510 1147 1551 verba
1169 1520 1364 1549 secutura
1385 1504 1592 1558 fuisse'nt‚
1623 1521 1754 1564 patet.

297 1568 531 1607 Rationem
555 1576 695 1606 tamen
718 1567 1095 1620 comparandorum
1114 1566 1366 1606 athletarum
1387 1565 1614 1607 edisserere
1636 1571 1757 1607 vole-

296 1623 384 1674 bat,
408 1638 515 1677 quae
535 1625 636 1662 olim
657 1623 914 1662 obtinuerat.
949 1624 1115 1662 SOLAN.
1169 1623 1274 1661 Post
1290 1621 1448 1674 δάφνης
1479 1654 1489 1663 .
1522 1655 1532 1663 .
1567 1657 1576 1666 .
1611 1655 1620 1664 .
1655 1638 1759 1676 quac

296 1689 397 1718 tuor
416 1688 571 1732 puncta
592 1680 637 1717 in
658 1680 764 1719 Junt.
786 1680 944 1718 fecerat
962 1679 1076 1730 (nisi
1099 1680 1252 1729 fallor)
1275 1678 1466 1728 Solanus,
1501 1679 1664 1732 aliquid
1686 1680 1757 1720 de·

296 1750 384 1775 esse
406 1735 625 1784 indicans;
659 1751 754 1775 nam
780 1736 986 1787 spatium,
1021 1745 1222 1789 quantum
1244 1734 1297 1773 ad
1322 1740 1505 1787 quatuor
1525 1737 1669 1775 literas
1692 1751 1756 1776 re-

296 1793 505 1844 quiritur,
537 1807 717 1830 vacuum
740 1792 803 1829 ibi
824 1801 924 1832 erat.
984 1791 1071 1831 Sed
1102 1790 1184 1828 hoc
1206 1805 1294 1829 non
1323 1800 1386 1829 est
1406 1801 1564 1829 certum
1587 1791 1754 1830 indici-

291 1864 388 1888 um:
421 1851 529 1887 solet
547 1849 660 1887 enirn
682 1849 794 1887 inter
814 1862 1015 1900 personas
1037 1857 1078 1886 et
1104 1846 1148 1884 in
1179 1846 1256 1885 hac
1278 1845 1357 1885 Ed.
1379 1847 1485 1885 etin
1507 1847 1609 1886 Alci.
1639 1863 1752 1888 sem-

289 1919 366 1957 per
386 1904 597 1958 ejusmodi
620 1904 803 1957 spatium
823 1904 1019 1958 relinqui.
1049 1903 1187 1942 Deest
1208 1902 1377 1955 quidem
1397 1902 1563 1954 aliquid
1588 1903 1637 1942 ad
1663 1908 1750 1956 ple-

289 1975 386 1999 nam
407 1961 665 2009 orationem,
698 1959 771 2000 sed
794 1959 907 1998 nihil
928 1970 1067 1998 tamen
1090 1958 1327 1997 addendum
1345 1972 1357 1996 :
1394 1972 1487 1995 nam
1510 1959 1752 2011 interpella-

289 2026 361 2055 tur
379 2031 514 2055 sermo
541 2017 683 2056 dedita
707 2031 833 2069 opera
859 2030 881 2053 a
900 2029 1080 2068 persona
1097 2023 1309 2068 sequente.
1341 2015 1504 2053 REITZ.
1566 2015 1751 2068 Figura-

288 2082 357 2111 tus
382 2073 583 2112 videlicet
610 2087 745 2112 sermo
780 2081 854 2111 est.
912 2072 965 2109 In
999 2070 1208 2137 sequenti
1231 2080 1403 2121 repente
1436 2070 1749 2123 interpellantis

287 2143 493 2182 responso
520 2128 693 2168 attende
723 2128 937 2180 Ellipsin.
984 2126 1038 2179 μή
1070 2143 1135 2179 μοι
1164 2144 1211 2167 τοι
1237 2124 1361 2167 παλαι
1393 2129 1408 2176 (
1422 2128 1582 2195 εἱπῃς),
1621 2137 1669 2165 ut
1700 2129 1747 2168 in

286 2185 522 2236 Philopatr.
545 2199 637 2238 cap.
661 2190 701 2228 7.
721 2182 772 2237 μή
792 2201 860 2235 μοι
877 2182 946 2224 τὸν
965 2182 1216 2225 κακόόουλον
1244 2188 1315 2223 τοῦ
1340 2180 1625 2237 ασελγεστατου
1647 2183 1747 2234 Διυς

286 2250 366 2280 etc.
397 2240 879 2280 Vid.Commentat01es
901 2238 953 2277 ad
985 2240 1035 2281 L
1056 2240 1140 2278 Bos
1164 2238 1213 2278 de
1234 2239 1409 2291 Ellipss.
1442 2254 1535 2292 pag·
1560 2245 1656 2284 636·
1677 2241 1741 2281 ed·

287 2297 458 2337 Schaef.
484 2307 526 2336 et
546 2298 731 2337 Reusner.
753 2295 819 2336 ad.
842 2297 985 2335 Dcvar.
1008 2296 1058 2335 de
1078 2297 1207 2334 Partt.
1231 2309 1269 2346 p
1287 2296 1573 2338 221.LL11M.

397 2354 499 2395 Eacl.
521 2356 549 2392 l.
576 2358 642 2398 15.
676 2351 829 2400 Κάλπις
851 2350 1008 2407 ἆργυρα
1027 2350 1266 2416 πρόκειται).
1289 2353 1359 2392 Sic
1384 2366 1416 2390 ο.
1440 2355 1507 2395 57.
1526 2353 1578 2390 In
1600 2353 1741 2405 calpi

286 2409 403 2461 dem,
436 2411 527 2449 sive
559 2410 774 2462 capidem,
810 2409 901 2448 sive
929 2408 1199 2461 capedinem,
1233 2408 1325 2446 sive
1348 2407 1606 2460 capidulam,
1650 2409 1741 2447 sive

283 2467 639 2518 capedunculam‚
671 2471 767 2516 (tot
789 2465 900 2504 enim
920 2464 1164 2503 nominibus
1183 2465 1368 2503 Romani
1391 2477 1460 2501 vas
1483 2462 1590 2501 illud
1611 2463 1739 2503 deno·

283 2522 473 2574 minant)
505 2523 728 2560 solebant
717 2522 895 2575 injicere
914 2530 1044 2560 sortes
1071 2521 1349 2567 luctantium,
1383 2529 1423 2558 et
1452 2521 1736 2568 ommatium,

283 2586 333 2614 ut
352 2588 468 2629 patet
487 2579 614 2617 lineis
635 2593 722 2631 seq.
745 2577 858 2616 unde
878 2588 990 2616 recte
1011 2577 1054 2614 in
1076 2577 1144 2616 Gl.
1167 2576 1277 2614 Phil.
1298 2593 1394 2614 urna
1410 2577 1615 2627 κληοωτὶς,
1647 2574 1737 2617 κάλ-

283 2649 370 2682 πις,
400 2631 532 2687 υὸρία.
565 2650 640 2673 nec
666 2637 769 2673 male
805 2633 954 2671 doctus
989 2632 1258 2671 Grammatic.
1288 2632 1358 2669 He.
1358 2631 1452 2684 jola.
1480 2631 1593 2682 apud
1617 2646 1738 2686 quem

283 2686 459 2737 κάλπις’
443 2707 563 2739 maog
578 2690 763 2743 βαδιστής
778 2690 845 2732 καὶ
866 2688 972 2739 εἶδος
991 2688 1164 2743 δρόμου,
1198 2688 1336 2741 tangit
1354 2687 1410 2725 eti
1418 2702 1479 2724 dm
1497 2700 1597 2736 tem,
1631 2702 1739 2741 quae-
