1834 3188
244 193 346 244 602
605 211 1361 244 Anno'rA'rronns

245 305 518 348 mutandumz
550 307 654 363 quin
678 310 895 363 passivum
928 309 1000 348 hic
1021 311 1300 363 praeferrem;
1335 326 1430 351 nam
1465 311 1501 351 si
1522 311 1710 354 medium

247 364 450 405 adhibere
476 365 709 416 voluisset,
752 365 907 419 quidni
939 366 1117 406 dixisset
1149 367 1474 422 περιπειράμενοι
1498 366 1709 423 ἀλλήλους.

245 422 372 460 Plura
391 420 443 459 ad
467 421 828 474 significationem
851 421 979 475 hujus
1003 423 1121 463 verbi
1142 424 1400 477 probandam
1421 424 1600 465 adduxit
1620 427 1709 467 Jac.

245 477 397 516 Elsner.
423 477 475 516 ad
499 479 535 518 I.
569 479 650 531 Ep.
674 478 724 516 ad
759 479 932 519 Timoth.
961 480 1044 529 VI,
1069 485 1135 523 10.
1163 482 1244 522 Καὶ
1263 481 1432 531 ἑαυτούς
1455 484 1713 537 περιέπειραν

247 529 414 582 ὀδύναις
443 539 620 582 πολλαῖς.
681 535 768 573 Ubi
795 544 838 575 et
868 535 971 577 haec
999 536 1194 587 ΙΛιοίαηί,
1236 548 1280 577 et
1309 537 1520 579 Heliodor.
1548 540 1604 582 L.
1630 541 1707 580 IX.

247 604 288 644 p.
313 595 408 634 438.
432 600 473 629 et
490 590 594 630 Plut.
616 591 795 630 Gracch.
816 605 855 644 p.
877 597 973 636 842.
996 594 1174 646 profert.
1215 595 1381 637 Rsswz.

359 646 451 686 Ead
472 651 501 686 1.
529 653 570 691 2.
609 648 664 688 To}
682 645 837 702 ἅρματα
858 649 900 690 δὲ
929 644 1258 705 ἀναστρέψαντα)
1290 651 1482 706 Uterque
1502 652 1712 708 interpres

249 701 333 742 hoo
362 706 459 743 loco
490 705 678 743 somniat
708 704 934 745 subversos
965 721 1137 755 currus,
1179 717 1302 746 tanto
1334 707 1551 762 ineptius,
1593 709 1712 765 quod

248 769 390 798 tamen
413 759 582 800 eosdem
615 775 715 799 mox
734 761 836 801 ferri
856 760 997 802 denuo
1030 763 1076 801 in
1093 778 1193 803 suos
1224 763 1393 818 dicant3
1424 778 1534 819 quae
1561 780 1715 821 quem-

248 815 476 855 admodum
506 815 599 857 fieri
627 817 843 870 possunt?
895 819 1119 860 Praeterea
1153 819 1311 869 didici,
1345 835 1438 860 cum
1461 820 1512 861 de
1535 821 1714 863 subver-

248 871 371 911 sione
391 872 584 928 loquitur
609 873 834 922 Lucianus,
866 889 954 914 nou
977 870 1238 932 ἀναστρέφειν
1258 877 1350 917 illic
1371 880 1515 917 locum
1540 878 1711 929 habere,

248 928 321 967 sed
343 925 590 982 ἀνατρέπειν.
651 930 721 969 Sic
751 930 797 969 in
817 930 997 971 historia
1027 933 1237 973 conscrib.
1260 929 1486 989 οἷνατρέψαι
1511 931 1636 987 μόνον
1664 936 1715 977 τιὲ

247 989 331 1026 τῶν
354 983 515 1036 &amm
541 996 583 1025 et
609 986 656 1025 in
677 987 946 1028 Demonacte
974 984 1270 1045 ἀνατραπέντος
1294 996 1370 1033 τοῦ
1395 988 1603 1044 σκάφους,
1634 992 1713 1032 ubi

248 1042 431 1081 vertitur
449 1042 650 1082 submersa
677 1058 794 1093 nave,
828 1044 973 1083 forsan
997 1055 1163 1098 praeter
1193 1047 1382 1086 auctoris
1407 1057 1450 1087 et
1467 1058 1648 1088 mentem
1668 1058 1713 1088 et

247 1106 416 1137 manum
430 1129 442 1148 ,
474 1112 581 1152 quae
601 1108 765 1137 tantum
786 1103 880 1139 vult
901 1111 977 1140 aut
999 1102 1165 1151 voluit,
1196 1102 1392 1144 subversa.
1439 1104 1498 1142 Et
1516 1114 1711 1144 nostrum

247 1154 386 1208 ipsum
416 1155 428 1193 i
445 1169 462 1193 π
488 1155 773 1209 Aristophanis
797 1156 929 1207 Pace,
970 1155 1127 1212 ἅρματα
1157 1153 1194 1204 δ’
1223 1155 1286 1200 ἐπ’
1319 1156 1547 1212 ἀλλήλοισιν
1578 1156 1717 1203 ἆνατε,

246 1212 457 1265 τραμμένα.
519 1210 579 1250 At
604 1226 720 1250 nunc
746 1211 1048 1267 intelliguntur
1077 1218 1262 1255 retroacti
1290 1218 1357 1255 vel
1388 1219 1545 1266 reversi,
1588 1227 1639 1256 ut
1668 1217 1714 1256 in

247 1267 426 1321 Scytha,
461 1263 538 1310 „ix
562 1264 615 1310 ὄῖν
645 1266 738 1310 οὐδὲ
769 1266 1015 1323 ἀνέστρεψεν
1039 1270 1148 1324 οἶμαι
1176 1274 1214 1321 ἐς
1239 1270 1410 1321 Σκύθας
1436 1272 1710 1323 Anacharsis,

249 1322 359 1378 εἰμὴ
382 1324 525 1367 Σόλων
554 1321 744 1366 ἀπέθανε.
805 1325 1034 1381 Indignum
1064 1329 1260 1381 profecto
1290 1338 1374 1367 tam
1395 1329 1574 1383 exigua,
1607 1340 1713 1369 nota

249 1390 291 1420 et
323 1381 449 1421 obvia
477 1381 680 1436 ignorari.
743 1381 862 1438 Quin
888 1383 1013 1427 etiam
1045 1384 1269 1424 distinctio
1302 1385 1501 1438 ponenda
1525 1396 1588 1425 est
1616 1396 1716 1440 post

249 1437 423 1476 verbum
447 1436 773 1492 ἀναστρέψαντα,
804 1438 877 1478 sed
898 1438 981 1478 hoc
999 1440 1153 1489 mod0,
1184 1441 1232 1484 τοὶ
1255 1439 1416 1495 ἅρματα
1432 1442 1492 1492 δὲ,
1525 1440 1716 1496 ἇναστρέ,

247 1505 383 1546 ψαντα
404 1496 473 1536 καὶ
494 1499 614 1536 ταῦτα
634 1497 690 1543 εἷς
713 1493 808 1544 τούς
830 1497 1016 1547 οἰκείους,
1034 1494 1109 1539 οὐκ
1132 1495 1326 1552 ἀναιμωτὶ
1346 1499 1564 1552 διεφέρετο.
1598 1500 1712 1538 Mox

247 1552 356 1588 male
387 1551 432 1589 in
464 1551 724 1591 salmuriensi
756 1550 918 1590 editum
946 1558 1019 1603 τῆς
1045 1551 1089 1595 τὸ
1121 1552 1221 1596 eden)
1255 1551 1376 1605 ὁδοῦ,
1411 1554 1524 1607 quod
1563 1555 1606 1592 in
1631 1555 1711 1594 hac

247 1606 328 1647 Ed.
354 1608 490 1660 repeti
516 1607 669 1658 video,
702 1621 796 1647 cum
822 1617 937 1648 recte
970 1610 1212 1651 Basileenses
1237 1616 1307 1664 τῆς
1337 1613 1376 1660 ἐς
1406 1609 1450 1653 τὸ
1475 1606 1576 1653 eia&
1599 1609 1711 1657 ὁδοῦ,

247 1663 394 1701 Gnon.

359 1719 462 1759 Ead.
488 1723 515 1759 1.
537 1723 578 1766 5.
611 1722 763 1774 Δίφροι
784 1718 827 1764 δ’
849 1718 1204 1778 ἆνεκυμβιλίαζον)
1237 1725 1304 1762 Ex
1323 1723 1490 1763 Homeri
1509 1723 1634 1766 Iliad.
1661 1730 1715 1767 Π,

251 1789 290 1815 v·
312 1781 407 1825 389.
466 1777 578 1816 Mox
600 1775 706 1820 κεῖν’
727 1776 818 1832 ὄχεα
836 1777 1087 1833 κροτάλιζον,
1122 1796 1175 1821 ex
1198 1780 1386 1835 ejusdem
1410 1785 1566 1833 poetae
1588 1781 1713 1822 Iliad.

250 1838 310 1885 A,
337 1837 430 1876 160.
458 1834 592 1886 petita
615 1843 727 1876 sunt.
761 1836 937 1876 Gnsz.
994 1838 1168 1877 Homer.
1196 1837 1244 1879 11.
1269 1842 1330 1885 Π,
1350 1842 1445 1881 379.
1486 1839 1654 1879 SOLAN.

361 1888 465 1928 Ead.
486 1893 515 1929 l.
539 1895 580 1936 7,
615 1887 926 1947 Ἀποβαλόντες)
957 1894 1053 1932 Etsi
1082 1893 1204 1946 parvi
1239 1904 1323 1944 est,
1355 1892 1614 1932 monendum
1646 1903 1717 1932 ta-

250 1959 368 1994 men,
401 1961 465 1985 me
488 1945 587 1986 ideo
620 1943 909 2002 ἀποβαλόντες,
942 1963 995 1987 ex
1020 1949 1083 1989 Fl.
1104 1960 1145 1988 et
1172 1950 1222 1990 Β.
1241 1956 1280 1992 2.
1301 1949 1576 2002 praetulisse,
1612 1949 1716 2003 quia

250 2016 302 2039 ex
331 2002 422 2055 ipsa
457 2016 584 2055 prava
615 2006 826 2057 scriptura
862 2006 1120 2055 reliquarum
1157 2006 1372 2059 suspicor,
1395 2002 1474 2044 'eas
1508 2005 1716 2045 aoristum

251 2057 350 2098 dare
382 2059 590 2110 voluisse3
622 2074 767 2101 omnes
795 2061 909 2100 enim
940 2060 1231 2115 ἆποβαλλόντες
1266 2065 1440 2116 legunt,
1471 2072 1650 2102 accentu
1668 2062 1715 2101 in

250 2115 486 2166 penultima
514 2119 748 2166 collocato,
782 2117 864 2156 etsi
894 2117 1053 2171 duplex
1081 2122 1126 2159 λλ
1153 2118 1326 2158 habent.
1386 2119 1445 2156 Et
1461 2118 1611 2161 mirum
1636 2127 1714 2168 est,

252 2180 299 2208 ut
317 2185 443 2224 saepe
481 2171 634 2217 vitium
663 2174 791 2213 unius
816 2182 899 2211 tam
925 2184 1142 2227 apertum,
1174 2185 1216 2214 et
1245 2175 1374 2215 facile
1402 2174 1715 2229 corrigendum,

251 2237 511 2281 propagetur
528 2242 603 2281 per
626 2229 824 2282 reliquas.
865 2230 964 2269 Sola
985 2230 1079 2270 Par.
1098 2227 1404 2285 ἀποβάλλοντες.
1465 2230 1547 2269 Cui
1565 2231 1601 2269 si
1620 2234 1717 2284 plu-

250 2297 314 2321 res
334 2294 435 2325 vett.
459 2285 800 2335 consensissent,
836 2299 924 2324 non
956 2296 1180 2326 mutassem
1207 2288 1403 2340 quidem3
1433 2286 1505 2326 sed
1527 2301 1614 2328 aor.
1642 2287 1716 2324 hio

250 2346 390 2378 tamen
413 2340 546 2395 magis
570 2344 735 2394 placet,
768 2341 848 2381 etsi
870 2356 970 2382 mox
986 2345 1191 2397 τέμνοντες
1215 2345 1433 2397 sequitur,
1466 2353 1510 2383 et
1531 2356 1716 2397 sequen-

251 2402 313 2432 t1a
339 2395 467 2435 etiam
497 2397 726 2451 participia
759 2398 901 2437 omnia
927 2399 972 2437 in
1001 2400 1216 2454 praesenti
1247 2409 1436 2453 tempore
1463 2399 1711 2447 efferuntur,

254 2451 353 2502 quia
373 2451 650 2506 ἀποβαλόντες
676 2469 771 2493 cum
803 2456 1010 2506 τέμνοντες
1034 2471 1122 2496 non
1153 2456 1213 2495 ita
1235 2465 1348 2496 arcte
1367 2455 1586 2496 cohaeret:
1616 2469 1715 2492 nam

254 2507 369 2556 quod
405 2507 525 2551 Κείν’
555 2511 601 2548 in
632 2510 742 2555 Junt.
770 2525 792 2550 a
826 2515 985 2565 majore
1011 2513 1136 2552 litera
1163 2511 1415 2563 inchoatur,
1456 2511 1555 2565 quia
1586 2510 1715 2550 verba

253 2560 420 2604 Homeri
442 2575 565 2613 sunt,
596 2566 726 2607 nihili
746 2577 830 2618 est,
865 2583 959 2606 cum
983 2582 1121 2609 novus
1143 2583 1288 2608 sensus
1310 2568 1374 2606 ibi
1393 2581 1481 2606 non
1502 2566 1711 2620 incipiat;

255 2615 351 2656 idco
374 2621 501 2660 etiam
523 2637 684 2662 comma
717 2633 815 2663 ante
835 2620 935 2666 κείν’
959 2628 1109 2665 tollere
1134 2639 1223 2665 non
1254 2622 1471 2672 dubitavi,
1505 2636 1590 2676 quo
1612 2637 1716 2662 sen-⁷

255 2687 343 2710 sum
365 2677 597 2726 planiorem
619 2678 847 2718 redderem.
909 2683 1016 2720 Tum
1037 2681 1163 2720 etiam
1193 2689 1410 2720 accentum
1429 2679 1473 2717 in
1499 2677 1602 2720 κειν’
1621 2694 1713 2717 mu-

255 2728 364 2779 tavi,
397 2745 490 2770 cum
512 2733 623 2774 Edd.
651 2739 882 2781 nonnullae
903 2737 1078 2783 Luciaai
1099 2736 1304 2776 haberent
1321 2730 1440 2780 κεῖν’.
1499 2736 1578 2775 Est
1598 2735 1712 2776 enim
