1834 3188
625 216 1053 252 SCHOLIA.
1468 201 1568 252 351

214 316 317 359 Eacz.
343 319 370 358 1.
392 320 432 360 9.
465 313 540 359 ότι
570 314 856 375 φαρμάκῳ]
890 317 951 360 ὅτι
970 313 999 371 ἦ
1021 316 1244 370 φιλοσοφία
1263 312 1466 372 φαρμάκῳ
1490 312 1571 359 0²25-

98 374 235 430 θρίῳ’
223 376 341 417 εὀικε

190 431 403 499 Pag.93.
427 433 510 475 14
540 427 765 501 τοῖληθὲς
794 426 1034 499 εὖρεῖν]”
1033 429 1119 472 Ἰνα
1137 431 1205 471 καὶ
1225 427 1332 500 εὕρῃ.
1357 431 1416 477 τίς
1434 445 1508 469 ουν
1529 423 1570 479 l)

104 485 294 541 εὖρήσει,
327 487 617 541 βδελυρωτατε,
647 486 868 555 α’νθρωπος
890 485 968 538 0'2'v5
1007 489 1074 529 καὶ
1096 489 1155 534 τίς
1185 485 1312 538 τούτῳ
1346 484 1570 537 πιστεύσεις

105 563 176 597 της
195 543 419 599 ἀνθρώπου
445 544 603 598 φύσεως
623 563 721 587 κατα
739 545 780 586 σὲ
809 540 899 586 οὐδ’
933 542 1034 593 όλως
1063 541 1233 597 ἐχούσης
1261 542 1305 586 τὸ
1333 544 1570 597 κεκριμένον

100 604 168 644 καὶ
183 600 482 644 ἆδιάπταιστον.
515 604 582 643 Μ.

219 671 317 723 Pag
339 675 406 714 96.
429 673 457 709 l.
480 676 520 714 6.
550 673 617 726 τῷ
646 669 994 739 ἐπιτραπεζίῳ
1023 667 1204 719 ὕδατι]
1238 673 1294 725 τῷ
1309 687 1372 710 επι
1390 684 1462 719 της
1478 683 1570 720 τρα-

104 727 261 779 πέζης’
244 729 477 795 εκχεομένῳ,
510 726 533 769 ὃ
549 725 614 768 δια
639 743 713 779 την
740 727 854 777 ἰσορρ
845 726 979 765 οπίαν
1007 742 1073 766 και
1103 724 1147 766 τὸ
1182 723 1470 793 απαρέγκλιτον
1501 729 1572 775 τῆς

103 785 328 837 τραπέζης’
312 786 374 825 επὶ
394 782 525 838 χώρας
545 785 685 852 μένοι,
712 783 778 823 καὶ
797 788 875 852 τῆξ·
892 783 1127 833 ἐπιφανείας
1148 779 1416 834 ἐπανεστηκὸς
1433 785 1488 832 τῷ
1510 784 1569 829 ¹¹¹)

103 838 283 892 δακτύλῳ
312 838 561 909 ὀχετηγοῦντι
590 835 688 881 αὐτὰ
720 842 830 890 φιλεῖ
852 838 1046 889 ἕπεσθαι,
1086 840 1210 893 ῥὐτης
1239 838 1399 892 φύσεως
1427 834 1572 891 ὐπαρ-

101 914 174 950 χον
196 895 244 951 ¹¹)
274 898 342 938 καὶ
362 894 545 951 ἀτρεμεῖν
568 895 622 950 μὴ
646 893 834 947 πεφυκός
852 895 920 950 ⁰).
942 895 996 935 V.

213 964 310 1032 Pog-
332 968 398 1008 98-
427 968 455 1004 1.
477 969 517 1008 7
550 966 595 1006 εἰ
625 981 644 1005 ο
676 961 1015 1031 ἐπιγνώμων]
1050 965 1106 1005 Εἰ
1130 963 1170 1006 δὲ
1194 967 1340 1013 τοῦτο,
1370 963 1408 1004 τί
1435 961 1501 1003 καὶ
1530 962 1575 1002 αἱ

100 1025 179 1062 νῦν
202 1017 320 1062 αὗται
340 1019 420 1063 υπὸ
443 1026 520 1063 σοῦ
537 1019 744 1076 λεγόμεναι
771 1016 1036 1073 α’μφιβολίαις
1065 1021 1120 1060 V.

216 1088 317 1157 Pflg·
343 1094 436 1132 100
460 1091 488 1128 l.
518 1094 582 1131 11.
617 1106 706 1140 την
735 1105 891 1141 κενην
920 1086 1207 1141 μακαρίαν]
1251 1088 1363 1139 Κενη
1395 1087 1574 1140 μακαρία

101 1141 131 1217 ᾖ
163 1162 265 1187 κατα
293 1143 390 1193 τούς
414 1144 573 1192 ’ὕπνους
603 1146 705 1186 τισὶν
718 1146 966 1213 ἐγγινομένη
995 1142 1254 1197 εὐδαιμονία,
1295 1148 1461 1185 τοιαῦτα
1491 1149 1574 1190 τοῖς

102 1201 270 1255 ὅνειρώτ
255 1216 410 1243 τουσιν
437 1203 662 1254 ἐμποιοῦσα
683 1219 730 1242 τα
752 1202 800 1255 P)
832 1205 887 1250 εις
915 1199 1085 1268 τρυφὴν
1106 1204 1172 1242 καὶ
1203 1198 1413 1267 εὐετηρίαν
1441 1198 1517 1241 όσα
1549 1196 1570 1240 ὅ

101 1276 244 1329 παρων
271 1260 428 1307 διέξεισι
445 1257 575 1312 λόγος
605 1256 668 1300 διὸ
691 1259 758 1300 καὶ
783 1261 960 1312 μακαρία
982 1259 1052 1312 μὲν
1073 1255 1170 1300 όσον
1200 1259 1262 1300 ἐπι
1283 1261 1337 1313 τῷ
1355 1254 1470 1312 ν’πνφ
1498 1253 1573 1307 τὴν

102 1313 329 1359 ἀπόλαυσιν
350 1313 651 1385 ὗποβαλλομεν,
682 1313 780 1369 κενὴ
805 1314 882 1357 δὲ
868 1315 924 1357 ότι
954 1316 1077 1384 μηδὲν
1096 1312 1207 1364 ἑστὸς
1224 1317 1272 1366 q)
1305 1318 1383 1368 ε’χει
1411 1315 1479 1354 καὶ
1509 1314 1573 1367 βέ-

99 1377 240 1426 βαιον,
275 1367 370 1412 αλλὰ
399 1389 494 1423 μετα
513 1377 586 1413 τοῦ
605 1371 740 1413 ὕπνου
763 1389 831 1413 και
847 1374 889 1424 r)
922 1390 997 1425 την
1026 1367 1241 1426 ευημερίαν
1261 1372 1300 1424 s)
1334 1369 1570 1438 αφίπταται

99 1434 258 1472 τοιοῦτο
279 1429 346 1469 καὶ
362 1427 406 1470 τὸ
425 1432 500 1469 τοῦ
516 1427 718 1497 θεολόγον
739 1431 982 1497 Γρηγορίου,
1005 1428 1128 1482 κενήν
1146 1432 1349 1496 μακαρίαν
1365 1445 1436 1476 τας
1446 1423 1572 1494 Ἀθή-

99 1504 175 1535 νας
198 1483 403 1540 ωνόμαζε,
437 1502 491 1535 ως
511 1502 584 1527 κατ
630 1482 748 1528 οὐδὲν
769 1491 841 1539 τῆς
862 1487 905 1528 ἐν
935 1483 1084 1535 ’ὕπνοις
1110 1482 1317 1540 εὐετηρίας
1348 1483 1573 1539 διαφερού-

96 1558 180 1594 σας.
212 1545 265 1585 V.

213 1601 480 1654 Pag.102.1.
507 1604 574 1645 13.
607 1597 809 1654 λαβὴν]
840 1596 1057 1654 ἆφορμὴν,
1089 1600 1262 1654 μέμψιν,
1302 1594 1478 1652 ἐπαφήν.
1518 1596 1574 1637 V.

218 1669 549 1723 Pog.105.1.9.
584 1666 697 1710 εἶτα
729 1669 899 1721 οἱμὲν
928 1665 1068 1722 ὑμῶν
1099 1699 1109 1709 .
1191 1668 1233 1720 .]
1279 1668 1346 1721 Op
1353 1668 1454 1707 time
1483 1675 1570 1704 tor-

102 1725 223 1780 queri
240 1735 421 1778 possunt
439 1725 486 1764 in
510 1726 688 1764 fratrum
714 1724 932 1780 Collegia;
965 1735 1008 1766 et
1038 1724 1153 1781 quod
1177 1724 1306 1774 dicit,
1322 1683 1422 1766 Ραλλ’
1455 1724 1573 1777 ε’χωσι

193 1899 271 1922 nus.
318 1886 399 1930 Ego
418 1884 459 1919 in
481 1883 639 1931 ἐπιᾷῥέει
658 1889 819 1931 mutavi,
847 1889 932 1934 quia
955 1888 995 1922 id
1013 1888 1175 1922 voluisse
1195 1887 1364 1921 solanum
1381 1885 1572 1931 suspicor3

191 1933 332 1977 alioqui
348 1933 443 1966 mhil
461 1934 505 1966 ab
527 1935 627 1968 edito
646 1936 889 1970 recessissem
939 1938 1056 1972 Reitz

145 1992 184 2036 1)
212 1987 298 2043 cdv]
323 1991 422 2033 Lege
440 2002 521 2025 ουν.
548 2003 639 2025 num
658 1999 782 2026 autem
804 1993 898 2025 illud
919 1987 970 2027 ὧν
990 2004 1096 2026 error
1114 1991 1282 2034 Codicis,
1309 2003 1357 2024 an
1372 1990 1495 2023 Solam
1512 1989 1574 2029 sit,

192 2037 332 2069 nescio.
359 2038 474 2072 Reztz.
526 2039 648 2081 Quam
668 2029 925 2081 conjecturam
944 2051 1047 2073 suam
1065 2041 1228 2072 Reiiziue
1248 2038 1414 2081 recipere
1432 2036 1575 2069 dubita-

196 2083 269 2161 νίζ’,
296 2093 365 2114 nos
387 2093 461 2160 nol?
476 2085 664 2164 ἶοοίρεῐε,
691 2086 912 2130 praesertim
931 2086 1024 2119 duce
1044 2086 1286 2128 Schmiſtrdero
1311 2083 1488 2127 religioni
1506 2082 1576 2115 du-

191 2140 233 2162 ce
263 2138 378 2160 amus.
462 2143 477 2159 e
504 2143 534 2161 m

150 2189 212 2230 m)
239 2185 325 2232 τῷ]
349 2185 425 2218 Pro
445 2187 497 2230 τῷ
519 2187 622 2230 quod
652 2188 692 2221 in
716 2189 808 2223 Cod.
835 2191 934 2225 Vos-⁹.
957 2196 1053 2231 erat,
1082 2185 1104 2224 ὃ
1133 2189 1236 2232 jubet
1267 2188 1390 2232 legere
1412 2185 1573 2218 Salanus.

197 2222 357 2273 frusira,
384 2237 425 2264 ut
444 2238 585 2266 attente
609 2235 799 2279 perlegere
819 2236 987 2279 dignanti
1007 2236 1160 2281 patebit.
1209 2237 1328 2267 Reitz.

146 2292 200 2336 n)
227 2304 250 2324 v
268 2301 357 2331 παρ
371 2290 469 2332 χον]
495 2289 556 2322 Sic
583 2296 683 2323 recte
709 2294 872 2326 correxit
899 2293 1050 2326 Salanus
1082 2305 1151 2338 pro
1179 2288 1378 2336 ὑπάρχων,
1405 2289 1504 2335 quod
1532 2289 1573 2322 1”11

199 2336 285 2370 Cler.
310 2337 376 2368 Ed.
400 2341 490 2367 erat.
539 2337 658 2370 Reztz.

149 2396 195 2439 ο)
221 2390 461 2437 πεφυκός]
492 2393 539 2424 Et
569 2392 642 2425 hoc
659 2401 761 2428 recte
786 2397 945 2430 mutavit
965 2396 1084 2439 idem3
1117 2407 1203 2428 nam
1228 2405 1342 2439 prave
1361 2394 1400 2426 in
1421 2393 1490 2427 Ed.
1509 2404 1573 2426 ea-

195 2441 278 2474 dem
298 2440 492 2484 legebatur
519 2437 713 2483 πεφυκότι.
761 2444 878 2478 Reiſtrz

148 2500 196 2544 p)
223 2495 299 2542 τα]
328 2497 512 2540 „deerat
502 2509 538 2529 1η
560 2499 602 2530 V.
624 2497 780 2531 inseruit
797 2509 837 2531 ex
859 2500 914 2535 M.
942 2499 1133 2532 Solanus.“

152 2556 195 2601 q)
219 2568 278 2600 μη
293 2552 374 2589 δὲν
399 2552 561 2597 ἑστὸς]
590 2552 702 2599 M175’
723 2552 816 2595 ὅλως
836 2558 891 2590 Μ.
942 2558 1027 2590 Νοη
1047 2555 1220 2600 agnoscit
1235 2558 1368 2590 Bourd.
1405 2555 1524 2590 Solan.

151 2613 195 2655 r)
220 2614 322 2657 καὶ]
348 2612 484 2656 ,,Κατα
508 2618 587 2645 erat
605 2612 645 2645 in
667 2613 798 2657 Edito,
826 2614 888 2646 sed
909 2613 1067 2647 mutavit
1085 2614 1277 2648 Solccnus.“

152 2670 190 2713 s)
216 2667 506 2728 sv’nuspie’ccv]
534 2670 594 2703 Sic
622 2670 732 2703 etiam
763 2676 816 2702 est
834 2670 872 2703 in
894 2671 934 2704 C.
973 2672 1094 2707 Solam.
1144 2671 1313 2705 Debebat
1334 2677 1465 2705 auctor
1482 2673 1572 2705 scri-

199 2717 285 2750 bere
313 2725 376 2751 aut
400 2714 423 2760 ἦ
449 2716 645 2761 εὐημερία,
682 2723 746 2750 nut
773 2713 840 2759 τήν
868 2715 1066 2761 εὕημερίαν
1090 2715 1245 2763 οἷφίησι,
1277 2724 1340 2752 aut
1365 2718 1440 2752 tale
1469 2718 1569 2764 quid,

197 2773 269 2808 quo
292 2769 391 2797 certe
412 2764 511 2808 leges
530 2763 680 2808 linguae
696 2775 742 2796 ne
760 2762 1008 2797 laederentur.
1056 2766 1177 2801 L‚ehm
