1834 3188
187 305 277 341 με.

290 182 388 232 166

288 291 358 345 τὰς
373 292 533 351 γνώμας
549 292 701 338 αὐτῶν·
733 293 904 345 ἅπαντες
918 295 993 352 γὰρ
1012 296 1052 345 ἐς
1067 296 1291 351 τραγῳδίαν
1309 298 1676 351 παρεκινοῦντοθ),

287 365 356 406 καὶ
374 367 532 420 ἰαμβεῖα
549 365 794 419 ἐφθέγγοντο
808 397 818 414 ,
850 366 917 406 καὶ
938 366 1035 420 μέγα
1056 362 1205 418 ἐβόων,
1246 361 1413 417 μάλιστα
1434 366 1474 407 δὲ
1494 364 1566 419 τὴν
1590 362 1675 407 Εὗ-

289 426 452 487 ριπίδου
472 430 742 487 Ἀνδρομέδαν
766 431 1020 490 ἐμονῴδουν,
1064 434 1129 474 καὶ
1147 430 1220 484 τὴν
1244 437 1316 473 τοῦ
1339 435 1523 488 Περσέως
1554 437 1673 489 ῥῆσιν

778 196 1182 230 LUCIANI

280 501 332 551 ,ἐν
350 501 455 553 μέλει
472 495 507 549 f)
540 499 747 559 διεξῄεσαν
774 504 839 551 5)·
871 503 938 543 καὶ
956 500 1073 554 μεστὴ
1091 498 1143 554 ἦν
1166 498 1192 554 ἡ
1219 498 1335 549 πόλις
1365 499 1502 557 ὠχρῶν
1534 500 1674 545 ἆποῖν-

226 616 228 619 ,
288 585 369 612 των
391 569 459 611 ’καὶ
476 572 651 620 λεπτῶν,
683 574 763 612 τῶν
782 571 1009 626 ἑβδομαίων
1031 572 1196 613 ἐκείνων
1216 572 1452 625 τραγῳδῶν,

134 652 258 696 Ειινῐρ.

144 699 261 733 Andr.

120 745 270 789 Fragm.

166 791 252 827 VII.

188 1016 297 1066 P·5·’

509 691 575 736 Σύ
595 691 659 746 δ’,
693 689 726 738 ὦ
747 701 858 740 θεῶν
879 695 1050 750 τύραννε
1068 690 1353 756 κᾷνθρῷπων,
1374 690 1531 751 ’Ἑρως,

289 817 356 859 καὶ
376 813 496 859 τὸἶλλα
514 813 565 875 ¹¹)
596 817 744 876 μεγάλῃ
764 825 814 876 τῇ
835 825 955 877 φωνῇ
977 817 1264 875 ἀναβοώντων,
1297 821 1363 863 καὶ
1384 825 1502 863 τοῦτο
1525 820 1677 862 ἐπιπο-

290 883 338 927 λῦ
362 881 394 938 1)
408 918 419 935 ,
453 883 544 941 ἄχρι
566 887 614 940 δή
635 887 804 942 χειμών,
834 892 901 932 καὶ
922 889 1045 945 κρύος
1064 891 1106 933 δὲ
1127 891 1225 945 μέγα
1244 886 1486 944 γενόμενον,
1526 890 1678 931 ἔπαυσε

289 957 515 1007 ληροῦντας
534 954 693 1005 αὐτούς.
734 960 864 1000 αἰτίαν
885 960 927 1001 δέ
944 977 1013 1013 μοι
1032 962 1147 1001 δοκεῖ
1161 962 1236 1000 τοῦ
1255 954 1440 999 τοιούτου
1460 962 1677 1011 παρασχεῖν

288 1023 493 1083 Αρχέλαος
524 1021 546 1065 ὁ
566 1023 793 1082 τραγῳδὸς,
824 1025 1048 1081 εὐδοκιμῶν
1064 1026 1173 1077 τότε,
1207 1031 1426 1080 μεσοῦντος
1455 1026 1608 1078 θέρους
1635 1026 1678 1066 ἐν

286 1094 419 1141 πολλῷ
437 1096 498 1147 ,τῷ
531 1097 697 1150 φλογμῷ
726 1093 989 1149 τραγῳδήσας
1024 1091 1161 1145 αὐτοῖς
1190 1094 1261 1149 τὴν
1286 1091 1577 1149 Ἀνδρομέδαν,
1622 1088 1678 1140 ὧς

285 1159 454 1214 πυρέξαι
475 1176 514 1201 τε
534 1156 615 1202 ἀπὸ
634 1163 708 1202 τοῦ
729 1159 909 1217 θεάτρου
926 1160 1020 1212 τούς
1043 1163 1240 1215 πολλούς,
1273 1165 1340 1205 καὶ
1361 1158 1608 1209 ἀναστάντας
1623 1154 1678 1210 k)

284 1223 455 1280 ’ὕστερον
476 1228 516 1276 ἐς
536 1227 607 1281 τήν
627 1232 852 1283 τραγῳδίαν
871 1234 1230 1285 παρολισθαίνειν,
1262 1229 1428 1273 ἐπιπολὺ
1453 1230 1680 1283 ἐμφιλοχω-

333 1328 379 1372 e)
413 1330 800 1387 παρεκινουντο]
836 1333 1090 1378 ,,παρεκίνουυ
1121 1334 1180 1367 W.
1243 1333 1314 1366 Sed
1350 1331 1451 1389 prius
1479 1329 1571 1364 Edd.
1602 1340 1680 1362 ser-

377 1379 504 1411 vant.“
575 1376 610 1420 f)
635 1375 793 1422 μέλει]
819 1380 909 1423 „Sic
938 1381 993 1413 M.
1018 1387 1054 1413 et
1083 1380 1177 1413 Edd.
1212 1390 1352 1412 omnes.
1395 1377 1498 1422 μέρει
1518 1378 1557 1411 Ρ.
1576 1377 1618 1410 L·
1639 1381 1678 1409 et

376 1422 490 1466 Anol.
518 1428 554 1455 et
582 1434 701 1476 marg.
724 1426 765 1458 A.
792 1437 821 1458 1.
845 1427 931 1458 W.“
979 1426 1040 1459 Sic
1060 1433 1094 1459 et
1110 1438 1213 1469 3011.
1237 1431 1272 1458 et
1295 1425 1399 1457 Gorl.
1420 1425 1483 1457 sed
1513 1424 1675 1461 frustra3

380 1476 609 1512 quamquam
629 1470 738 1503 etiam
759 1472 996 1525 chclolplzus'
985 1484 1024 1504 m
1045 1470 1358 1516 Ι11ἀ.5.ν.ρῆσις
1380 1469 1541 1514 praefert
1560 1467 1598 1502 ἐν
1613 1465 1676 1511 με’-

378 1525 454 1556 ρει,
481 1520 517 1546 et
539 1515 667 1548 vertit:
693 1529 756 1560 per
775 1519 866 1550 vim
886 1520 1054 1560 recitare,
1080 1517 1252 1552 adductis
1271 1518 1365 1549 locis
1388 1515 1543 1549 Conviv.
1566 1526 1597 1547 c.
1621 1525 1675 1558 17.

377 1559 892 1606 Dia11.Mortt.X11,1.et
921 1564 1078 1595 Clemens.
1099 1565 1204 1597 Alex.
1231 1564 1442 1607 Paedagog.
1463 1562 1513 1594 ΙΙ.
1536 1573 1573 1606 p.
1597 1561 1674 1602 165.

378 1605 428 1639 D.
480 1605 525 1650 g)
552 1588 826 1652 διεξῄεσαν]
854 1606 1096 1665 διεξηεσανΑ.
1123 1622 1150 1644 1.
1177 1622 1208 1643 2.
1238 1610 1317 1642 sine
1341 1610 1414 1650 jota
1434 1608 1578 1640 subscr.
1628 1605 1676 1649 h)

377 1651 456 1686 καὶ
479 1651 651 1707 τᾶλλα]
676 1654 737 1689 καὶ
769 1668 844 1689 των
875 1652 966 1689 ἄλλα
997 1652 1300 1700 2956.i)>113
1330 1653 1393 1697 δ’,
1421 1667 1448 1687 ω
1476 1654 1605 1688 θεων
1631 1670 1676 1677 --

378 1694 611 1751 ἐπιπολυ]
639 1701 786 1734 Horum
814 1703 1013 1735 verborum
1035 1701 1205 1736 ordinem
1237 1701 1426 1755 quomodo
1450 1713 1515 1732 van
1534 1700 1677 1731 Heu-ede

376 1743 638 1778 invertendum
667 1747 860 1791 statuerit,
886 1747 961 1781 vid.
983 1748 1023 1781 in
1054 1748 1191 1782 Adnot
1263 1747 1310 1789 k)
1337 1743 1389 1781 οἷν
1403 1758 1487 1782 αστ
1501 1743 1677 1788 αντ-ας]

377 1790 467 1834 „Sic
486 1791 579 1825 Edd.
600 1797 636 1824 et
656 1793 711 1826 M.
719 1794 743 1812 “

287 1885 403 1940 jecit.
439 1887 597 1927 Omnes
617 1888 668 1927 ad
692 1890 955 1944 tragoediam
1015 1890 1201 1944 diuque,
1256 1889 1393 1929 donec
1430 1888 1588 1938 hiems,
1637 1895 1679 1927 et

287 1943 449 1982 vitioso
472 1955 589 1983 motu
608 1946 951 1997 impellebantur,

289 2007 332 2037 et
361 2000 540 2050 jambica
579 2003 876 2053 proferebant,
912 2012 954 2042 et

289 2055 526 2093 clamabant
569 2057 731 2105 valide,
773 2059 953 2098 maxime

287 2125 388 2149 vero
437 2112 662 2165 Euripidis
705 2115 954 2153 Androme—

290 2165 383 2205 dam
404 2168 598 2208 solitario
618 2180 746 2207 cantu
767 2185 956 2223 pronun-

289 2223 477 2276 flabant,
509 2235 550 2264 et
568 2225 683 2264 illam
702 2227 842 2265 Persei
865 2241 955 2265 ora·

289 2279 451 2318 tionem
483 2281 699 2321 modulate
725 2297 956 2336 pe1seque-

288 2334 456 2377 ba11tu1.
529 2338 658 2376 Plena
689 2338 823 2392 igitur
854 2339 953 2377 urbs

289 2392 461 2443 pallidis
476 2393 672 2433 omnibus
695 2404 737 2432 et
755 2403 954 2433 extenua·

290 2447 346 2484 tis
378 2449 644 2501 septiduanis
667 2451 755 2490 illis
780 2461 956 2505 tragoe-

291 2501 384 2549 dis,

352 2560 512 2613 Tuque,
564 2579 586 2602 ο
617 2564 788 2603 Deorum
823 2564 956 2603 homi-

375 2632 541 2670 nltn‘lqlLC
559 2635 667 2657 Saeve
690 2637 775 2669 I'L'Y,
808 2621 953 2668 Amo),

294 2679 337 2709 et
356 2671 517 2725 reliqua
548 2687 651 2713 voce
680 2690 829 2729 magna
853 2691 957 2727 pro-

295 2727 591 2779 clamantibus,
623 2729 753 2784 idque
775 2735 955 2770 multum

1012 1947 1150 2000 frigus
1204 1961 1400 2000 magnum
1450 1945 1677 1997 ingruens,

1014 2002 1167 2041 delirio
1194 2003 1363 2041 illorum
1387 2001 1512 2039 finem
1535 2000 1681 2052 impo-

1012 2059 1111 2097 suit.
1183 2058 1382 2097 Caussam
1428 2056 1535 2094 mihi
1574 2070 1677 2095 vero

1011 2114 1182 2154 videtur
1232 2113 1478 2166 hujusmodi
1527 2123 1680 2151 eventus

1013 2170 1257 2224 praebuisse
1280 2170 1535 2220 Archelaus,
1566 2171 1680 2207 Tra-

1014 2226 1176 2281 goedus
1200 2241 1244 2265 ea
1272 2237 1407 2266 aetate
1427 2227 1573 2264 favore
1597 2224 1679 2263 ho-

1012 2283 1175 2321 minum
1212 2282 1388 2335 fimens,
1434 2282 1506 2336 qui
1538 2279 1678 2319 media

1013 2349 1198 2384 aestate,
1242 2343 1376 2378 multo
1405 2346 1547 2386 aestu,
1582 2337 1680 2373 An-

1013 2395 1254 2434 dromedam
1277 2395 1536 2447 illisaegerat‚
1570 2391 1675 2430 adeo

1013 2462 1063 2490 ut
1091 2452 1140 2489 ab
1163 2452 1257 2504 ipso
1280 2451 1445 2490 theatro
1469 2447 1592 2486 multi
1614 2447 1677 2485 fe-

1013 2508 1293 2556 bricitarent,
1354 2516 1396 2545 et
1454 2513 1674 2558 surgentes

1015 2563 1171 2604 deinde
1202 2564 1245 2601 in
1266 2561 1527 2615 tragoediam
1560 2558 1677 2598 dela-

1015 2621 1237 2664 1181001111,
1309 2632 1404 2656 cum
1464 2615 1675 2655 suavitate

1016 2675 1192 2729 quadam
1227 2674 1479 2712 obversante
1510 2685 1678 2710 memo—-

1015 2732 1103 2770 liae
1126 2731 1314 2783 ipsorum
1335 2728 1620 2779 Andromeda,
1633 2736 1675 2768 et
