1834 3188
272 199 369 243 482
621 206 1375 239 ADNOTATIONES

383 305 486 347 Ibid.
490 304 700 377 Ἀγείρων
722 306 787 347 καὶ
816 305 1040 359 συλλέγων)
1081 304 1197 345 Haec
1228 304 1377 354 verba,
1421 323 1574 348 0v⁷⁰vv
1605 305 1722 359 ἠξίου

271 369 440 421 διασπᾶν
458 362 501 405 τὸ
518 368 700 431 πρᾶγμα,
733 359 824 404 οὐδὲ
839 360 939 404 κατὰ
958 363 1151 415 διαίρεσιν
1171 359 1272 403 οὕτω
1291 359 1381 403 κατ’
1401 359 1484 418 ολίγ
1488 381 1534 404 ον
1552 360 1594 417 α’)
1594 367 1723 417 είρων

270 424 338 465 καὶ
357 407 553 475 συλλέγων
582 418 656 472 τὴν
677 424 846 475 γνῶσιν,
879 417 1098 469 videntur,
1130 419 1296 457 ratione
1319 421 1554 458 locutionis
1585 434 1723 458 emen-

273 479 395 518 datae
418 478 685 544 postulante,
717 476 779 515 sic
801 489 889 516 esse
909 473 1195 524 rescribenda,
1230 472 1382 517 οὔκουν
1413 474 1527 528 ἠξίου
1549 479 1723 532 διασπᾶν

272 536 315 577 τὸ
340 537 535 602 πρᾶγμα,
569 529 663 574 οὐδὲ
690 530 788 574 κατὰ
820 534 1012 586 διαίρεσιν
1047 529 1149 573 οὕτω
1185 528 1276 572 κατ’
1304 529 1435 586 ολίγον
1459 530 1626 586 ἀγείρειν
1657 535 1725 574 καὶ

274 593 471 645 συλλέγειν
491 587 564 642 τὴν
583 593 752 656 γνῶσιν·
784 589 940 628 noluit
926 606 965 642 zg
968 591 1044 627 itur
1062 591 1118 627 iia
1136 604 1212 626 rem
1235 587 1464 642 disca-pere,
1497 605 1614 643 neque
1631 606 1726 643 par·

275 650 408 688 titione
434 645 509 685 tali
537 648 759 685 minutatim
789 644 969 698 colligere
990 655 1024 683 et
1047 659 1274 697 comparare
1293 645 1556 700 sibifamam.
1617 647 1726 683 Nam

274 703 466 757 quamvis
487 702 713 754 participia
743 716 865 755 saepe
886 711 1101 754 ponantur
1120 714 1195 753 pro
1215 700 1468 750 infinitivis,
1501 711 1549 739 ut
1570 703 1727 740 Gram*

274 758 420 798 matini
452 760 709 810 loquuntur,
752 757 824 796 hio
855 767 992 797 tamen
1024 760 1164 795 locum
1197 772 1281 795 non
1312 755 1492 796 habent:
1538 758 1726 822 pendent

274 816 385 855 enim
405 814 454 853 ab
474 811 599 866 ἠξίου
609 815 676 855 καὶ
692 811 795 856 οὐδέ.
856 813 945 852 Nec
963 813 1135 861 dubito,
1170 814 1288 881 quin
1296 827 1390 880 pag.
1410 827 1528 867 sequ.
1550 815 1606 852 sit
1624 813 1726 852 scri·

275 868 559 914 bendum'.o15
579 871 653 912 δὲ’
637 889 677 912 εκ
693 875 770 912 τῶν
790 866 869 912 απὸ
895 874 963 921 τῆς
980 867 1241 923 πανηγύρεως
1261 866 1444 921 ηκόντων
1466 867 1728 923 πυνθανόμε·

276 945 351 969 vol.-
411 928 461 966 Jn
483 923 791 965 editionibus'
766 925 845 968 απὸ
867 940 952 964 non
976 926 1176 976 habetur,
1219 940 1312 964 cum
1342 934 1479 964 tamen
1513 926 1726 965 sententia

273 985 358 1024 loci
390 996 536 1022 vocem
571 997 659 1021 eam
696 992 897 1036 requirat.
931 983 1108 1022 GRAEV.
1167 957 1357 1021 Scribere
1391 996 1491 1021 sane
1523 982 1727 1022 Lucianus

273 1039 475 1090 debebat,
517 1048 565 1077 ut
604 1038 659 1078 Gr
653 1055 790 1078 cremus
816 1042 932 1086 vult,
963 1034 1135 1092 ἀγείρειν
1152 1040 1218 1080 καὶ
1241 1039 1451 1092 συλλέγειν.
1512 1037 1564 1077 Ιᾶ
1587 1039 1727 1091 requi-

272 1096 390 1135 rebat
410 1110 497 1135 vox
522 1093 635 1141 οὐδὲ,
668 1096 712 1133 in
738 1109 820 1148 qua
840 1095 968 1132 simul
990 1097 1094 1133 latet
1119 1097 1285 1148 copula.
1344 1095 1630 1133 Veruntamen
1656 1097 1729 1131 ni·-

274 1152 338 1190 hil
360 1165 483 1190 ausus
505 1165 594 1189 sum
615 1161 800 1202 mutare,
835 1164 962 1204 quum
987 1150 1144 1189 nullius
1164 1150 1263 1189 libii
1287 1151 1517 1188 auctoritas
1539 1149 1726 1199 accedat,

274 1222 352 1247 nec
367 1207 730 1246 Anacoluthorum
754 1210 944 1258 exempla
969 1207 1011 1244 in
1034 1217 1178 1246 nostro
1198 1206 1406 1258 scriptore
1429 1206 1604 1245 insolita
1624 1207 1725 1248 sint.

273 1265 419 1303 Multo
438 1266 600 1302 mallem
622 1263 764 1303 edere:
799 1261 891 1304 οὐδὲ
905 1280 1004 1304 κατα
1025 1261 1336 1317 διαίρεσινῖοῧτω
1367 1264 1451 1304 καὶ
1479 1259 1569 1304 κατ’
1593 1259 1726 1318 ὀλίγον

273 1329 354 1362 etc.
412 1319 587 1358 Excidit
604 1321 670 1361 καὶ
689 1320 983 1368 librariorum,
1019 1321 1197 1372 opinor,
1231 1319 1471 1358 oscitantia.
1505 1320 1662 1359 Lmrm.

386 1376 485 1430 Pag.
510 1382 603 1418 122.
623 1379 649 1418 l.
674 1381 714 1419 4.
744 1372 969 1418 Ὀπισθόδο
973 1380 1073 1429 μον)
1106 1378 1176 1415 De
1207 1375 1405 1429 gradibus
1427 1377 1576 1429 templi
1599 1375 1729 1414 habi-

272 1441 337 1472 tas
359 1432 434 1471 has
456 1433 668 1472 orationes
693 1431 815 1472 docet
836 1394 1022 1472 Philostffi.
1045 1447 1111 1486 ep.
1133 1433 1257 1472 XIII.
1280 1446 1321 1484 p.
1341 1436 1436 1475 919.
1467 1430 1546 1474 ἀπὸ
1566 1437 1638 1485 τῆς
1656 1438 1731 1474 τοῦ

271 1506 347 1531 νεω
371 1491 583 1557 βαλβῌίδοφ
616 1499 658 1528 est
682 1488 761 1530 vit.
786 1488 979 1555 Apollon.
1004 1488 1080 1529 lib,
1101 1489 1160 1528 ΙΙ.
1185 1503 1272 1542 cap.
1294 1493 1332 1530 2.
1356 1502 1395 1540 Ρ.
1424 1493 1514 1531 141.
1540 1504 1573 1527 c.
1596 1494 1663 1532 31.
1684 1503 1726 1542 p.

273 1550 366 1588 170.
398 1540 478 1586 ἇπό
495 1549 566 1597 τῆς
581 1546 774 1597 κρηπίδος
790 1549 860 1587 τοῦ
876 1542 966 1586 νεώ.
997 1545 1090 1585 AG.
1115 1545 1168 1591 X,
1189 1549 1255 1588 95.
1287 1543 1387 1583 Vid.
1411 1544 1597 1584 Philosir.
1621 1545 1729 1584 Gor-

272 1601 342 1655 gia
364 1615 406 1653 p-
431 1605 527 1644 493
549 1600 624 1638 ubi
645 1601 715 1643 τὸν
732 1602 800 1669 μὲν
828 1599 960 1670 λόγον
967 1598 1035 1642 τὸν
1061 1600 1252 1643 Πυθικὸν
1273 1596 1353 1641 απὸ
1378 1605 1452 1642 τοῦ
1473 1600 1651 1655 βωμοῦ’
1633 1619 1729 1654 nm·

273 1671 352 1699 σεν.
412 1658 470 1695 Et
488 1671 610 1696 mox:
642 1654 662 1699 ὅ
681 1653 748 1699 δὲ’
757 1655 987 1712 Ολυμπικὸς
1002 1656 1119 1713 λόγος
1137 1667 1213 1700 etc.
1271 1658 1342 1696 De
1359 1652 1628 1710 ὀπισθοδόμῳ
1641 1658 1729 1697 vid.

271 1723 394 1753 notas
419 1712 471 1751 ad
494 1714 563 1751 De
585 1714 718 1755 Mort.
740 1715 905 1768 Peregr.
927 1728 962 1754 c,
987 1720 1055 1758 32.
1089 1715 1259 1753 SOLAN.

383 1769 488 1809 Εαίῖ
507 1772 532 1809 l.
554 1774 592 1813 6-
627 1768 828 1819 Μούσας)
862 1770 964 1809 Non
991 1785 1090 1825 ergo
1114 1768 1395 1810 Herodotus'
1383 1782 1472 1822 ipse
1497 1784 1543 1808 ea
1566 1770 1654 1808 suis
1676 1770 1727 1809 li-

270 1825 355 1864 bris
376 1826 549 1864 nomina
570 1826 697 1873 fecit;
732 1826 922 1880 quamvis
940 1840 1027 1865 non
1052 1826 1212 1876 desint,
1247 1825 1321 1880 qui
1344 1824 1389 1863 id
1411 1825 1579 1866 incaute
1599 1826 1728 1864 nimis

271 1881 462 1921 credunt.
521 1880 620 1921 Vid.
644 1870 768 1921 etiam
787 1882 870 1936 Qu.
894 1883 1008 1922 Hist.
1027 1884 1200 1922 Conscr.
1224 1897 1257 1921 c.
1276 1887 1344 1925 42,
1377 1882 1548 1922 SOLAN.
1607 1882 1727 1935 Quin

270 1939 394 1977 etiam
428 1937 650 1977 Lar-elzerus
680 1938 724 1977 in
754 1938 951 1979 Herodoti
973 1940 1038 1978 sui
1059 1936 1614 1990 Tom.111.p.263.haud
1646 1939 1728 1975 im-

268 1993 549 2050 probabiliter
575 1995 794 2036 ostendere
821 2005 998 2035 conatus
1026 2005 1111 2045 est,
1143 1996 1365 2033 Musarum
1400 1994 1574 2032 nomina
1606 1993 1727 2033 libris

268 2051 528 2091 Herodoteis
556 2067 575 2089 a
601 2052 909 2102 posterioribus
940 2051 1105 2090 demum
1130 2050 1424 2090 Grammaticis
1457 2049 1593 2088 indita
1625 2064 1726 2091 esse.

268 2109 542 2162 Singuloium
567 2110 708 2146 saltem
733 2108 937 2148 librorum
961 2107 1330 2148 denominationes
1357 2105 1499 2146 medio
1521 2119 1628 2146 aevo
1658 2105 1726 2144 de-

266 2164 381 2212 beri,
415 2164 521 2202 mihi
544 2163 711 2230 quidem
738 2173 895 2204 certum
921 2178 1007 2203 esse
1033 2163 1215 2204 videtur.
1247 2165 1402 2204 LEnM,

386 2219 482 2257 '‘⁷‘'AE-
506 2222 536 2264 L
571 2225 609 2266 8
652 2216 999 2273 Ὀλυμπιονίκας)
1046 2219 1216 2260 Casaub.
1248 2218 1300 2257 ad
1333 2219 1495 2257 Theocr
1531 2217 1639 2258 Scal.
1672 2218 1725 2257 ad

268 2281 410 2323 catull.
436 2294 489 2320 ex
517 2278 629 2318 Suid.
658 2277 939 2318 innominato
999 2278 1069 2316 De
1095 2276 1281 2330 Hippia,
1312 2275 1402 2327 ipse
1435 2284 1607 2327 postea,
1643 2273 1725 2315 Cic.

267 2340 336 2393 Ap
341 2338 396 2381 ul.
427 2337 496 2375 De
520 2334 726 2384 Prodico,
757 2334 1000 2388 Xenophon,
1042 2343 1083 2373 et
1109 2347 1186 2371 nos
1208 2331 1259 2370 ad
1280 2331 1497 2370 Somnium
1524 2331 1724 2369 Luciani:

269 2395 320 2434 de
346 2393 610 2432 Anaximene
641 2400 683 2430 et
711 2391 841 2440 Polo,
878 2390 934 2430 id.
965 2405 1005 2442 p.
1031 2395 1127 2433 208.
1151 2386 1620 2439 A1istot.Diog.Lac'1-t.
1651 2386 1723 2424 De

268 2451 473 2502 Aetione,
507 2447 927 2500 The001·it.Epitaph.
951 2448 1119 2486 Aescul.
1151 2446 1221 2484 De
1242 2444 1404 2497 nuptiis
1422 2440 1656 2482 Alexandri
1679 2450 1723 2480 et

268 2506 488 2555 Roxanes,
518 2505 685 2545 Arrian.
713 2502 818 2543 Cat-‚t
850 2504 1026 2545 Boon-D,

377 2561 476 2601 Eatl
498 2562 703 2604 1.1ο.οῖ
719 2559 759 2600 δὲ
779 2576 859 2600 των
882 2562 952 2609 ἐκ)
983 2560 1035 2598 In
1069 2556 1262 2597 omnibus
1289 2555 1408 2594 libris
1439 2562 1525 2592 erat
1555 2554 1597 2593 ἐκ
1628 2556 1719 2594 τῶν.

264 2615 437 2655 Mutavi
457 2631 557 2670 eg0,
588 2626 630 2656 et
650 2615 829 2665 feci,o1','
849 2616 889 2657 δὲ
905 2620 982 2657 τῶν
1000 2617 1041 2658 ἐκ
1057 2620 1126 2668 τῆς
1143 2623 1219 2653 etc.
1249 2625 1370 2674 saepe
1392 2610 1501 2648 enim
1521 2609 1581 2646 sic
1600 2623 1719 2646 usur-

265 2681 390 2723 patui
429 2681 470 2708 et
506 2672 670 2723 apudi
653 2672 855 2710 Nostrum
893 2681 934 2710 et
970 2670 1082 2724 apud
1117 2671 1221 2708 alios
1254 2667 1493 2718 sciiptoreS.
1545 2664 1716 2704 SOtAN.

265 2724 393 2780 Quod
415 2728 587 2766 omnino
614 2728 702 2767 fieri
725 2741 824 2779 pos·
809 2743 851 2766 e
880 2728 1036 2767 stolide
1061 2735 1186 2779 negat
1216 2722 1394 2770 Belimts,
1430 2735 1560 2775 quum
1587 2720 1717 2774 phra-
