1834 3188
329 220 651 252 HERMon-us
686 221 797 252 sivla
832 218 897 249 DE
933 219 1106 250 snc'ms.
1336 210 1402 257 49

22 323 108 366 ἐπεὶ
123 321 168 365 τὸ
185 323 368 364 τοιοῦτον
387 316 428 374 f)
461 318 602 373 ὅμοιον
623 316 674 362 ὂῖν
696 317 798 361 εἶναι
815 317 862 368 ὅ)
893 322 977 366 τοῖς
995 321 1075 359 τῶν
1094 321 1267 362 παιδίων
1295 321 1402 364 οἶκο-
1414 338 1543 374 p.774.

24 389 248 445 δομήμασιν
262 421 273 439 ,
309 387 335 429 δι’
353 385 716 435 κατασκευάσαντες
733 387 873 427 ἐκεῖνοι
889 381 1066 439 οἶσθενῆ,
1099 382 1226 437 εὗθῦς
1242 383 1403 441 ἆνατρέ-

23 473 192 507 πουσιν,
224 455 360 510 ἢκαὶ,
401 455 452 509 νὴ
484 459 588 504 Δία,
627 460 708 503 τοῖς
730 449 906 503 τοξεύειν
933 458 1164 507 μελετῶσιν,
1197 460 1237 498 οἳ
1260 454 1401 512 κάρφη

22 524 112 568 τινα
146 522 438 578 συνδήσαντες,
486 526 618 566 ἔπειτα
655 524 716 565 ἐπὶ
747 522 894 565 κόντου
933 520 1141 576 πήξαντες,
1190 521 1238 566 οὗ
1262 524 1401 579 πόῤῥω

21 595 286 649 προθέμενοι,
321 589 571 645 στοχάζονται
601 589 804 644 ἀφιέντες·
835 592 903 632 καὶ
928 589 982 644 ἢν
1015 589 1161 645 τύχωσί
1188 609 1306 642 ποτε,
1338 595 1405 636 καὶ

24 665 257 716 διαπείρωσι
282 659 330 702 τὰ
352 657 510 713 κάρφη,
553 656 773 714 ἀνέκραγον
792 656 936 708 εὐθὺς,
969 657 1022 708 ὥς
1041 678 1076 701 τι
1097 661 1193 714 μέγα
1212 658 1405 714 ποιήσαν·

23 748 105 781 τες,
141 733 177 772 εἰ
203 728 473 781 διεξελήλυθεν
496 723 540 778 h)
576 723 713 776 αὐτοῖς
742 725 784 768 τὸ
815 728 926 780 βέλος
958 725 1024 767 διὰ
1056 732 1136 768 τῶν
1169 728 1404 784 φρυγάνων.

24 793 114 840 ἄλλ’
139 792 186 839 οὗ
210 798 362 850 Πέρσαι
385 812 427 850 γε
449 794 552 837 οὕτω
589 800 798 843 ποιοῦσιν,
833 793 924 836 οὐδὲ
942 797 1149 844 Σκυθῶν,
1182 794 1270 838 ὅσοι
1297 794 1406 848 τοξό-

25 883 100 908 ται.
133 863 229 906 ἄλλα
248 869 406 919 πρῶτον
429 881 471 916 με
459 864 498 904 ἓν
519 861 632 905 αὐτοὶ
653 879 885 916 κινουμενοι
907 858 984 915 αφ’
1004 865 1140 905 ἳππων
1169 863 1222 914 ὥς
1238 864 1281 907 τὸ
1302 864 1406 908 πολὺ

25 930 283 983 τοξεύουσιν,
316 933 380 973 ε’πε
385 949 445 972 ιτα
465 931 504 973 δὲ
517 962 530 981 ,
564 932 630 973 καὶ
649 949 696 972 τα
721 927 963 984 τοξευόμενα
982 937 1215 974 κινεῖσθαι
1203 930 1407 986 αξιοῦσιν,

29 1019 103 1056 ουχ
121 1003 288 1050 ἑστῶτα,
322 998 416 1042 οὐδὲ
437 1000 700 1055 περιμένοντα
727 997 770 1040 τό
790 1000 926 1052 βέλος,
961 997 1037 1047 ε’ςτ’
1066 1018 1117 1041 αν
1140 1003 1309 1060 ἐμπέσῃ,
1343 1001 1458 1055 oca-p.
1471 1018 1551 1056 775.

0 1076 1 1091 ¹
27 1067 76 1112 λά
97 1066 430 1122 διαδιδράσκοντα
450 1065 504 1117 ὦς
529 1069 589 1109 ἔνι
619 1065 806 1121 μάλιστα·
836 1069 965 1121 θηρία
990 1067 1034 1122 γέ
1057 1085 1119 1110 τοι
1148 1067 1201 1118 ὦς
1226 1070 1270 1112 τὸ
1304 1068 1409 1113 πολὺ

27 1135 353 1187 κατατοξεύουσι,
404 1137 470 1178 καὶ
499 1133 680 1190 ὀρνίθων
707 1137 806 1178 ἔνιοι
844 1134 1123 1190 τυγχάνουσιν.
1162 1135 1214 1191 ἢν
1242 1140 1285 1180 δέ
1315 1157 1412 1182 ποτε

29 1207 97 1250 καὶ
117 1207 178 1246 ἐπὶ
203 1209 358 1246 σκοποῦ
377 1205 442 1260 δέῃ
465 1210 713 1258 πειραθῆναι
741 1208 816 1245 τοῦ
842 1203 962 1245 τόνου
980 1201 1014 1254 i)
1042 1210 1113 1257 τῆς
1140 1209 1314 1260 πληγῆς,
1349 1204 1413 1255 ξύ-

30 1279 101 1317 λον
123 1271 356 1322 ἅντίτυπον,
388 1269 416 1325 ἢ
452 1269 601 1313 ἀσπίδα
628 1267 858 1324 ὠμοβοΐνην
877 1266 926 1325 k)
956 1273 1222 1325 προθέμενοι,
1256 1271 1415 1314 διελαύ-

30 1355 169 1391 νουσι,
212 1341 280 1382 καὶ
309 1337 413 1382 οὕτω
438 1339 692 1390 πιστεύουσι,
732 1335 809 1396 κξέν
845 1333 899 1380 δι’
934 1337 1066 1382 ὅπλων
1093 1342 1207 1394 σφίσι
1235 1341 1414 1394 χωρῆσαι

79 1467 119 1511 f)
145 1461 196 1499 τὸ
220 1466 477 1507 τοιουτον]
512 1465 601 1507 „Sic
628 1466 657 1498 J.
686 1463 739 1498 ΡΙ.
768 1463 809 1499 Α.
838 1464 919 1496 Par.
940 1466 1038 1497 etc.“
1108 1463 1332 1509 ς)εἷναι]
1359 1466 1415 1510 εἴη

130 1513 226 1551 conj.
248 1511 324 1542 Bel.
359 1511 440 1544 Vid.
464 1512 598 1545 Adnot.
650 1506 802 1543 Modo
790 1506 1417 1555 όμοιοςρτε119295111)διεξ-

130 1555 388 1612 ελήίυθεν]
426 1558 620 1601 διεξῆλθεν
651 1556 1095 1600 2954.3011.1')·cov
1128 1556 1299 1613 τόνου]
1327 1559 1418 1593 τού-

125 1617 200 1638 των
223 1617 267 1638 ου
289 1615 390 1647 5011.
412 1615 512 1636 error
542 1603 685 1637 librarii
715 1601 964 1636 foedissimus.
1034 1602 1081 1642 k>
1108 1601 1414 1650 ωμοβοῖνην]

128 1651 188 1684 Ita
217 1651 256 1683 A.
282 1659 312 1684 1.
332 1662 364 1683 2.
394 1650 435 1684 B.
461 1661 489 1683 1.
520 1650 617 1694 δρψ.
663 1650 709 1682 In
736 1648 870 1694 reliqq.
903 1644 1125 1695 ω’μοβοίνην.
1176 1651 1419 1685 vitiosissime

128 1708 216 1730 vero
235 1692 578 1742 5011.ὅμοβοιάκω.

43 1799 147 1840 adeo
189 1809 456 1840 evertantur:
518 1816 609 1840 cum
656 1815 703 1841 ea
760 1800 830 1840 rii.
900 1799 980 1839 Sed
1017 1800 1153 1854 primo
1191 1801 1275 1855 ipsi
1320 1801 1420 1841 dum

44 1858 152 1896 ratio
197 1857 347 1895 similis
387 1857 442 1895 sit
475 1871 702 1910 puerorum
761 1866 989 1895 moventur
1010 1858 1052 1895 in
1077 1858 1222 1910 equis,
1254 1868 1302 1896 ut
1328 1862 1422 1910 plu-

44 1912 439 1959 aedificationibus,
486 1928 587 1967 quas
610 1930 703 1953 cum
760 1913 912 1952 rimum
974 1914 1204 1967 sagittant:
1266 1914 1422 1954 deinde

47 1969 234 2008 infirmas
257 1969 480 2008 admodum
510 1981 702 2018 struant,
761 1978 866 2010 ver'o
887 1984 933 2009 ea
953 1971 1101 2019 etiam,
1138 1985 1244 2023 quae
1270 1981 1422 2023 petun-

48 2025 238 2064 celeriter
265 2036 487 2077 evertunt3
520 2037 591 2065 aut
621 2027 703 2072 his,
763 2036 854 2075 tur,
907 2029 1060 2065 volunt
1096 2027 1280 2076 moveri,
1332 2041 1422 2065 non

49 2081 122 2135 qui
153 2081 383 2134 sagittandi
421 2093 548 2121 artem
577 2083 705 2122 medi·
765 2092 873 2121 stare
891 2092 931 2121 et
949 2092 1192 2135 exspectare
1210 2083 1420 2138 sagittam,

51 2146 218 2185 tantur,
263 2139 336 2189 qui
368 2137 544 2190 stipulas
577 2154 706 2192 quas-
766 2140 864 2177 dum
915 2139 1101 2187 incidat,·
1160 2139 1231 2179 sed
1277 2140 1424 2193 fugere

52 2192 145 2231 dam
185 2194 401 2246 colligatas
427 2205 468 2233 et
496 2196 539 2233 in
577 2207 705 2247 conto
765 2204 967 2249 quantum
988 2195 1088 2234 licet
1106 2197 1300 2234 maxime.
1346 2196 1425 2233 Be-

54 2248 209 2288 defixas
232 2259 477 2300 proponunt
511 2251 706 2291 interval·
765 2252 864 2289 stias
889 2251 999 2290 enirn
1025 2262 1072 2289 ut
1095 2252 1321 2303 plurimum
1345 2251 1426 2289 de-

53 2309 96 2345 10
124 2319 207 2343 non
233 2308 385 2357 longo,
420 2315 546 2357 atque
570 2307 621 2345 ad
639 2322 705 2346 eas
768 2307 923 2360 jiciunt
942 2307 1128 2360 sagittis,
1161 2318 1201 2346 et
1220 2322 1315 2345 aves
1334 2306 1428 2360 qui·

56 2360 210 2402 deinde
259 2361 517 2401 collineant:
587 2373 627 2401 et
675 2363 711 2401 si
772 2363 861 2400 dam
884 2378 1025 2401 eorum
1050 2364 1222 2401 feriunt.
1283 2363 1429 2402 Si've·

58 2417 227 2472 quando
261 2418 439 2463 feriant,
472 2419 715 2470 trajiciant—
771 2433 816 2456 ro
841 2420 963 2457 etiam
986 2418 1036 2455 ad
1057 2433 1227 2470 scopum
1253 2414 1429 2457 tentan-

60 2474 591 2528 questipulas,exclama11t
615 2490 713 2513 con-
774 2472 824 2511 da
853 2475 908 2511 sit
937 2475 1001 2512 vis
1025 2486 1064 2512 et
1088 2475 1308 2513 contentio
1332 2478 1431 2527 pla-

59 2531 206 2578 sinuo,
240 2530 348 2567 utin
370 2545 520 2584 magno
553 2532 716 2569 facino·
775 2543 872 2582 gae,
911 2531 1094 2582 lignum,
1150 2530 1263 2582 quod
1298 2531 1429 2569 ictum

61 2600 118 2635 re,
150 2586 185 2624 si
209 2597 412 2624 sarmenta
435 2589 560 2625 telum
586 2597 717 2625 trans·
774 2588 972 2637 repellat,
1005 2597 1076 2623 aut
1100 2597 1261 2624 scutum
1284 2601 1305 2626 e
1330 2602 1430 2625 cru-

64 2642 177 2682 ierit.
258 2642 412 2680 Verum
467 2643 526 2681 ita
568 2644 716 2682 Persae
777 2641 829 2680 do
875 2641 998 2679 boum
1033 2651 1195 2695 tergore
1227 2644 1432 2695 proposi-

66 2708 175 2737 certe
213 2712 297 2736 non
339 2699 525 2747 faciunt,
582 2714 718 2752 neque
776 2707 864 2735 tum
896 2697 1139 2750 trajiciunt,
1180 2709 1220 2737 et
1245 2701 1303 2736 ita
1333 2714 1432 2751 spe-

67 2752 315 2806 Scytharum
338 2755 409 2807 qui
430 2765 528 2793 sunt
548 2756 719 2810 sagitta-
775 2763 869 2793 rant
888 2768 963 2807 per
982 2768 1092 2792 arma
1113 2769 1283 2809 quoque
1303 2756 1434 2809 sagit-

113 2822 261 2853 Lucian.
289 2821 371 2854 Vol.
397 2822 464 2854 IV.
