1834 3188
367 208 688 243 HERMOTlMUs
723 208 825 240 stvE
861 207 927 238 DE
963 207 1136 238 snc'ris.
1377 190 1445 239 25

61 313 138 364 φίοι
159 311 258 365 ἐστὶ,
287 311 352 355 καὶ
373 307 401 365 ἦ
419 305 703 365 ἀληθεύουσα,
733 307 802 350 καὶ
819 303 872 361 ἢν
894 304 944 349 ἅν
961 323 1021 357 τις
1039 306 1188 356 ἕλοιτο,
1219 304 1362 360 παρεὶς
1377 302 1588 366 ταςΡ,7-54,

63 375 206 431 ἄλλας,-

176 452 312 489 EPM.
340 445 441 502 Ἐγώ
462 461 526 488 σοι
546 441 704 499 φράσω.
732 441 871 499 ἐώρων
889 443 983 492 τούς
1002 444 1214 492 πλείστους
1230 438 1298 484 ἐπ’
1321 436 1450 495 αὐτὴν

62 511 291 571 ὁρμῶντας,
325 515 420 565 ὥςτε
441 518 596 564 εἴκαζον
619 509 766 566 ἆμείνω
790 511 893 554 εἶναι
915 507 1057 565 αὗτήν.

172 589 308 626 ΛΤΚ.
343 584 467 636 Πόσῳ
493 585 570 626 τινὶ
598 584 761 631 πλείους
790 587 869 623 τῶν
890 577 1206 636 Ἐπικουρείων,
1236 576 1264 632 ἢ
1285 583 1591 635 Ekarra-1275&

61 657 207 704 νικῶν,
230 649 257 706 ἢ
281 657 635 707 Περιπατητικῶν,·
664 646 894 706 ἠρίθμησας
914 648 990 706 γὰρ
1011 645 1161 698 αὐτούς
1183 645 1357 703 δηλαδὴ,
1381 663 1453 689 κα-

62 718 198 776 θάπερ
223 723 263 763 ἐν
283 727 368 770 ταῖς
387 722 659 775 χειροτονίαις.

178 794 320 830 ΕΡΜ.
349 786 450 831 Ἀλλ’
476 786 551 832 οὐκ
570 787 778 843 ἠρίθμησα
805 788 945 843 ἔγωγε·
977 787 1135 834 εἴκαζον
1159 785 1216 827 δέ.

177 862 309 899 ΛΤΚ.
336 853 415 905 ‘529
442 854 516 898 οὖκ
545 858 694 906 ἐθέλεις
733 854 890 906 διδάξαι
923 873 989 910 με,
1031 852 1116 896 ἄλλ’
1152 855 1367 910 ἐξαπατᾷς·
1409 850 1456 902 ὃς

64 926 157 981 περὶ
173 931 251 969 τῶν
269 922 464 968 τοιούτων
485 928 663 983 εἰκασμῷ
685 924 766 983 φῂς
784 927 850 967 καὶ
866 923 1015 979 πλήθει
1031 929 1180 979 κρῖναι,
1199 919 1459 976 ἀποκρυπτό-

63 1012 182 1048 μενος
200 995 324 1050 λέγειν
344 991 446 1048 πρός
474 1012 521 1048 με
541 991 726 1048 τάληθές.

179 1067 318 1104 EPM.
366 1060 425 1104 Οὐ
459 1061 584 1116 μόνον
616 1069 758 1115 τοῦτο,
792 1056 824 1105 ὦ
850 1068 1027 1112 Λυκῖνε,
1061 1056 1158 1102 ἆλλᾶ
1197 1061 1265 1102 καὶ
1300 1058 1460 1113 ἤκουον

65 1127 256 1173 ἁπάντων
274 1129 493 1187 λεγόντων,
527 1129 580 1180 ὥς
598 1133 730 1185 οἱμὲν
758 1129 1055 1184 Ἐπικούρειοι,
1087 1128 1359 1185 γλυκύθυμοι,
1391 1128 1460 1169 καὶ

64 1198 285 1253 φιλήδονοί
303 1197 335 1253 i)
367 1203 487 1242 εἰσιν·
523 1204 564 1242 οἱ
587 1202 900 1254 Περιπατητικοὶ
917 1200 971 1250 δὲ,
1003 1199 1070 1241 καὶ
1093 1194 1367 1251 φιλόπλουτοι,
1392 1197 1462 1238 καὶ

67 1268 257 1321 ἐριστικοί
272 1282 397 1318 τινες·
432 1272 472 1310 οῖ
494 1271 747 1312 Πλατωνικοὶ
765 1271 830 1322 δὲ,
861 1266 1133 1321 τετύφωνται,
1165 1267 1232 1307 καὶ
1253 1262 1466 1317 φιλόδοξοί

69 1338 164 1378 εἰσι·
195 1337 287 1390 περὶ
308 1337 349 1378 δὲ
369 1342 447 1378 τῶν
469 1342 661 1379 Στωϊκῶν
681 1339 823 1380 πολλοὶ
844 1340 1024 1390 ἔφασκον
1049 1334 1107 1378 ὅτι
1129 1332 1368 1389 ἀνδρώδεις,
1397 1333 1466 1374 καὶ

67 1402 199 1446 πάντα
219 1404 505 1460 γιγνώσκουσι·
536 1407 603 1447 καὶ
623 1404 681 1448 ὅτι
703 1403 723 1448 ὁ
741 1404 888 1459 ταύτην
910 1404 982 1448 ἰών
1001 1403 1075 1457 τὴν
1095 1402 1210 1454 ὁδὸν,
1244 1401 1368 1456 μόνος
1392 1405 1465 1456 βα·

70 1470 220 1523 σιλεύς,
254 1471 377 1526 μόνος
407 1472 622 1525 πλούσιος,
653 1471 777 1527 μόνος
808 1473 961 1528 σοφὸς,
994 1474 1060 1514 καὶ
1086 1469 1266 1520 συνόλως
1290 1468 1461 1512 ἅπαντα.

182 1547 319 1584 AYK.
350 1540 521 1598 ’Ἐλεγον
555 1543 597 1585 δὲ
620 1548 742 1585 ταῦτα
772 1541 875 1599 πρὸς
899 1543 941 1586 σὲ
969 1539 1083 1584 ἄλλοι
1103 1537 1255 1595 δηλαδὴ
1275 1540 1364 1595 περὶ
1384 1535 1463 1581 αὗ-
1493 1548 1546 1588 17

116 1644 156 1688 i)
183 1641 471 1690 φιλήδονοί]
498 1641 694 1690 φιλήδονεί
713 1647 754 1679 Α.
776 1657 808 1680 2.

72 1742 223 1796 possit,
258 1757 366 1797 quae
386 1742 442 1781 sit
461 1742 621 1796 optima
639 1741 737 1796 phi-
797 1740 910 1795 apud
949 1755 1015 1781 me
1057 1738 1198 1779 dIcere
1240 1737 1469 1778 subterfu—

71 1800 297 1854 Iosophia,
344 1809 385 1839 et
414 1814 566 1849 ve1ax,
614 1814 738 1852 quam
798 1800 904 1853 gias.

74 1857 170 1912 quis
200 1856 360 1895 relictis
386 1856 561 1895 caeteris
596 1856 738 1909 eligat.
856 1854 995 1894 Herm.
1048 1854 1151 1893 Non
1189 1852 1274 1891 hoc
1304 1854 1466 1900 solum,

131 1913 270 1953 Her-m
325 1914 418 1967 Ego
459 1913 542 1951 tibi
585 1912 737 1953 dicam.
798 1912 992 1964 Lycine,
1026 1910 1099 1950 sed
1122 1908 1344 1948 audiebam
1365 1921 1470 1960 quo-

74 1970 283 2010 Videbam
317 1973 544 2022 plerosque
587 1968 638 2008 ad
679 1970 742 2007 il—
801 1983 883 2022 que
919 1982 1063 2007 omnes
1096 1966 1257 2015 dicere,
1302 1966 1472 2017 Epicu-

76 2030 158 2066 lam
187 2027 309 2066 ferri:
344 2025 454 2064 hanc
488 2026 635 2079 itaque
659 2040 740 2079 op-
799 2039 893 2065 reos
928 2024 1099 2077 quidem
1144 2023 1348 2062 delicatos
1382 2034 1473 2060 esse

81 2084 224 2123 timam
247 2097 336 2122 esse
359 2082 624 2136 colligebam.
802 2092 843 2121 et
883 2080 1206 2134 voluptuarios,
1249 2079 1474 2130 Peripate-

137 2140 234 2193 Lyc.
266 2138 439 2191 Quanto
471 2140 615 2194 (fere)
649 2142 742 2192 plu·
802 2139 911 2177 ticos
932 2152 1030 2177 vero
1057 2137 1305 2175 divitiarum
1330 2148 1474 2172 aman-

81 2210 145 2235 res
182 2194 339 2234 videbas
374 2195 625 2248 Epicureis,
670 2204 744 2234 aut
803 2205 864 2233 tes
891 2204 933 2233 et
960 2194 1279 2240 contentiosos,
1322 2193 1474 2229 Plato-

81 2251 341 2300 Platonicis,
380 2262 452 2289 aut
487 2252 744 2305 Peripat'eti-
803 2252 924 2290 nicos
947 2250 1147 2303 gdenique
1175 2247 1347 2286 inflatos
1375 2249 1474 2298 glo-

85 2309 142 2348 cis
161 2307 181 2346 ⁸?
215 2307 478 2346 Numerabas
506 2309 617 2346 enim
649 2309 747 2347 illos
805 2309 980 2360 tiaeque
1006 2306 1205 2359 cupidos.
1266 2305 1336 2342 De
1361 2302 1476 2341 Stoi-

87 2364 315 2415 videlicet,
348 2374 397 2401 ut
422 2364 466 2400 in
489 2363 718 2419 suffragiis.
808 2365 869 2403 cis
909 2374 1048 2403 autem
1091 2362 1216 2400 multi
1246 2358 1476 2413 praedica-

146 2421 283 2463 Herm.
333 2420 451 2473 Quin
483 2434 569 2458 non
600 2435 749 2459 nume-
808 2421 1099 2470 bant‚f01tes
1121 2431 1209 2456 esse
1231 2426 1273 2455 et
1295 2429 1475 2470 cognos-

86 2478 230 2518 rabam
262 2476 482 2532 equidem:
517 2475 591 2516 sed
614 2477 751 2529 conji-
811 2491 902 2515 cere
926 2475 1089 2524 01nnia3
1132 2473 1206 2526 qui
1232 2486 1332 2511 vero
1357 2473 1474 2510 illam

88 2535 266 2577 ciebam.
809 2533 921 2570 viam
955 2531 1171 2583 elegisset,
1211 2544 1305 2568 eum
1335 2531 1476 2567 solum

145 2591 208 2646 Ly
199 2607 242 2673 'mc
279 2591 339 2630 Ut
356 2600 402 2628 tu
417 2604 503 2629 non
517 2590 580 2628 vis
603 2588 754 2628 medo-
813 2602 951 2641 regem
969 2618 980 2637 ,
1013 2590 1148 2625 solum
1174 2584 1375 2636 divitem,
1408 2599 1476 2623 so-

95 2647 207 2687 cere!
243 2647 314 2687 sed
339 2647 477 2694 fallis,
509 2647 583 2700 qui
606 2646 655 2686 de
677 2646 754 2684 tali
813 2647 899 2683 lum
933 2644 1189 2708 sapientem,
1225 2652 1267 2681 et
1298 2642 1343 2679 in
1372 2642 1478 2679 uni-

93 2717 137 2742 re
150 2707 392 2756 conjectura
407 2712 446 2742 te
462 2703 576 2742 dicas
589 2714 630 2742 et
650 2706 755 2740 mul·
814 2715 979 2741 versum
1003 2701 1159 2739 omnia.

95 2759 285 2799 titudine
307 2759 531 2812 judicasse,
548 2770 589 2798 et
610 2774 753 2799 verum
870 2758 966 2809 Lyc.
997 2756 1219 2796 Dicebant
1235 2768 1335 2795 vero
1356 2752 1408 2793 de
1426 2753 1476 2792 il·
