1834 3188
302 237 401 284 670
663 251 1420 286 ΑΒΝοΤΛΤιοΝΕε

299 364 375 389 nas
397 363 501 390 aevo
529 362 657 388 aureo
679 349 896 403 promittit
923 350 979 389 Ῑ
964 367 1034 404 zrg
1056 351 1148 390 Ecl.
1161 350 1237 400 IV,
1257 355 1323 398 45
1347 353 1493 407 Sponte
1514 370 1586 394 sua
1607 355 1770 411 sandyx

296 418 498 461 pascentes
517 409 648 445 iesiiet
673 423 815 459 agnos,
849 418 891 446 et
909 422 1014 462 quae
1037 408 1310 459 praecedunt.
1366 411 1443 449 Ait
1467 411 1600 464 igitur
1618 412 1768 452 Lucia·

298 480 395 504 nus:
423 480 497 517 pro
516 466 653 502 vestitu
672 474 834 502 utuntur
854 479 964 502 αναη.
984 463 1070 503 ielis
1086 481 1156 518 pet·
1173 482 1212 503 se
1229 469 1447 519 pur-puteis.
1505 468 1697 518 Interim,
1731 469 1767 507 si

298 534 321 558 a
349 523 492 559 colore
515 519 761 567 recesseris,
794 519 926 558 hodie
959 535 1046 559 non
1081 520 1186 560 adeo
1215 523 1389 573 mi1·‚um
1425 533 1561 563 vestes
1593 539 1644 563 ex
1670 539 1768 563 ara-

295 590 470 616 nearum
495 576 587 615 telis
608 590 732 629 posse
756 576 910 615 confici
926 607 937 626 ,
973 592 1065 615 cum
1094 586 1236 617 nostia
1267 580 1469 619 memoria
1489 579 1534 619 id
1553 581 1598 618 in
1623 581 1766 621 Gallia

295 632 578 687 experimenti
599 647 745 671 caussa
763 634 920 671 factum
944 635 1012 674 sit.
1045 636 1209 672 RmTz.

406 712 648 755 Eacl.l-12·
681 696 956 765 Ὃμοιὸτητα)
998 713 1124 768 Angl.
1155 710 1390 768 ὦραιότητα.
1448 715 1590 755 Aliam
1622 725 1762 757 tamen

290 769 520 810 lectionem
541 779 748 823 sequutus
773 780 836 809 est
860 771 1081 822 interpres.
1118 771 1298 812 Eoum).

404 837 511 878 Ibid.
544 840 601 879 Εἰ
617 842 719 891 γοῦν
741 836 794 891 μὴ
816 835 916 893 gip.)
946 839 1167 877 Describit
1199 841 1416 892 eleganter
1444 839 1610 879 umbras
1645 839 1761 892 apud

291 894 479 945 inferos,
515 909 639 948 posse
661 894 832 948 quidem
859 909 926 933 eas
958 910 1042 932 non
1066 897 1206 949 tangi,
1242 896 1394 935 habere
1420 905 1556 935 tamen
1582 911 1761 949 corpora

289 952 414 990 valde
447 951 644 1001 subtilia,
677 966 783 1005 quae
814 965 899 989 non
934 961 1018 989 tam
1050 966 1225 1003 corpora
1261 953 1371 1002 sint,
1405 966 1528 1005 quam
1564 953 1758 1005 corporis

289 1008 439 1050 instar
500 1007 583 1047 Sed
606 1008 858 1060 interpretes
883 1022 969 1045 non
994 1018 1107 1047 recte
1130 1010 1436 1048 intellexerunt
1459 1008 1574 1047 hunc
1590 1012 1757 1049 locum.

289 1067 372 1106 ,Καὶ
390 1063 493 1113 όλως
522 1067 626 1106 ἔοικε
647 1062 775 1119 γυμνή
801 1081 860 1112 τις
887 1081 911 1113 η
933 1063 1042 1116 ψυχὴ
1075 1059 1207 1105 αυτῶν
1237 1070 1485 1133 περιπολεῖν,
1518 1063 1595 1120 τὴν
1624 1065 1665 1106 δὲ
1684 1070 1760 1107 τοῦ

286 1119 470 1173 σώματος
497 1118 714 1174 ομοιὸτητα
738 1122 1006 1189 περικειμένη.
1050 1123 1086 1162 εἰ
1105 1126 1206 1176 γοῦν
1226 1140 1279 1174 μη
1312 1118 1462 1173 α’ψαιτό
1491 1139 1571 1170 τις,
1605 1119 1682 1163 οὐκ
1703 1119 1755 1163 ἂν

284 1179 448 1232 ἐλέγξειε
470 1196 524 1230 μη
544 1184 646 1219 εἰναι
676 1192 787 1229 σωμα
807 1175 850 1219 τὸ
882 1176 1098 1229 ὁρώμενον.
1159 1178 1364 1216 Vertunt:
1398 1178 1447 1216 In
1465 1194 1618 1216 summa
1639 1177 1756 1217 vide-

283 1245 348 1273 im
376 1251 506 1274 eorum
538 1237 674 1273 anima
707 1234 815 1273 nuda
845 1236 1153 1287 circumzagari,
1185 1234 1442 1275 similitudine
1466 1236 1642 1287 cor-poris
1670 1237 1758 1274 cir-

283 1292 484 1334 cumdata.
533 1293 603 1331 Ac
623 1294 699 1330 nisi
717 1294 804 1345 quis
826 1293 1009 1345 tetigerit,
1043 1307 1120 1330 non
1139 1294 1263 1344 possit
1286 1290 1563 1344 deprehendere
1579 1306 1657 1329 non
1677 1288 1756 1330 esse

281 1364 443 1402 corpus,
477 1348 585 1403 quod
612 1348 727 1389 videt.
786 1325 910 1386 Nam&
925 1358 1015 1386 sunt
1042 1358 1083 1386 ut
1117 1348 1277 1386 umbrae
1306 1358 1453 1396 reciae,
1492 1363 1572 1386 non
1602 1349 1751 1400 nigrae.

277 1405 441 1445 Latina
463 1405 602 1445 versio
628 1422 661 1446 ει
682 1409 781 1459 γοῦν
802 1422 854 1457 μη
876 1403 1026 1454 α’ψαιτο
1043 1437 1052 1454 ,
1087 1407 1215 1454 lonae
1236 1418 1256 1442 a
1284 1405 1457 1443 Graecis
1480 1404 1621 1441 verbis
1647 1403 1751 1454 abit,

279 1475 387 1515 quae
406 1462 467 1500 sic
492 1471 610 1501 eiant
631 1461 946 1503 trzansferenda
978 1461 1094 1500 Licet
1117 1464 1237 1514 igitur
1257 1464 1346 1514 quis
1367 1463 1558 1513 attingere
1574 1471 1748 1514 nequeat,

276 1534 356 1557 non
373 1529 501 1557 tamen
523 1520 732 1557 convincat
754 1535 832 1557 non
863 1535 941 1556 esse
963 1534 1122 1571 cor-pus,
1129 1493 1264 1571 Oquod
1281 1517 1443 1558 videtur,
1504 1516 1607 1555 Sunt
1627 1533 1751 1555 nam—

275 1591 349 1628 que
368 1586 556 1629 tanquam
578 1575 738 1613 umbrae
757 1585 900 1624 rectae,
934 1591 1012 1614 non
1033 1577 1182 1627 nigrae.
1245 1573 1459 1613 Videntur
1477 1574 1616 1623 enim,
1647 1573 1751 1612 licet

276 1645 365 1670 non
384 1640 629 1684 tangantur.
666 1631 846 1670 GRAEV.

389 1709 491 1749 Ead.
513 1712 538 1749 l.
556 1713 620 1752 14.
653 1710 773 1750 Σκιαὶ
791 1706 938 1763 ὀρθαὶ)
970 1709 1154 1749 Umbrae
1174 1708 1281 1747 aliae
1300 1709 1344 1746 in
1363 1707 1498 1747 libero
1517 1710 1614 1747 loco
1635 1717 1750 1747 stan..

274 1767 331 1806 tis
351 1766 543 1805 hominis
562 1765 681 1803 humi
701 1769 837 1818 jacere
856 1781 903 1804 ac
924 1766 1037 1805 trahi
1060 1765 1283 1805 videntur:
1315 1764 1418 1815 hae,
1451 1765 1587 1803 instar
1610 1764 1748 1803 homi·

272 1824 341 1862 nis
364 1824 499 1876 ipsius
515 1851 525 1869 ,
558 1833 736 1863 erectae.
798 1824 921 1862 Aliae
942 1822 1111 1861 defectu
1129 1822 1258 1872 lucis,
1291 1820 1331 1863 h.
1357 1836 1390 1861 e.
1413 1830 1564 1859 natura
1584 1836 1658 1860 sua
1678 1822 1746 1859 ni-

272 1894 392 1934 grae;
425 1880 504 1918 hae
527 1882 741 1918 coloratae
761 1889 851 1918 tum
874 1879 1010 1917 carnis
1035 1882 1198 1927 colore,
1231 1888 1319 1916 tum
1342 1879 1536 1919 vestium.
1587 1878 1746 1917 Caete-

268 1951 360 1975 rum
384 1937 443 1975 ita
468 1945 582 1974 recte
607 1950 672 1974 me
704 1935 1027 1988 interpretatum
1052 1945 1150 1986 post
1184 1935 1289 1972 alios
1320 1934 1436 1972 hunc
1457 1936 1600 1973 locum
1624 1934 1743 1973 arbi-

268 2002 380 2044 tror,
414 1993 518 2030 licet
540 1993 664 2032 aliter
682 2007 845 2031 summo
868 1993 959 2031 viro
985 1992 1193 2031 videatur.
1236 1991 1374 2032 GEsN.

380 2049 485 2089 Ibid.
524 2046 582 2091 01}
605 2050 813 2104 μέλαιναι)
855 2049 956 2088 Non
988 2049 1100 2087 sicut
1130 2057 1323 2097 nostrae,
1363 2051 1549 2101 jacentes
1585 2057 1627 2088 et
1659 2047 1740 2085 ni·-

266 2121 386 2160 g1·,ae
419 2105 492 2145 sed
517 2107 766 2159 corporibus
792 2107 924 2158 veris,
956 2106 992 2144 si
1019 2104 1280 2144 soliditatem
1311 2105 1525 2158 excipias,
1562 2105 1734 2147 similes.

265 2162 440 2204 SOLAN.

377 2221 476 2272 Pag.
503 2220 648 2264 2852]-
673 2223 709 2262 9.
745 2213 971 2272 'Gadi-,am
1021 2215 1054 2273 (³
1063 2216 1213 2270 Οπώοα
1245 2219 1393 2272 λέγεται
1420 2235 1446 2270 η
1477 2216 1633 2271 χλοωδη
1663 2215 1736 2260 cdv

263 2275 422 2331 καρπὸν
443 2277 610 2328 ε’χουσα,
647 2274 735 2318 οἷον
757 2277 982 2328 δωρακινα,
1022 2281 1126 2329 μηλα
1155 2276 1345 2325 (ἱππίδια,
1378 2273 1636 2327 δαμασκηνᾶ,
1667 2275 1736 2317 καὶ

265 2332 339 2375 όσα
366 2332 419 2387 μὴ
441 2335 514 2386 ἔχει
537 2334 689 2383 ἔξωθεν
716 2350 751 2374 τι
779 2336 926 2383 guiffa
912 2351 961 2382 ως
1026 2333 1231 2374 Constant.-
1249 2336 1382 2373 Γεωπ.
1403 2332 1456 2370 L.
1477 2330 1563 2388 Χ.)
1597 2332 1733 2373 Vorst.

263 2391 473 2499 SOLAi‘Tag.
497 2450 594 2489 287.
619 2448 647 2484 l.
671 2450 707 2488 1.
741 2444 976 2501 Στόμασιν)
1017 2435 1169 2484 Parum
1195 2445 1407 2485 concinne
1430 2444 1514 2484 hoc
1538 2444 1729 2500 quidem,

262 2502 346 2541 nisi
389 2517 481 2541 cum
523 2502 808 2556 Aristophanis
848 2504 1021 2543 Socrate
1066 2501 1295 2558 όῤῥοπυγίῳ
1336 2502 1468 2541 facias
1512 2510 1728 2542 canentes-

261 2558 476 2654 8ΟΕΑΕΝαιῖ.
498 2618 527 2656 l.
551 2621 591 2660 6.
631 2621 712 2657 Τοῦ
725 2612 925 2668 Ομηοου)
961 2616 1008 2655 ln
1036 2615 1144 2655 Edd.
1167 2629 1253 2654 non
1277 2615 1494 2669 legebatur
1521 2613 1725 2653 articulus

259 2675 354 2721 τοῦ,
393 2686 515 2722 quem
539 2673 806 2726 reposuimus
830 2687 880 2711 ex
900 2675 983 2714 Ms
1005 2674 1110 2726 Reg.
1134 2678 1255 2717 3011.
1287 2674 1384 2712 En).

373 2727 475 2766 ΕαιΙ.
494 2730 522 2768 l.
549 2734 614 2771 10.
647 2727 867 2780 Εὔνομος)
898 2729 1128 2768 Musicus
1119 2744 1151 2767 is
1174 2733 1332 2774 clarus,
1375 2730 1493 2780 cujus
1518 2725 1723 2765 historio-

258 2785 340 2824 lam
358 2785 477 2837 lege,
507 2797 645 2837 quam
653 2794 796 2824 narrat
817 2787 861 2825 in
887 2791 1038 2842 Προτρ.
1065 2785 1237 2826 Clemens
1253 2782 1465 2824 Alexand.
1482 2783 1595 2822 sub
1582 2797 1723 2838 ipsum
