1834 3188
275 185 377 234 574
633 195 1387 228 ADNoTAT10NEs

274 297 457 355 gendum
479 311 592 342 esse,
626 308 730 348 quas
753 293 1025 348 vulgaverint
1048 293 1355 349 Imperatores»,
1388 304 1436 334 ut
1457 303 1575 336 tanta
1595 297 1738 338 victo-

273 356 336 396 ria
361 356 662 395 innotesceret.
693 354 859 392 SOLAN.

387 411 490 451 Ead.
509 413 536 452 1.
555 416 593 453 6.
626 403 845 461 Εὐρώπῳ)
880 406 986 446 Urbs
1009 416 1074 446 est
1102 406 1303 458 Mediae,
1336 408 1479 462 inquit
1502 409 1733 453 Palmerius.
1770 411 1774 421 ’“

269 470 321 510 In
344 468 502 508 tabulis
522 463 832 519 Geographicis
855 463 915 502 cis
936 463 1215 516 Euphratem,
1249 465 1295 503 in
1318 465 1589 518 Cyrrhestica
1612 469 1734 518 poni-

270 535 353 566 tur.
384 525 553 565 SOLAN.
614 519 814 575 Εὔρωπος
839 517 954 570 πόλις
975 523 1259 571 Μακεδονίας,
1292 545 1348 552 —
1377 523 1456 564 ἔστι
1481 523 1547 565 καὶ
1579 526 1737 578 Συρίας

269 581 379 635 ἄλλη·
408 580 453 623 τὸ
475 576 659 630 ἔθνικὸν,
694 575 955 630 Εὕρωπαῖος.
971 576 1087 619 ’Ἐστι
1104 579 1171 619 καὶ
1194 575 1287 632 ἄλλη
1315 580 1488 633 Καρίας,
1517 578 1569 631 ’ἣν
1584 577 1747 634 Ἰδριάε

268 642 319 681 δα
343 635 594 688 οἷπὸἼδριος
614 638 687 677 τοῦ
713 632 953 688 Χρυσάορος
976 644 1054 674 etc.
1114 635 1249 690 Steph,
1273 635 1370 691 Byz.
1395 635 1446 676 de
1466 635 1627 692 Urbibs
1646 637 1730 680 vid.

265 695 372 737 Abr.
397 693 548 736 Berkel.
576 707 616 746 p.
640 697 735 737 363.
764 705 825 745 sq.
857 693 978 730 Run.

379 750 484 791 Ead.
504 753 532 789 1.
558 755 598 793 7.
631 747 853 803 Μυριάδας
883 746 1006 803 ἑπτὰ)
1039 747 1146 787 Cum
1173 749 1381 804 conjungi
1409 748 1536 789 etiam
1567 750 1734 803 possint

265 807 319 847 ad
339 808 529 846 ultimam
556 820 825 846 numerorum
856 808 1026 844 classem
1058 805 1400 844 constituendam
1429 804 1643 858 τριάκοντα
1667 809 1735 849 καὶ

259 868 322 915 ἓξ,
355 864 517 904 orietur
536 877 736 903 numerus
759 860 992 901 modestior
1016 867 1167 905 70236.
1228 860 1308 900 Sed
1341 862 1413 917 qui
1435 863 1728 916 mentiuntur,

265 924 371 961 tales
391 920 594 959 minutias
617 933 704 958 non
726 928 890 960 curant.
950 918 1203 968 Mendacia‚
1235 929 1282 956 ut
1303 919 1374 956 illa
1397 919 1586 958 Ictorum
1611 920 1732 959 favo-

262 977 437 1027 rabilia,
472 987 572 1016 sunt
593 978 715 1015 laxae
735 975 1115 1028 interpretationis,
1142 974 1278 1016 GESN.
1319 975 1631 1014 Modestiorem
1654 991 1731 1015 nu·

262 1049 423 1072 merum
460 1032 590 1087 elegit
625 1031 821 1072 Wielancl.
883 1032 1072 1070 Nimiam
1104 1041 1244 1069 tamen
1275 1031 1527 1070 modestiam
1562 1030 1732 1086 affingit

261 1089 431 1129 homini
455 1087 649 1129 mendaci
672 1088 859 1138 Belinus,
893 1099 1083 1127 vertens:
1115 1098 1197 1140 sept
1215 1087 1323 1126 mille
1352 1087 1460 1127 deux
1490 1099 1594 1128 cents
1611 1099 1731 1128 trente

259 1170 317 1178 --
346 1149 428 1186 six.
489 1143 716 1198 Myriadas
744 1144 887 1198 itaque
915 1158 992 1197 pro
1024 1143 1207 1198 singulis
1235 1143 1424 1182 millibus
1452 1143 1591 1196 cepit,
1625 1146 1728 1184 satis

259 1217 400 1257 parce.
460 1201 702 1242 Maximum
726 1215 945 1240 numerum
963 1202 1085 1253 juxta
1109 1214 1157 1238 ac
1181 1198 1368 1239 Gesner-us
1392 1202 1649 1252 praetulerat
1670 1211 1729 1242 et-

260 1262 343 1299 iam
363 1259 570 1313 Micyllus.
632 1257 785 1310 Neque
804 1257 848 1295 id
871 1271 949 1311 ego
974 1256 1317 1309 improbaverim.
1347 1257 1507 1296 LmrM.

371 1316 522 1356 Ead.1.
543 1319 581 1359 8.
608 1310 785 1363 Ἐννέα)
815 1313 939 1367 Angl.
959 1330 1016 1355 os.
1049 1314 1225 1354 Bouno.

372 1372 523 1414 Ead.1.
551 1377 615 1415 10.
653 1366 720 1412 Οὖ
752 1369 944 1425 μικρὸν
974 1367 1052 1423 ὂν]
1100 1371 1328 1422 Propterea
1361 1369 1587 1422 nimirum,
1620 1384 1728 1425 quo-

257 1431 374 1470 niam
394 1431 454 1468 ita
478 1428 525 1467 fit
547 1428 766 1466 nominum
788 1426 1013 1472 confusio,
1045 1436 1086 1465 et
1107 1425 1408 1479 discrepantia.
1467 1427 1598 1466 Haud
1618 1442 1728 1466 asse-

260 1502 370 1542 quor
387 1501 460 1525 cur
484 1483 715 1526 Wielanclus
740 1485 941 1526 verterit:
989 1482 1182 1524 lViewohl
1205 1500 1243 1522 cs
1274 1500 1347 1522 nur
1375 1486 1457 1523 eine
1488 1483 1727 1538 ‚Kleiniglceit

256 1556 320 1584 wt-
352 1545 478 1639 Ilgilcll.
505 1594 671 1651 Tuto)
700 1597 813 1636 Flor.
837 1591 932 1638 ὖπό.
963 1596 1143 1640 Bounn.
1198 1591 1311 1639 ‘Tuo
1334 1597 1399 1639 M,
1422 1597 1551 1638 P.·L.
1584 1606 1626 1637 et
1645 1596 1727 1637 Ed.

255 1656 318 1697 Fl.
340 1658 552 1708 Reliquae
573 1652 688 1706 ὑπέρ.
721 1654 889 1695 SOLAN.

369 1712 469 1753 Ead.
504 1714 532 1750 l.
570 1716 636 1754 13.
681 1708 875 1763 Κρόνον)
920 1709 1046 1764 Angl.
1079 1706 1272 1764 Κρόνιον.
1306 1710 1484 1749 Eoum).
1545 1708 1727 1765 Κρόνιον

250 1769 382 1810 habet
405 1769 531 1808 etiam
563 1769 607 1808 P.
631 1767 683 1809 L.
705 1776 746 1806 et
769 1765 846 1807 Ed.
870 1766 908 1807 J.
930 1767 1003 1808 W.
1028 1781 1128 1805 vero
1155 1763 1366 1820 Κράνειον.
1424 1767 1643 1807 Libellum
1677 1768 1724 1807 tle

251 1839 375 1867 morte
393 1826 594 1878 Peregrini
612 1823 746 1862 amico
773 1822 990 1873 inscribit,
1024 1823 1094 1860 cui
1119 1822 1200 1861 hoc
1230 1823 1416 1862 nominis
1439 1834 1542 1865 erat.
1606 1825 1721 1865 Cave

249 1893 389 1936 putes,
420 1881 534 1920 hunc
555 1881 688 1919 fuisse.
710 1879 977 1919 Saturninum.
1010 1880 1164 1917 Exstat
1182 1880 1307 1918 etiam
1328 1881 1481 1919 nomen
1504 1880 1586 1920 hoc
1607 1880 1720 1933 apud

248 1938 509 1980 Plutarchum
534 1938 578 1976 in
597 1937 758 1976 Mario.
816 1935 1050 1975 Frontonem
1075 1934 1190 1989 quod
1214 1936 1390 1986 attinet,
1423 1936 1512 1974 fuit
1544 1936 1718 1990 quidam

246 1996 396 2037 Fronto
428 1993 741 2048 philosophus,
772 1993 838 2031 M.
873 1992 1039 2030 Aurelii
1070 2001 1332 2044 praeceptor.
1395 1991 1445 2034 V.
1475 1993 1601 2047 Xiph.
1636 1992 1715 2031 sub

247 2052 374 2091 finem
404 2053 471 2092 M.
495 2049 818 2100 Antonini‚·et
846 2049 908 2090 M,
933 2049 1202 2087 Antoninum
1236 2048 1375 2101 ipsum
1402 2048 1445 2099 I,
1477 2053 1542 2092 11,
1605 2047 1716 2088 Vide

247 2110 373 2149 etiarn
396 2106 555 2162 Xiphil.
576 2107 620 2144 in
638 2105 813 2144 Adrian.
838 2106 934 2148 265.
957 2106 1014 2144 D.
1046 2103 1096 2143 de
1133 2104 1259 2143 Corn.
1295 2105 1537 2155 Frontone,
1570 2105 1714 2146 Juris-

247 2169 446 2204 consulto
467 2162 645 2217 insigni.
704 2161 786 2202 Sed
808 2161 855 2199 hi
879 2175 1024 2200 omnes
1048 2160 1160 2199 nihil
1180 2160 1231 2199 ad
1252 2160 1479 2201 historiam
1505 2162 1634 2213 illam,
1666 2161 1714 2201 ni

245 2222 388 2262 fallor.
422 2223 594 2262 SOLAN.

357 2278 454 2331 Pag.
481 2281 575 2319 192.
598 2278 625 2315 1.
651 2281 690 2320 2.
723 2272 1004 2329 Σεβηριανοῦ)
1036 2274 1132 2313 Hoc
1162 2288 1346 2325 nomen,
1379 2283 1427 2313 ut
1457 2284 1500 2315 et
1532 2288 1712 2330 sequens

245 2334 429 2384 Οετοὲε,
462 2335 607 2386 paullo
632 2334 753 2372 aliter
776 2332 819 2370 in
844 2333 963 2373 Alex.
990 2346 1024 2370 c.
1051 2337 1118 2374 27.
1148 2330 1410 2380 efferuntur,
1453 2332 1511 2370 ita
1544 2340 1707 2381 tamen4

243 2402 292 2429 ut
324 2391 453 2430 facile
481 2388 650 2428 eosdem
685 2389 878 2428 homines
918 2402 1137 2443 agnoscas.
1197 2387 1325 2441 Apud
1355 2388 1610 2442 Xipkilinum
1636 2390 1708 2437 (et

242 2447 450 2486 Nostrum
472 2446 607 2492 infra)
638 2442 900 2500 Σεβηριανός.
962 2445 1012 2483 In
1045 2443 1219 2486 Adrian.
1252 2447 1348 2489 265.
1376 2445 1427 2484 A.
1458 2444 1542 2490 bis,
1583 2453 1625 2483 et
1651 2445 1702 2485 B.

242 2502 343 2542 vide
369 2513 411 2543 et
431 2507 527 2547 268.
559 2501 631 2541 ubi
655 2501 802 2542 caedes
823 2506 910 2555 ejus
939 2511 1154 2552 narratur,
1187 2514 1281 2539 cum
1305 2500 1616 2556 nonagenarius
1642 2514 1704 2540 es·

243 2568 320 2609 set,
351 2568 580 2612 tantaeque
601 2559 787 2609 virtutis,
821 2568 868 2597 ut
893 2573 914 2597 a
938 2560 1124 2611 Trajano
1144 2557 1323 2610 imperio
1345 2556 1497 2611 dignus
1515 2570 1703 2609 pronun-

244 2615 377 2654 tiatus
397 2616 541 2655 fuerit.
599 2616 763 2655 Patrem
789 2614 977 2654 Luciani
1002 2615 1133 2653 fuisse
1157 2613 1296 2655 eredo.
1359 2611 1439 2652 Sed
1462 2613 1545 2651 alio
1570 2613 1614 2651 in
1639 2615 1703 2662 10*

244 2685 295 2710 co
317 2674 439 2721 (257.
459 2672 535 2720 A.)
558 2672 679 2712 aliter
699 2672 834 2720 idem,
867 2685 1019 2724 nempe
1046 2668 1306 2723 Σερουιανός-
1366 2667 1448 2707 Sed
1476 2668 1547 2708 hic
1574 2684 1596 2707 a
1624 2683 1701 2708 ΠΟ·

243 2737 333 2768 stro
355 2726 568 2777 diversus,
603 2727 653 2769 de
677 2743 760 2784 quo
787 2727 883 2769 vide
900 2728 944 2767 in
962 2728 1026 2768 M.
1049 2728 1150 2767 Aur.
1166 2732 1262 2772 270.
1286 2725 1333 2766 C.
1352 2724 1428 2764 ubi
1450 2724 1702 2782 Σεβηριανὸς
