1834 3188
384 182 466 210 im
540 176 1194 208 HERMOTlhtUM.
1426 165 1524 208 399

64 290 255 332 terquam
279 276 428 331 quod
418 291 461 314 in
487 284 666 328 utraque
694 273 789 313 Ald.
811 272 864 312 ob
885 273 1136 326 scripturam
1166 270 1526 324 compendiariam

67 344 263 374 accentus
286 332 338 372 ad
358 333 549 371 ultimam
570 330 774 384 syllabam
795 330 1008 383 pertinere
1030 328 1167 367 videri
1185 336 1341 381 potest.
1365 329 1525 369 LEnM.

178 412 280 452 Εαιῖ
304 415 332 450 l·
355 417 393 455 6
423 409 604 462 Ἀθηνᾶν
624 409 685 460 δὲ,
720 411 852 451 οἰκίαν
881 418 959 450 etc.
968 410 991 457 )
1030 406 1259 446 Adleverat
1288 421 1385 446 orae
1419 407 1523 446 edit.

68 471 220 509 Graev.
258 470 305 509 T.
327 468 547 508 Hcmsicrlz.
570 466 670 506 Vid.
701 465 872 505 Aristicl.
898 467 947 503 T.
973 465 1008 503 I.
1031 478 1125 516 pag.
1146 469 1212 506 21.
1235 463 1282 501 C.
1306 463 1380 501 ubi
1414 464 1523 505 Jebb.

65 526 181 564 hunc
199 528 341 563 locum
371 534 505 564 notat.
582 522 661 563 Sed
689 537 780 560 cum
811 536 855 560 ea
878 520 984 558 mihi
1011 519 1145 558 editio
1168 533 1252 558 non
1278 519 1333 557 sit
1353 519 1403 558 ad
1433 535 1526 558 ma-

65 596 172 630 nus,
207 580 309 634 quid
333 580 394 619 ibi
420 589 724 619 commentator
740 579 811 616 ille
834 577 1008 625 habeat,
1042 575 1194 615 addere
1223 590 1310 614 non
1339 591 1524 628 possum.

64 639 228 675 Bm'rz.
297 637 493 677 Aristidis
527 635 680 684 verba,
731 648 836 688 quae
875 632 1190 672 Hemsterhusius
1227 632 1437 671 indicavit
1471 648 1525 672 ex

64 695 225 746 Hymn.
248 693 294 731 in
314 695 504 732 Minerv.
528 707 570 745 p.
589 697 656 734 21.
678 689 743 729 ed.
771 689 918 730 Canter.
945 688 1047 727 haec
1069 698 1192 728 sunt:
1224 712 1280 718 —
1310 688 1527 731 συνελθόν-

62 768 134 798 τας
156 753 279 791 οἰκεῖν
301 752 342 792 ἐν
358 754 491 817 ταυτῷ
510 751 602 802 μίαν
633 748 843 788 συνοικίαν
871 762 1014 797 κοινην
1040 746 1421 797 περιβαλλομένους,
1454 743 1525 798 ηδ’

64 803 272 861 (Ἀθηνᾶ)
308 808 410 848 ἐστὶν
428 823 453 858 η
476 807 667 846 πείσασα·
701 801 799 844 ὅθεν
822 801 869 856 δὴ
898 820 966 844 και
996 805 1211 853 πολιοῦχος
1232 801 1356 843 circam
1376 805 1526 856 κέκλη-

60 880 137 904 ται.
168 864 328 902 LmrM

176 918 278 958 Eacl.
301 921 328 958 l.
356 923 420 961 11.
447 913 694 971 Ἐπέπληξε)
724 915 791 954 Ita
813 929 890 967 pro
912 917 1086 968 vulgato
1114 915 1292 967 ἐξέπληξε
1319 914 1416 954 dare
1435 930 1524 954 non

61 974 299 1024 haesitavig,
329 974 440 1013 idem
463 973 637 1013 verbum
657 987 709 1012 ex
730 971 864 1010 tribus
896 970 1033 1012 Codd.
1056 971 1252 1011 similiter
1273 973 1442 1011 restitui
1462 973 1526 1010 in-

59 1032 124 1069 fra
145 1045 181 1070 c.
201 1036 270 1074 31.
300 1031 463 1069 RmTz.

176 1109 284 1162 Emi..
304 1112 332 1149 1.
359 1114 424 1153 14.
456 1111 511 1151 Εἰ
525 1107 738 1162 ψεύδεται)
777 1109 909 1147 Prave
930 1107 1003 1147 hic
1025 1123 1168 1148 omnes
1189 1106 1242 1162 ἢ,
1276 1108 1390 1162 quod
1410 1109 1459 1148 B.
1483 1114 1524 1152 2.

63 1169 151 1205 5013
173 1166 231 1203 ita
252 1154 507 1206 emendavit.
540 1168 708 1206 SOLAN.
759 1163 843 1215 Ἢ)
877 1165 996 1206 ΕΖΒ
1017 1171 1053 1208 2.
1076 1169 1206 1204 solam
1233 1169 1522 1218 iectelegere,

63 1225 248 1275 reliquas
283 1237 375 1260 cuin
409 1222 516 1263 Cod.
560 1223 623 1261 M.
655 1225 759 1261 male
791 1240 816 1273 η
853 1221 1031 1269 habere,
1084 1231 1306 1261 notaverat
1341 1222 1524 1261 Solonas

63 1279 186 1327 Non,
221 1277 367 1328 credo,
404 1278 519 1331 quod
541 1279 756 1330 ignoraret
775 1295 800 1330 η
833 1300 885 1307 —-
915 1274 943 1330 ἢ
963 1287 1074 1317 recte
1095 1277 1203 1325 dici;
1237 1293 1330 1315 nam
1353 1281 1420 1316 vel
1442 1277 1525 1315 hoc

65 1351 118 1374 ex
140 1332 335 1387 adagio
308 1353 333 1386 η
358 1337 471 1385 πιθι,
502 1353 527 1388 '¹1
549 1334 669 1376 α’πιθι
690 1334 983 1384 notissimum,
1028 1334 1100 1373 sed
1131 1334 1244 1387 quod
1266 1334 1336 1372 hic
1363 1336 1399 1375 εἰ
1417 1348 1528 1372 con-

64 1391 308 1430 venientius
329 1390 512 1431 duceret.
573 1392 719 1430 Potest
740 1401 879 1429 autem
901 1400 1008 1428 stare
1026 1394 1214 1444 vulgata,
1246 1391 1326 1428 etsi
1350 1400 1526 1442 propter

64 1447 258 1500 proxime
286 1447 539 1499 praecedens
566 1449 652 1493 καὶ,
694 1448 836 1484 forsan
866 1448 1016 1484 melius
1046 1447 1156 1485 foret
1186 1450 1221 1488 εἰ
1243 1461 1318 1499 pro
1343 1444 1380 1499 ἤ.
1443 1445 1527 1484 Sed

65 1505 101 1541 si
125 1504 189 1543 καὶ
207 1506 332 1554 plane
359 1503 545 1553 abesset,
577 1519 624 1542 ac
649 1513 736 1540 tum
757 1500 785 1553 η’
813 1527 869 1533 -—
897 1499 925 1554 ἢ
946 1506 1128 1556 legerem,
1161 1503 1274 1541 nihil
1305 1501 1527 1541 desidera—-

62 1574 170 1598 rem:
204 1568 246 1596 at
268 1558 410 1597 Noster
442 1537 568 1597 nimis
598 1568 709 1598 amat
740 1558 847 1597 illud
871 1560 959 1610 καὶ,
1001 1558 1115 1613 quod
1147 1563 1214 1598 vel
1247 1558 1298 1596 ad
1327 1572 1527 1596 nauseam

66 1615 274 1653 infarcit
264 1629 308 1652 ln
336 1616 917 1659 Somn.c.1.2.3.R131TZ.
967 1612 1037 1655 H
1062 1616 1106 1652 in
1126 1617 1260 1668 priori
1289 1624 1408 1668 parte
1445 1614 1528 1652 ob·-

63 1672 207 1723 liquae
231 1670 583 1726 interrogationis
603 1685 773 1724 prorsus
793 1686 951 1710 novum
973 1681 1014 1711 et
1037 1671 1278 1709 inauditum
1298 1681 1373 1710 est.
1434 1671 1528 1711 Jam

66 1742 193 1781 quum
226 1737 392 1765 constet
426 1728 478 1766 ob
502 1728 899 1780 pronuntiationem
929 1742 1054 1765 unam
1088 1727 1348 1781 eandemque
1380 1745 1405 1779 η
1429 1736 1469 1765 et
1497 1728 1532 1767 εἰ

66 1783 311 1846 saepissime
335 1798 354 1820 a
384 1783 570 1822 librariis
603 1794 877 1822 commutatas
897 1798 1007 1831 esse,
1042 1792 1083 1823 et
1103 1783 1144 1822 h.
1167 1787 1192 1824 1
1217 1798 1302 1822 non
1322 1787 1457 1821 solum
1476 1783 1526 1820 B.

66 1845 105 1882 2.
132 1838 203 1878 sed
228 1840 353 1877 etiam
378 1842 423 1879 Β.
441 1846 480 1883 3.
504 1854 645 1878 revera
678 1842 712 1880 εἰ
732 1839 982 1889 exhibeant,
1015 1839 1128 1894 quod
1148 1840 1272 1878 unice
1297 1839 1526 1878 convenit:

66 1909 153 1933 non
178 1905 252 1941 est,
275 1896 389 1947 quod
412 1896 598 1950 genuina
616 1896 744 1935 lectio
765 1896 945 1949 amplius
962 1910 983 1933 a
1003 1899 1100 1935 loco
1120 1896 1203 1934 sibi
1226 1895 1370 1935 debito
1392 1909 1530 1934 arcea-

65 1961 146 1993 tur.
177 1952 334 1992 LnnM.

181 2018 285 2058 Εαίῖ.
304 2022 330 2060 l.
353 2023 402 2064 15
442 2017 566 2074 Υπὲρ
595 2018 666 2062 τὸν
700 2021 884 2076 Λυγκέα)
914 2021 1070 2075 Lynceo
1095 2022 1374 2075 perspicacior.
1433 2019 1532 2058 Per-

70 2075 283 2125 spicaces,
316 2048 605 2130 intelligentes
628 2087 669 2116 et
697 2089 820 2117 acute
839 2076 1140 2130 subtiliterque
1166 2077 1361 2115 videntes
1381 2076 1445 2128 L)
1449 2078 1532 2114 ncei

72 2131 296 2180 dicuntur,
328 2145 416 2169 non
451 2147 471 2170 a
493 2134 643 2184 Lynce
677 2135 874 2183 animali,
909 2133 981 2173 sed
1010 2149 1032 2173 a
1059 2136 1238 2184 Lynceo
1265 2134 1533 2186 Argonauta-

71 2202 160 2225 rum
185 2199 295 2234 uno,
331 2187 405 2239 qui
430 2187 652 2227 dictitabat
658 2194 778 2284 Iultra
806 2191 1006 2240 parietem
1031 2191 1198 2242 videre·
1230 2190 1396 2228 Hieron.
1420 2201 1530 2226 con-

71 2253 133 2282 tra
157 2243 260 2290 Joa,
292 2243 593 2296 Origenistam.
681 2246 753 2285 aL
780 2246 913 2285 Flacc.
942 2247 994 2288 L,
1017 2247 1051 2284 Ι.

562 2323 618 2331 ·—·
649 2317 810 2355 cumque
832 2303 986 2340 aethera
1009 2303 1185 2356 Juppiier
1204 2302 1342 2340 umbra

293 2355 513 2395 Perdiderit
533 2355 662 2405 solus,
696 2358 885 2397 ίιαηείόαι
914 2358 1043 2397 sulcia
1061 2360 1254 2403 lwzceus

76 2413 182 2460 Plin.
206 2414 255 2453 L.
281 2413 354 2450 ΙΥ.
381 2427 413 2450 ο.
442 2418 504 2454 10
536 2411 615 2451 Cic.
649 2412 699 2451 de
731 2427 794 2452 eo.
846 2414 1014 2455 Lucian.
1042 2405 1321 2466 Icaromenip.
1345 2422 1387 2452 et
1408 2413 1526 2451 Dial.

74 2469 242 2521 lvlenip.
270 2478 310 2506 et
333 2468 533 2508 Tiresiae.
577 2468 718 2507 Coos.
780 2470 840 2507 Ut
860 2470 903 2506 in
931 2469 1169 2523 Contempl.
1202 2471 1377 2511 Bounn.
1431 2467 1529 2511 Vid.

74 2525 332 2578 Aristophan.
357 2524 499 2565 Schol.
526 2525 568 2561 in
591 2525 733 2563 Pluto.
766 2525 934 2566 Vonsr.
994 2526 1060 2564 Ita
1086 2536 1302 2578 corrupte,
1336 2535 1384 2563 ut
1406 2525 1527 2565 exhi-

74 2580 169 2627 bui,
200 2595 343 2619 versus
377 2580 470 2619 Val.
507 2580 643 2620 Flacci
668 2590 805 2618 exstat
835 2595 900 2632 ap.
939 2580 1060 2633 Cogn.
1083 2596 1203 2634 quem
1239 2581 1375 2621 Graev.
1407 2581 1523 2619 Edit.

74 2635 220 2674 eodem
243 2635 368 2674 modo
390 2651 440 2675 ex
464 2637 656 2676 Parisina
678 2635 914 2689 descripsit.
976 2636 1058 2676 Sed
1085 2637 1172 2677 vid.
1197 2636 1300 2677 edit.
1324 2638 1526 2677 Burman-

74 2695 115 2730 ni
138 2693 190 2729 L.
214 2691 254 2740 I,
277 2697 371 2735 466.
393 2693 466 2730 ubi
488 2695 600 2746 leges
