<?xml version="1.0" encoding="UTF-8"?>
<!DOCTYPE html PUBLIC "-//W3C//DTD XHTML 1.0 Transitional//EN"
    "http://www.w3.org/TR/xhtml1/DTD/xhtml1-transitional.dtd">
<html xmlns="http://www.w3.org/1999/xhtml" xml:lang="en" lang="en">
 <head>
  <title>
</title>
<meta http-equiv="Content-Type" content="text/html;charset=utf-8" />
  <meta name='ocr-system' content='tesseract 3.04.00' />
  <meta name='ocr-capabilities' content='ocr_page ocr_carea ocr_par ocr_line ocrx_word'/>
</head>
<body>
  <div class='ocr_page' id='page_1' title='image "./operagraecaetlat04luciuoft/operagraecaetlat04luciuoft_0753.png"; bbox 0 0 1834 3188; ppageno 0'>
   <div class='ocr_carea' id='block_1_1' title="bbox 605 128 628 141">
    <p class='ocr_par' dir='ltr' id='par_1_1' title="bbox 605 128 628 141">
     <span class='ocr_line' id='line_1_1' title="bbox 605 128 628 141; baseline 0 0"><span class='ocrx_word' id='word_1_1' title='bbox 605 128 628 141; x_wconf 49' lang='lat' dir='ltr'>N</span> 
     </span>
    </p>
   </div>
   <div class='ocr_carea' id='block_1_2' title="bbox 339 161 1532 206">
    <p class='ocr_par' dir='ltr' id='par_1_2' title="bbox 339 161 1532 206">
     <span class='ocr_line' id='line_1_2' title="bbox 339 161 1532 206; baseline -0.001 -1"><span class='ocrx_word' id='word_1_2' title='bbox 339 171 1259 205; x_wconf 74' lang='lat' dir='ltr'><strong>INTYRANNICIDAM.</strong></span> <span class='ocrx_word' id='word_1_3' title='bbox 1437 161 1532 206; x_wconf 75' lang='lat'><strong>701</strong></span> 
     </span>
    </p>
   </div>
   <div class='ocr_carea' id='block_1_3' title="bbox 72 269 1565 2762">
    <p class='ocr_par' dir='ltr' id='par_1_3' title="bbox 72 269 1537 382">
     <span class='ocr_line' id='line_1_3' title="bbox 72 269 1537 336; baseline -0.001 -27"><span class='ocrx_word' id='word_1_4' title='bbox 72 277 186 314; x_wconf 80' lang='lat' dir='ltr'><strong>inter</strong></span> <span class='ocrx_word' id='word_1_5' title='bbox 216 272 324 322; x_wconf 71' lang='grc' dir='ltr'><em>’ὅπως</em></span> <span class='ocrx_word' id='word_1_6' title='bbox 357 282 397 312; x_wconf 82' lang='lat' dir='ltr'><strong>et</strong></span> <span class='ocrx_word' id='word_1_7' title='bbox 429 270 536 336; x_wconf 53' lang='grc' dir='ltr'><strong>όσξερ.</strong></span> <span class='ocrx_word' id='word_1_8' title='bbox 597 271 655 309; x_wconf 87' lang='lat' dir='ltr'><strong>Et</strong></span> <span class='ocrx_word' id='word_1_9' title='bbox 685 284 777 308; x_wconf 86' lang='lat' dir='ltr'><strong>cum</strong></span> <span class='ocrx_word' id='word_1_10' title='bbox 809 269 993 310; x_wconf 84' lang='lat' dir='ltr'><strong>viderem</strong></span> <span class='ocrx_word' id='word_1_11' title='bbox 1032 271 1249 325; x_wconf 80' lang='lat' dir='ltr'><strong>principes</strong></span> <span class='ocrx_word' id='word_1_12' title='bbox 1279 270 1389 313; x_wconf 86' lang='lat' dir='ltr'><strong>Edd.</strong></span> <span class='ocrx_word' id='word_1_13' title='bbox 1418 271 1537 324; x_wconf 84' lang='lat' dir='ltr'><strong>prius</strong></span> 
     </span>
     <span class='ocr_line' id='line_1_4' title="bbox 73 325 1538 382; baseline -0.002 -12"><span class='ocrx_word' id='word_1_14' title='bbox 73 332 240 380; x_wconf 80' lang='lat' dir='ltr'><strong>habere,</strong></span> <span class='ocrx_word' id='word_1_15' title='bbox 274 330 330 368; x_wconf 88' lang='lat' dir='ltr'><strong>id</strong></span> <span class='ocrx_word' id='word_1_16' title='bbox 326 329 493 382; x_wconf 82' lang='lat' dir='ltr'><strong>recepi,</strong></span> <span class='ocrx_word' id='word_1_17' title='bbox 515 342 604 368; x_wconf 87' lang='lat' dir='ltr'><strong>non</strong></span> <span class='ocrx_word' id='word_1_18' title='bbox 627 341 776 366; x_wconf 87' lang='lat' dir='ltr'><strong>curans</strong></span> <span class='ocrx_word' id='word_1_19' title='bbox 799 325 902 381; x_wconf 87' lang='lat' dir='ltr'><strong>quid</strong></span> <span class='ocrx_word' id='word_1_20' title='bbox 928 328 1118 380; x_wconf 88' lang='lat' dir='ltr'><strong>reliquae</strong></span> <span class='ocrx_word' id='word_1_21' title='bbox 1141 328 1338 367; x_wconf 79' lang='lat' dir='ltr'>habeant.</span> <span class='ocrx_word' id='word_1_22' title='bbox 1371 328 1538 367; x_wconf 60' lang='lat' dir='ltr'><strong>mez.</strong></span> 
     </span>
    </p>

    <p class='ocr_par' dir='ltr' id='par_1_4' title="bbox 75 382 1543 662">
     <span class='ocr_line' id='line_1_5' title="bbox 188 382 1538 440; baseline 0.001 -18"><span class='ocrx_word' id='word_1_23' title='bbox 188 387 296 427; x_wconf 72' lang='lat' dir='ltr'><strong>Jbicl.</strong></span> <span class='ocrx_word' id='word_1_24' title='bbox 327 389 384 427; x_wconf 78' lang='grc' dir='ltr'><strong>Εἰ</strong></span> <span class='ocrx_word' id='word_1_25' title='bbox 411 382 549 440; x_wconf 60' lang='grc' dir='ltr'><em>μηκέτ,</em></span> <span class='ocrx_word' id='word_1_26' title='bbox 579 385 709 432; x_wconf 74' lang='grc' dir='ltr'>ἔστιν)</span> <span class='ocrx_word' id='word_1_27' title='bbox 740 382 970 423; x_wconf 79' lang='lat' dir='ltr'><strong>Adleverat</strong></span> <span class='ocrx_word' id='word_1_28' title='bbox 988 385 1208 424; x_wconf 39' lang='lat' dir='ltr'><strong>Hemstersslz</strong></span> <span class='ocrx_word' id='word_1_29' title='bbox 1233 384 1538 425; x_wconf 77' lang='lat' dir='ltr'><strong>VidendumL.</strong></span> 
     </span>
     <span class='ocr_line' id='line_1_6' title="bbox 75 441 1542 493; baseline -0.003 -8"><span class='ocrx_word' id='word_1_30' title='bbox 75 446 158 485; x_wconf 82' lang='lat' dir='ltr'><strong>Bos</strong></span> <span class='ocrx_word' id='word_1_31' title='bbox 186 445 231 482; x_wconf 85' lang='lat' dir='ltr'><strong>in</strong></span> <span class='ocrx_word' id='word_1_32' title='bbox 260 445 415 484; x_wconf 83' lang='lat' dir='ltr'><strong>Exere.</strong></span> <span class='ocrx_word' id='word_1_33' title='bbox 443 441 553 482; x_wconf 88' lang='lat' dir='ltr'>Phil.</span> <span class='ocrx_word' id='word_1_34' title='bbox 585 441 638 480; x_wconf 86' lang='lat' dir='ltr'><strong>ad</strong></span> <span class='ocrx_word' id='word_1_35' title='bbox 666 441 720 482; x_wconf 89' lang='lat' dir='ltr'><strong>N.</strong></span> <span class='ocrx_word' id='word_1_36' title='bbox 747 442 795 479; x_wconf 92' lang='grc' dir='ltr'><strong>Τ.</strong></span> <span class='ocrx_word' id='word_1_37' title='bbox 815 455 857 493; x_wconf 85' lang='lat' dir='ltr'><strong>p.</strong></span> <span class='ocrx_word' id='word_1_38' title='bbox 877 443 916 485; x_wconf 87' lang='lat'><strong>5.</strong></span> <span class='ocrx_word' id='word_1_39' title='bbox 975 441 1019 480; x_wconf 92' lang='lat' dir='ltr'><strong>Is</strong></span> <span class='ocrx_word' id='word_1_40' title='bbox 1050 452 1188 482; x_wconf 89' lang='lat' dir='ltr'><strong>autem</strong></span> <span class='ocrx_word' id='word_1_41' title='bbox 1221 441 1283 480; x_wconf 86' lang='lat' dir='ltr'><strong>ibi</strong></span> <span class='ocrx_word' id='word_1_42' title='bbox 1315 443 1542 481; x_wconf 80' lang='lat' dir='ltr'>occasione</span> 
     </span>
     <span class='ocr_line' id='line_1_7' title="bbox 76 494 1544 554; baseline -0.001 -14"><span class='ocrx_word' id='word_1_43' title='bbox 76 501 302 542; x_wconf 86' lang='lat' dir='ltr'><strong>verborum</strong></span> <span class='ocrx_word' id='word_1_44' title='bbox 333 501 496 554; x_wconf 87' lang='lat' dir='ltr'><strong>Evang.</strong></span> <span class='ocrx_word' id='word_1_45' title='bbox 520 498 671 538; x_wconf 72' lang='lat' dir='ltr'><strong>DIaitlz.</strong></span> <span class='ocrx_word' id='word_1_46' title='bbox 696 498 762 547; x_wconf 88' lang='grc' dir='ltr'><strong>ΙΙ,</strong></span> <span class='ocrx_word' id='word_1_47' title='bbox 803 503 868 541; x_wconf 88' lang='grc'><strong>18.</strong></span> <span class='ocrx_word' id='word_1_48' title='bbox 896 494 1043 552; x_wconf 73' lang='grc' dir='ltr'><strong><em>Ραχηλ</em></strong></span> <span class='ocrx_word' id='word_1_49' title='bbox 1069 503 1266 541; x_wconf 75' lang='grc' dir='ltr'><strong><em>κλαίουσα</em></strong></span> <span class='ocrx_word' id='word_1_50' title='bbox 1295 523 1351 529; x_wconf 94' lang='grc'><strong>--</strong></span> <span class='ocrx_word' id='word_1_51' title='bbox 1383 498 1443 541; x_wconf 82' lang='grc' dir='ltr'><strong>ότι</strong></span> <span class='ocrx_word' id='word_1_52' title='bbox 1467 495 1544 540; x_wconf 77' lang='grc' dir='ltr'><strong>οὖν.</strong></span> 
     </span>
     <span class='ocr_line' id='line_1_8' title="bbox 76 553 1543 612; baseline -0.005 -11"><span class='ocrx_word' id='word_1_53' title='bbox 76 560 171 608; x_wconf 86' lang='grc' dir='ltr'><em>εἶσὶ,</em></span> <span class='ocrx_word' id='word_1_54' title='bbox 203 561 326 612; x_wconf 87' lang='lat' dir='ltr'><strong>plura</strong></span> <span class='ocrx_word' id='word_1_55' title='bbox 353 556 600 596; x_wconf 84' lang='lat' dir='ltr'>testimonia</span> <span class='ocrx_word' id='word_1_56' title='bbox 630 553 789 605; x_wconf 83' lang='lat' dir='ltr'>adfert,</span> <span class='ocrx_word' id='word_1_57' title='bbox 832 553 905 593; x_wconf 87' lang='lat' dir='ltr'><strong>ubi</strong></span> <span class='ocrx_word' id='word_1_58' title='bbox 944 555 1047 595; x_wconf 84' lang='lat' dir='ltr'><strong>haec</strong></span> <span class='ocrx_word' id='word_1_59' title='bbox 1083 555 1249 607; x_wconf 82' lang='lat' dir='ltr'><strong>phrasis</strong></span> <span class='ocrx_word' id='word_1_60' title='bbox 1281 555 1331 594; x_wconf 89' lang='lat' dir='ltr'><strong>de</strong></span> <span class='ocrx_word' id='word_1_61' title='bbox 1363 555 1543 594; x_wconf 80' lang='lat' dir='ltr'><strong>mortuis</strong></span> 
     </span>
     <span class='ocr_line' id='line_1_9' title="bbox 78 611 1543 662; baseline -0.005 -8"><span class='ocrx_word' id='word_1_62' title='bbox 78 615 350 662; x_wconf 84' lang='lat' dir='ltr'>adhibeatur,</span> <span class='ocrx_word' id='word_1_63' title='bbox 383 627 470 652; x_wconf 90' lang='lat' dir='ltr'><strong>non</strong></span> <span class='ocrx_word' id='word_1_64' title='bbox 492 613 649 652; x_wconf 89' lang='lat' dir='ltr'>omisso</span> <span class='ocrx_word' id='word_1_65' title='bbox 672 611 800 652; x_wconf 80' lang='lat' dir='ltr'><strong>etiam</strong></span> <span class='ocrx_word' id='word_1_66' title='bbox 817 611 900 651; x_wconf 89' lang='lat' dir='ltr'><strong>hoc</strong></span> <span class='ocrx_word' id='word_1_67' title='bbox 919 612 1428 652; x_wconf 70' lang='lat' dir='ltr'><strong>Iucianiloco.R1;11z.</strong></span> <span class='ocrx_word' id='word_1_68' title='bbox 1535 643 1543 647; x_wconf 68' lang='grc'>,</span> 
     </span>
    </p>

    <p class='ocr_par' dir='ltr' id='par_1_5' title="bbox 76 667 1547 894">
     <span class='ocr_line' id='line_1_10' title="bbox 191 667 1547 725; baseline 0 -13"><span class='ocrx_word' id='word_1_69' title='bbox 191 671 291 725; x_wconf 76' lang='lat' dir='ltr'><strong>Pag.</strong></span> <span class='ocrx_word' id='word_1_70' title='bbox 316 676 411 716; x_wconf 87' lang='lat'><strong>333.</strong></span> <span class='ocrx_word' id='word_1_71' title='bbox 436 672 463 710; x_wconf 88' lang='lat' dir='ltr'><strong>l.</strong></span> <span class='ocrx_word' id='word_1_72' title='bbox 487 676 527 714; x_wconf 85' lang='lat'><strong>3.</strong></span> <span class='ocrx_word' id='word_1_73' title='bbox 559 668 682 724; x_wconf 75' lang='grc' dir='ltr'><strong><em>’Ἄλλῳ</em></strong></span> <span class='ocrx_word' id='word_1_74' title='bbox 711 684 766 724; x_wconf 80' lang='grc' dir='ltr'><strong>τῳ</strong></span> <span class='ocrx_word' id='word_1_75' title='bbox 795 667 958 724; x_wconf 80' lang='grc' dir='ltr'>τρόπῳ)</span> <span class='ocrx_word' id='word_1_76' title='bbox 1000 669 1242 708; x_wconf 88' lang='lat' dir='ltr'>Articulum</span> <span class='ocrx_word' id='word_1_77' title='bbox 1274 686 1328 725; x_wconf 81' lang='grc' dir='ltr'><strong>τῳ</strong></span> <span class='ocrx_word' id='word_1_78' title='bbox 1359 683 1436 723; x_wconf 90' lang='lat' dir='ltr'><strong>pro</strong></span> <span class='ocrx_word' id='word_1_79' title='bbox 1465 670 1547 711; x_wconf 84' lang='grc' dir='ltr'><strong><em>τινὶ</em></strong></span> 
     </span>
     <span class='ocr_line' id='line_1_11' title="bbox 76 725 1547 782; baseline -0.002 -14"><span class='ocrx_word' id='word_1_80' title='bbox 76 729 150 769; x_wconf 81' lang='lat' dir='ltr'><strong>hic</strong></span> <span class='ocrx_word' id='word_1_81' title='bbox 168 726 488 782; x_wconf 84' lang='lat' dir='ltr'><strong>accipiendum,</strong></span> <span class='ocrx_word' id='word_1_82' title='bbox 523 735 638 764; x_wconf 88' lang='lat' dir='ltr'><strong>recte</strong></span> <span class='ocrx_word' id='word_1_83' title='bbox 660 725 827 764; x_wconf 84' lang='lat' dir='ltr'><strong>monuit</strong></span> <span class='ocrx_word' id='word_1_84' title='bbox 845 725 949 765; x_wconf 84' lang='lat' dir='ltr'><strong>Jens.</strong></span> <span class='ocrx_word' id='word_1_85' title='bbox 971 735 1073 764; x_wconf 88' lang='lat' dir='ltr'>nota</span> <span class='ocrx_word' id='word_1_86' title='bbox 1097 725 1334 779; x_wconf 82' lang='lat' dir='ltr'><strong>superiore,</strong></span> <span class='ocrx_word' id='word_1_87' title='bbox 1394 726 1547 765; x_wconf 82' lang='lat' dir='ltr'><strong>Exem-</strong></span> 
     </span>
     <span class='ocr_line' id='line_1_12' title="bbox 79 781 1546 839; baseline -0.001 -15"><span class='ocrx_word' id='word_1_88' title='bbox 79 789 149 839; x_wconf 86' lang='lat' dir='ltr'><strong>pla</strong></span> <span class='ocrx_word' id='word_1_89' title='bbox 171 798 273 825; x_wconf 86' lang='lat' dir='ltr'><strong>vero</strong></span> <span class='ocrx_word' id='word_1_90' title='bbox 296 783 383 825; x_wconf 86' lang='lat' dir='ltr'><strong>vid.</strong></span> <span class='ocrx_word' id='word_1_91' title='bbox 408 781 622 822; x_wconf 87' lang='lat' dir='ltr'><strong>Prometh.</strong></span> <span class='ocrx_word' id='word_1_92' title='bbox 646 784 689 820; x_wconf 90' lang='lat' dir='ltr'><strong>in</strong></span> <span class='ocrx_word' id='word_1_93' title='bbox 712 781 866 823; x_wconf 80' lang='lat' dir='ltr'><strong>Verbb</strong></span> <span class='ocrx_word' id='word_1_94' title='bbox 890 797 924 821; x_wconf 92' lang='lat' dir='ltr'><strong>c.</strong></span> <span class='ocrx_word' id='word_1_95' title='bbox 943 782 1149 836; x_wconf 77' lang='lat' dir='ltr'><strong>7.ibique</strong></span> <span class='ocrx_word' id='word_1_96' title='bbox 1170 782 1388 822; x_wconf 72' lang='lat' dir='ltr'><strong>Hemsierh.</strong></span> <span class='ocrx_word' id='word_1_97' title='bbox 1422 782 1546 822; x_wconf 80' lang='lat' dir='ltr'><strong>Adde</strong></span> 
     </span>
     <span class='ocr_line' id='line_1_13' title="bbox 81 839 972 894; baseline -0.006 -13"><span class='ocrx_word' id='word_1_98' title='bbox 81 842 192 884; x_wconf 86' lang='lat' dir='ltr'><strong>Gesn.</strong></span> <span class='ocrx_word' id='word_1_99' title='bbox 217 840 269 880; x_wconf 82' lang='lat' dir='ltr'><strong>ad</strong></span> <span class='ocrx_word' id='word_1_100' title='bbox 290 840 445 894; x_wconf 80' lang='lat' dir='ltr'><strong>Quom.</strong></span> <span class='ocrx_word' id='word_1_101' title='bbox 470 839 572 878; x_wconf 81' lang='lat' dir='ltr'><strong>hist.</strong></span> <span class='ocrx_word' id='word_1_102' title='bbox 595 853 687 892; x_wconf 82' lang='lat' dir='ltr'><strong>cap.</strong></span> <span class='ocrx_word' id='word_1_103' title='bbox 707 842 774 882; x_wconf 87' lang='lat'><strong>51.</strong></span> <span class='ocrx_word' id='word_1_104' title='bbox 806 840 972 877; x_wconf 73' lang='lat' dir='ltr'><strong>RmTz.</strong></span> 
     </span>
    </p>

    <p class='ocr_par' dir='ltr' id='par_1_6' title="bbox 75 894 1549 1163">
     <span class='ocr_line' id='line_1_14' title="bbox 187 894 1543 950; baseline -0.001 -13"><span class='ocrx_word' id='word_1_105' title='bbox 187 897 289 937; x_wconf 80' lang='lat' dir='ltr'><strong>Eacl.</strong></span> <span class='ocrx_word' id='word_1_106' title='bbox 311 901 338 938; x_wconf 89' lang='lat' dir='ltr'><strong>l.</strong></span> <span class='ocrx_word' id='word_1_107' title='bbox 358 901 395 939; x_wconf 88' lang='lat'><strong>9.</strong></span> <span class='ocrx_word' id='word_1_108' title='bbox 425 894 558 944; x_wconf 70' lang='grc' dir='ltr'><em>Ἐλπὶς</em></span> <span class='ocrx_word' id='word_1_109' title='bbox 573 900 647 937; x_wconf 81' lang='grc' dir='ltr'><strong>τοῦ</strong></span> <span class='ocrx_word' id='word_1_110' title='bbox 665 894 828 949; x_wconf 77' lang='grc' dir='ltr'>φόβου)</span> <span class='ocrx_word' id='word_1_111' title='bbox 865 896 991 936; x_wconf 86' lang='lat' dir='ltr'><strong>Conf.</strong></span> <span class='ocrx_word' id='word_1_112' title='bbox 1015 895 1140 950; x_wconf 86' lang='lat' dir='ltr'><strong>hujus</strong></span> <span class='ocrx_word' id='word_1_113' title='bbox 1162 896 1278 939; x_wconf 86' lang='lat' dir='ltr'>Diss.</span> <span class='ocrx_word' id='word_1_114' title='bbox 1301 911 1334 939; x_wconf 83' lang='lat' dir='ltr'><strong>c.</strong></span> <span class='ocrx_word' id='word_1_115' title='bbox 1355 903 1394 941; x_wconf 84' lang='grc'><strong>3.</strong></span> <span class='ocrx_word' id='word_1_116' title='bbox 1416 906 1458 936; x_wconf 91' lang='lat' dir='ltr'><strong>et</strong></span> <span class='ocrx_word' id='word_1_117' title='bbox 1477 901 1543 941; x_wconf 84' lang='lat'><strong>18.</strong></span> 
     </span>
     <span class='ocr_line' id='line_1_15' title="bbox 75 951 1548 1009; baseline 0.001 -16"><span class='ocrx_word' id='word_1_118' title='bbox 75 954 198 994; x_wconf 83' lang='lat' dir='ltr'><strong>Adde</strong></span> <span class='ocrx_word' id='word_1_119' title='bbox 217 953 391 1005; x_wconf 78' lang='lat' dir='ltr'><strong>leucycl.</strong></span> <span class='ocrx_word' id='word_1_120' title='bbox 414 952 509 991; x_wconf 85' lang='lat' dir='ltr'><strong>VII.</strong></span> <span class='ocrx_word' id='word_1_121' title='bbox 531 967 563 994; x_wconf 83' lang='lat' dir='ltr'><strong>c,</strong></span> <span class='ocrx_word' id='word_1_122' title='bbox 580 957 646 996; x_wconf 87' lang='lat'><strong>61.</strong></span> <span class='ocrx_word' id='word_1_123' title='bbox 671 954 816 1006; x_wconf 83' lang='lat' dir='ltr'><strong>(quem</strong></span> <span class='ocrx_word' id='word_1_124' title='bbox 841 951 1082 991; x_wconf 84' lang='lat' dir='ltr'><strong>adeundum</strong></span> <span class='ocrx_word' id='word_1_125' title='bbox 1104 952 1326 993; x_wconf 76' lang='lat' dir='ltr'><strong>Hemstcrlz.</strong></span> <span class='ocrx_word' id='word_1_126' title='bbox 1351 953 1397 992; x_wconf 87' lang='lat' dir='ltr'><strong>in</strong></span> <span class='ocrx_word' id='word_1_127' title='bbox 1415 967 1548 1009; x_wconf 82' lang='lat' dir='ltr'><strong>marg.</strong></span> 
     </span>
     <span class='ocr_line' id='line_1_16' title="bbox 77 1006 1549 1066; baseline 0 -17"><span class='ocrx_word' id='word_1_128' title='bbox 77 1009 382 1066; x_wconf 83' lang='lat' dir='ltr'>admonuerat)</span> <span class='ocrx_word' id='word_1_129' title='bbox 414 1009 488 1048; x_wconf 84' lang='lat' dir='ltr'><strong>ubi</strong></span> <span class='ocrx_word' id='word_1_130' title='bbox 510 1008 584 1062; x_wconf 76' lang='grc' dir='ltr'><strong>τὴν</strong></span> <span class='ocrx_word' id='word_1_131' title='bbox 606 1011 744 1051; x_wconf 72' lang='grc' dir='ltr'><em>ἐλπίδα</em></span> <span class='ocrx_word' id='word_1_132' title='bbox 765 1013 841 1051; x_wconf 83' lang='grc' dir='ltr'><strong>τοῦ</strong></span> <span class='ocrx_word' id='word_1_133' title='bbox 863 1006 999 1063; x_wconf 84' lang='grc' dir='ltr'>φόβου</span> <span class='ocrx_word' id='word_1_134' title='bbox 1023 1009 1221 1050; x_wconf 83' lang='lat' dir='ltr'><strong>similiter</strong></span> <span class='ocrx_word' id='word_1_135' title='bbox 1244 1010 1430 1061; x_wconf 81' lang='lat' dir='ltr'><strong>dictum,</strong></span> <span class='ocrx_word' id='word_1_136' title='bbox 1462 1012 1549 1049; x_wconf 88' lang='lat' dir='ltr'>alio</span> 
     </span>
     <span class='ocr_line' id='line_1_17' title="bbox 82 1065 1549 1122; baseline 0 -17"><span class='ocrx_word' id='word_1_137' title='bbox 82 1066 259 1122; x_wconf 76' lang='lat' dir='ltr'><strong>Tlmcycl.</strong></span> <span class='ocrx_word' id='word_1_138' title='bbox 282 1067 535 1108; x_wconf 86' lang='lat' dir='ltr'>testimonio</span> <span class='ocrx_word' id='word_1_139' title='bbox 558 1065 607 1105; x_wconf 86' lang='lat' dir='ltr'><strong>ab</strong></span> <span class='ocrx_word' id='word_1_140' title='bbox 628 1066 796 1117; x_wconf 64' lang='lat' dir='ltr'><strong>U&#39;assio,</strong></span> <span class='ocrx_word' id='word_1_141' title='bbox 831 1065 915 1106; x_wconf 90' lang='lat' dir='ltr'><strong>hoc</strong></span> <span class='ocrx_word' id='word_1_142' title='bbox 938 1066 1033 1119; x_wconf 85' lang='lat' dir='ltr'>ipso</span> <span class='ocrx_word' id='word_1_143' title='bbox 1058 1081 1158 1107; x_wconf 85' lang='lat' dir='ltr'><strong>vero</strong></span> <span class='ocrx_word' id='word_1_144' title='bbox 1180 1067 1357 1107; x_wconf 60' lang='lat' dir='ltr'><strong>Luciam:</strong></span> <span class='ocrx_word' id='word_1_145' title='bbox 1375 1069 1473 1107; x_wconf 84' lang='lat' dir='ltr'>loco</span> <span class='ocrx_word' id='word_1_146' title='bbox 1498 1067 1549 1106; x_wconf 90' lang='lat' dir='ltr'><strong>ab</strong></span> 
     </span>
     <span class='ocr_line' id='line_1_18' title="bbox 80 1122 1148 1163; baseline -0.006 0"><span class='ocrx_word' id='word_1_147' title='bbox 80 1124 231 1163; x_wconf 73' lang='lat' dir='ltr'><strong>Dukero</strong></span> <span class='ocrx_word' id='word_1_148' title='bbox 255 1122 542 1163; x_wconf 86' lang='lat' dir='ltr'><strong>confirmatur.</strong></span> <span class='ocrx_word' id='word_1_149' title='bbox 576 1124 740 1163; x_wconf 56' lang='lat' dir='ltr'><strong>Runa..</strong></span> <span class='ocrx_word' id='word_1_150' title='bbox 1143 1152 1148 1157; x_wconf 94' lang='lat'><strong>.</strong></span> 
     </span>
    </p>

    <p class='ocr_par' dir='ltr' id='par_1_7' title="bbox 78 1179 1553 1517">
     <span class='ocr_line' id='line_1_19' title="bbox 191 1179 1550 1234; baseline 0.002 -15"><span class='ocrx_word' id='word_1_151' title='bbox 191 1179 295 1219; x_wconf 69' lang='lat' dir='ltr'><strong>Eud.</strong></span> <span class='ocrx_word' id='word_1_152' title='bbox 315 1184 344 1220; x_wconf 91' lang='lat' dir='ltr'><strong>l.</strong></span> <span class='ocrx_word' id='word_1_153' title='bbox 368 1185 430 1223; x_wconf 93' lang='grc'><strong>11.</strong></span> <span class='ocrx_word' id='word_1_154' title='bbox 465 1181 718 1234; x_wconf 77' lang='grc' dir='ltr'><strong>Χρωμένου)</strong></span> <span class='ocrx_word' id='word_1_155' title='bbox 748 1181 917 1221; x_wconf 82' lang='lat' dir='ltr'>Retulit</span> <span class='ocrx_word' id='word_1_156' title='bbox 940 1180 1140 1219; x_wconf 84' lang='lat' dir='ltr'><strong>librarius</strong></span> <span class='ocrx_word' id='word_1_157' title='bbox 1169 1180 1222 1219; x_wconf 88' lang='lat' dir='ltr'><strong>ad</strong></span> <span class='ocrx_word' id='word_1_158' title='bbox 1241 1184 1550 1234; x_wconf 74' lang='grc' dir='ltr'>συκοφαντοῦν-</span> 
     </span>
     <span class='ocr_line' id='line_1_20' title="bbox 78 1235 1549 1291; baseline 0.002 -14"><span class='ocrx_word' id='word_1_159' title='bbox 78 1255 160 1287; x_wconf 73' lang='grc' dir='ltr'><strong>τος.</strong></span> <span class='ocrx_word' id='word_1_160' title='bbox 222 1236 304 1277; x_wconf 88' lang='lat' dir='ltr'><strong>Sed</strong></span> <span class='ocrx_word' id='word_1_161' title='bbox 333 1250 422 1277; x_wconf 89' lang='lat' dir='ltr'><strong>esse</strong></span> <span class='ocrx_word' id='word_1_162' title='bbox 452 1236 576 1276; x_wconf 84' lang='lat' dir='ltr'><strong>debet</strong></span> <span class='ocrx_word' id='word_1_163' title='bbox 605 1237 871 1278; x_wconf 82' lang='lat' dir='ltr'><strong>accusativus</strong></span> <span class='ocrx_word' id='word_1_164' title='bbox 900 1240 1072 1291; x_wconf 84' lang='lat' dir='ltr'><strong>junctus</strong></span> <span class='ocrx_word' id='word_1_165' title='bbox 1103 1236 1276 1277; x_wconf 85' lang='lat' dir='ltr'>infinito</span> <span class='ocrx_word' id='word_1_166' title='bbox 1301 1235 1549 1291; x_wconf 73' lang='grc' dir='ltr'><em>ἀποστερεῖν,</em></span> 
     </span>
     <span class='ocr_line' id='line_1_21' title="bbox 81 1292 1551 1358; baseline 0.003 -25"><span class='ocrx_word' id='word_1_167' title='bbox 81 1296 219 1350; x_wconf 83' lang='lat' dir='ltr'><strong>Quam</strong></span> <span class='ocrx_word' id='word_1_168' title='bbox 240 1308 423 1347; x_wconf 88' lang='lat' dir='ltr'><strong>pronum</strong></span> <span class='ocrx_word' id='word_1_169' title='bbox 447 1293 580 1332; x_wconf 87' lang='lat' dir='ltr'><strong>fuerit</strong></span> <span class='ocrx_word' id='word_1_170' title='bbox 598 1311 622 1335; x_wconf 88' lang='grc' dir='ltr'><strong><em>ν</em></strong></span> <span class='ocrx_word' id='word_1_171' title='bbox 644 1303 805 1334; x_wconf 87' lang='lat' dir='ltr'><strong>mutare</strong></span> <span class='ocrx_word' id='word_1_172' title='bbox 827 1296 872 1333; x_wconf 88' lang='lat' dir='ltr'><strong>in</strong></span> <span class='ocrx_word' id='word_1_173' title='bbox 890 1312 939 1342; x_wconf 83' lang='lat' dir='ltr'><strong>v,</strong></span> <span class='ocrx_word' id='word_1_174' title='bbox 964 1302 1151 1358; x_wconf 42' lang='lat' dir='ltr'><strong>app-aret.</strong></span> <span class='ocrx_word' id='word_1_175' title='bbox 1186 1294 1323 1335; x_wconf 64' lang='lat' dir='ltr'><strong>Gnsx.</strong></span> <span class='ocrx_word' id='word_1_176' title='bbox 1386 1292 1551 1350; x_wconf 79' lang='grc' dir='ltr'><em>Χρώμε·</em></span> 
     </span>
     <span class='ocr_line' id='line_1_22' title="bbox 78 1350 1553 1406; baseline 0.001 -14"><span class='ocrx_word' id='word_1_177' title='bbox 78 1369 152 1393; x_wconf 79' lang='grc' dir='ltr'><strong>νον</strong></span> <span class='ocrx_word' id='word_1_178' title='bbox 173 1351 218 1389; x_wconf 92' lang='lat' dir='ltr'><strong>in</strong></span> <span class='ocrx_word' id='word_1_179' title='bbox 232 1352 350 1390; x_wconf 87' lang='lat' dir='ltr'><strong>Gorl.</strong></span> <span class='ocrx_word' id='word_1_180' title='bbox 372 1364 499 1404; x_wconf 86' lang='lat' dir='ltr'><strong>supra</strong></span> <span class='ocrx_word' id='word_1_181' title='bbox 520 1350 722 1403; x_wconf 85' lang='lat' dir='ltr'><strong>scriptum</strong></span> <span class='ocrx_word' id='word_1_182' title='bbox 743 1360 806 1390; x_wconf 84' lang='lat' dir='ltr'><strong>est</strong></span> <span class='ocrx_word' id='word_1_183' title='bbox 825 1350 1050 1391; x_wconf 81' lang='lat' dir='ltr'><strong>exhibita&#39;</strong></span> <span class='ocrx_word' id='word_1_184' title='bbox 1039 1366 1084 1388; x_wconf 88' lang='lat' dir='ltr'>m</span> <span class='ocrx_word' id='word_1_185' title='bbox 1104 1360 1226 1390; x_wconf 85' lang='lat' dir='ltr'><strong>textu</strong></span> <span class='ocrx_word' id='word_1_186' title='bbox 1245 1351 1434 1392; x_wconf 84' lang='lat' dir='ltr'><strong>lectione</strong></span> <span class='ocrx_word' id='word_1_187' title='bbox 1452 1368 1553 1406; x_wconf 80' lang='grc' dir='ltr'>χρω-</span> 
     </span>
     <span class='ocr_line' id='line_1_23' title="bbox 80 1407 1551 1464; baseline 0.001 -19"><span class='ocrx_word' id='word_1_188' title='bbox 80 1410 218 1460; x_wconf 79' lang='grc' dir='ltr'><em>μένου,</em></span> <span class='ocrx_word' id='word_1_189' title='bbox 292 1407 414 1461; x_wconf 82' lang='lat' dir='ltr'><strong>Quae</strong></span> <span class='ocrx_word' id='word_1_190' title='bbox 444 1421 538 1445; x_wconf 89' lang='lat' dir='ltr'><strong>cum</strong></span> <span class='ocrx_word' id='word_1_191' title='bbox 568 1408 799 1447; x_wconf 86' lang='lat' dir='ltr'>manifesto</span> <span class='ocrx_word' id='word_1_192' title='bbox 832 1423 926 1446; x_wconf 87' lang='lat' dir='ltr'><strong>cum</strong></span> <span class='ocrx_word' id='word_1_193' title='bbox 957 1407 1128 1461; x_wconf 80' lang='lat' dir='ltr'><strong>legibus</strong></span> <span class='ocrx_word' id='word_1_194' title='bbox 1158 1407 1332 1462; x_wconf 84' lang='lat' dir='ltr'>linguae</span> <span class='ocrx_word' id='word_1_195' title='bbox 1363 1418 1551 1464; x_wconf 84' lang='lat' dir='ltr'><strong>pugnet,</strong></span> 
     </span>
     <span class='ocr_line' id='line_1_24' title="bbox 86 1462 1184 1533; baseline -0.002 -29"><span class='ocrx_word' id='word_1_196' title='bbox 86 1465 244 1504; x_wconf 81' lang='lat' dir='ltr'><strong>Gesneri</strong></span> <span class='ocrx_word' id='word_1_197' title='bbox 265 1465 503 1504; x_wconf 87' lang='lat' dir='ltr'><strong>sententiae</strong></span> <span class='ocrx_word' id='word_1_198' title='bbox 524 1462 808 1533; x_wconf 49' lang='lat' dir='ltr'><strong>accedendunj</strong></span> <span class='ocrx_word' id='word_1_199' title='bbox 830 1464 995 1517; x_wconf 85' lang='lat' dir='ltr'><strong>putavi.</strong></span> <span class='ocrx_word' id='word_1_200' title='bbox 1027 1465 1184 1502; x_wconf 72' lang='lat' dir='ltr'><strong>LEnm.</strong></span> 
     </span>
    </p>

    <p class='ocr_par' dir='ltr' id='par_1_8' title="bbox 84 1517 1557 1747">
     <span class='ocr_line' id='line_1_25' title="bbox 194 1517 1555 1576; baseline 0.003 -17"><span class='ocrx_word' id='word_1_201' title='bbox 194 1520 296 1560; x_wconf 75' lang='lat' dir='ltr'><strong>Ead.</strong></span> <span class='ocrx_word' id='word_1_202' title='bbox 317 1523 344 1559; x_wconf 89' lang='lat' dir='ltr'><strong>l.</strong></span> <span class='ocrx_word' id='word_1_203' title='bbox 369 1523 434 1564; x_wconf 91' lang='grc'><strong>15.</strong></span> <span class='ocrx_word' id='word_1_204' title='bbox 468 1523 528 1561; x_wconf 77' lang='grc' dir='ltr'><strong>Εἴ</strong></span> <span class='ocrx_word' id='word_1_205' title='bbox 545 1538 604 1568; x_wconf 81' lang='grc' dir='ltr'><strong>τις</strong></span> <span class='ocrx_word' id='word_1_206' title='bbox 637 1517 758 1568; x_wconf 79' lang='grc' dir='ltr'><em>αὐτὸς</em></span> <span class='ocrx_word' id='word_1_207' title='bbox 781 1517 869 1561; x_wconf 68' lang='grc' dir='ltr'><em>εἶπέ,</em></span> <span class='ocrx_word' id='word_1_208' title='bbox 860 1538 923 1563; x_wconf 75' lang='grc' dir='ltr'><strong>ἰτε</strong></span> <span class='ocrx_word' id='word_1_209' title='bbox 928 1537 1036 1571; x_wconf 71' lang='lat' dir='ltr'><strong>ww,</strong></span> <span class='ocrx_word' id='word_1_210' title='bbox 1071 1518 1100 1573; x_wconf 71' lang='grc' dir='ltr'><em>ἦ</em></span> <span class='ocrx_word' id='word_1_211' title='bbox 1122 1522 1160 1561; x_wconf 78' lang='grc' dir='ltr'><strong>εἴ</strong></span> <span class='ocrx_word' id='word_1_212' title='bbox 1186 1539 1246 1571; x_wconf 80' lang='grc' dir='ltr'><strong>τις</strong></span> <span class='ocrx_word' id='word_1_213' title='bbox 1264 1540 1317 1575; x_wconf 83' lang='grc' dir='ltr'><strong>μη</strong></span> <span class='ocrx_word' id='word_1_214' title='bbox 1340 1519 1462 1572; x_wconf 74' lang='grc' dir='ltr'><em>αὐτὸς</em></span> <span class='ocrx_word' id='word_1_215' title='bbox 1483 1541 1528 1576; x_wconf 83' lang='grc' dir='ltr'><strong>με</strong></span> <span class='ocrx_word' id='word_1_216' title='bbox 1515 1523 1555 1563; x_wconf 69' lang='lat' dir='ltr'><strong>&#39;v</strong></span> 
     </span>
     <span class='ocr_line' id='line_1_26' title="bbox 84 1574 1556 1647; baseline 0 -27"><span class='ocrx_word' id='word_1_217' title='bbox 84 1575 286 1620; x_wconf 72' lang='grc' dir='ltr'><em>ἐπέκτεινε</em></span> <span class='ocrx_word' id='word_1_218' title='bbox 296 1609 305 1627; x_wconf 89' lang='grc'>,</span> <span class='ocrx_word' id='word_1_219' title='bbox 338 1577 439 1647; x_wconf 79' lang='grc' dir='ltr'>μηδὲ</span> <span class='ocrx_word' id='word_1_220' title='bbox 456 1580 505 1631; x_wconf 82' lang='grc' dir='ltr'><strong>τῇ</strong></span> <span class='ocrx_word' id='word_1_221' title='bbox 530 1578 664 1630; x_wconf 78' lang='grc' dir='ltr'><em>χειρὶ</em></span> <span class='ocrx_word' id='word_1_222' title='bbox 651 1578 789 1630; x_wconf 74' lang='grc' dir='ltr'><em>ἔδρασε</em></span> <span class='ocrx_word' id='word_1_223' title='bbox 808 1577 852 1619; x_wconf 84' lang='grc' dir='ltr'><strong>τὸ</strong></span> <span class='ocrx_word' id='word_1_224' title='bbox 877 1578 1014 1632; x_wconf 73' lang='grc' dir='ltr'><em>ἔργον,</em></span> <span class='ocrx_word' id='word_1_225' title='bbox 1046 1574 1253 1630; x_wconf 72' lang='grc' dir='ltr'><strong>ἠναγκασε</strong></span> <span class='ocrx_word' id='word_1_226' title='bbox 1273 1581 1336 1629; x_wconf 82' lang='grc' dir='ltr'><strong>δὲ,</strong></span> <span class='ocrx_word' id='word_1_227' title='bbox 1368 1581 1436 1621; x_wconf 82' lang='grc' dir='ltr'><strong>καὶ</strong></span> <span class='ocrx_word' id='word_1_228' title='bbox 1456 1597 1556 1632; x_wconf 73' lang='lat' dir='ltr'><strong>nao-</strong></span> 
     </span>
     <span class='ocr_line' id='line_1_27' title="bbox 84 1630 1557 1702; baseline 0.001 -25"><span class='ocrx_word' id='word_1_229' title='bbox 84 1637 192 1702; x_wconf 76' lang='grc' dir='ltr'>ἔσχεν</span> <span class='ocrx_word' id='word_1_230' title='bbox 213 1630 406 1688; x_wconf 81' lang='grc' dir='ltr'><strong><em>αφορμὴν</em></strong></span> <span class='ocrx_word' id='word_1_231' title='bbox 429 1638 502 1675; x_wconf 83' lang='grc' dir='ltr'><strong>τοῦ</strong></span> <span class='ocrx_word' id='word_1_232' title='bbox 523 1631 677 1685; x_wconf 82' lang='grc' dir='ltr'><em>φόνου,</em></span> <span class='ocrx_word' id='word_1_233' title='bbox 709 1631 756 1674; x_wconf 77' lang='grc' dir='ltr'><strong>τὰ</strong></span> <span class='ocrx_word' id='word_1_234' title='bbox 778 1635 845 1675; x_wconf 61' lang='grc' dir='ltr'><em>’ἔστι</em></span> <span class='ocrx_word' id='word_1_235' title='bbox 865 1636 933 1675; x_wconf 75' lang='grc' dir='ltr'><strong>καὶ</strong></span> <span class='ocrx_word' id='word_1_236' title='bbox 951 1637 1096 1676; x_wconf 84' lang='grc' dir='ltr'><strong>τοῦτον</strong></span> <span class='ocrx_word' id='word_1_237' title='bbox 1117 1632 1226 1683; x_wconf 77' lang='grc' dir='ltr'><em>ἆξιοῖ</em></span> <span class='ocrx_word' id='word_1_238' title='bbox 1249 1632 1269 1678; x_wconf 84' lang='grc' dir='ltr'><em>ὅ</em></span> <span class='ocrx_word' id='word_1_239' title='bbox 1287 1634 1413 1690; x_wconf 85' lang='grc' dir='ltr'><strong><em>νόμος</em></strong></span> <span class='ocrx_word' id='word_1_240' title='bbox 1435 1633 1557 1678; x_wconf 78' lang='grc' dir='ltr'><em>αὐτὸν</em></span> 
     </span>
     <span class='ocr_line' id='line_1_28' title="bbox 87 1687 1556 1759; baseline 0.001 -26"><span class='ocrx_word' id='word_1_241' title='bbox 87 1688 442 1740; x_wconf 75' lang='grc' dir='ltr'><strong>(ἷντικολάζεσθαι,</strong></span> <span class='ocrx_word' id='word_1_242' title='bbox 461 1688 579 1759; x_wconf 45' lang='lat' dir='ltr'><strong>badja</strong></span> <span class='ocrx_word' id='word_1_243' title='bbox 601 1691 775 1738; x_wconf 76' lang='grc' dir='ltr'><strong>δικαίως.</strong></span> <span class='ocrx_word' id='word_1_244' title='bbox 810 1687 902 1744; x_wconf 79' lang='grc' dir='ltr'><strong>οὗγ</strong></span> <span class='ocrx_word' id='word_1_245' title='bbox 881 1689 955 1745; x_wconf 72' lang='grc' dir='ltr'><strong>γὰρ</strong></span> <span class='ocrx_word' id='word_1_246' title='bbox 982 1689 1166 1744; x_wconf 78' lang='grc' dir='ltr'><em>ἐβούλετο</em></span> <span class='ocrx_word' id='word_1_247' title='bbox 1185 1697 1259 1733; x_wconf 79' lang='grc' dir='ltr'><strong>τοῦ</strong></span> <span class='ocrx_word' id='word_1_248' title='bbox 1274 1694 1556 1747; x_wconf 80' lang='grc' dir='ltr'><strong><em>πεπραγμένου</em></strong></span> 
     </span>
    </p>

    <p class='ocr_par' dir='ltr' id='par_1_9' title="bbox 86 1744 1565 2649">
     <span class='ocr_line' id='line_1_29' title="bbox 86 1744 1559 1802; baseline -0.001 -10.971"><span class='ocrx_word' id='word_1_249' title='bbox 86 1751 178 1791; x_wconf 65' lang='grc' dir='ltr'>ἴσον</span> <span class='ocrx_word' id='word_1_250' title='bbox 200 1750 408 1802; x_wconf 75' lang='grc' dir='ltr'><em>γίγνεσθαι</em></span> <span class='ocrx_word' id='word_1_251' title='bbox 429 1745 472 1787; x_wconf 80' lang='grc' dir='ltr'><strong>τὸ</strong></span> <span class='ocrx_word' id='word_1_252' title='bbox 489 1750 560 1799; x_wconf 83' lang='grc' dir='ltr'><strong>τῆς</strong></span> <span class='ocrx_word' id='word_1_253' title='bbox 582 1744 652 1788; x_wconf 72' lang='grc' dir='ltr'><strong>οἶδε</strong></span> <span class='ocrx_word' id='word_1_254' title='bbox 656 1747 744 1800; x_wconf 85' lang='grc' dir='ltr'>ίας)</span> <span class='ocrx_word' id='word_1_255' title='bbox 774 1747 990 1786; x_wconf 81' lang='lat' dir='ltr'><strong>Vertitur.</strong></span> <span class='ocrx_word' id='word_1_256' title='bbox 1024 1747 1071 1786; x_wconf 76' lang='lat' dir='ltr'><strong>Si</strong></span> <span class='ocrx_word' id='word_1_257' title='bbox 1090 1750 1176 1801; x_wconf 75' lang='lat' dir='ltr'><strong>quis</strong></span> <span class='ocrx_word' id='word_1_258' title='bbox 1195 1751 1276 1802; x_wconf 83' lang='lat' dir='ltr'><strong>ipse</strong></span> <span class='ocrx_word' id='word_1_259' title='bbox 1296 1749 1457 1800; x_wconf 80' lang='lat' dir='ltr'><strong>occidit,</strong></span> <span class='ocrx_word' id='word_1_260' title='bbox 1490 1761 1559 1789; x_wconf 78' lang='lat' dir='ltr'><strong>aut</strong></span> 
     </span>
     <span class='ocr_line' id='line_1_30' title="bbox 91 1802 1558 1859; baseline 0.002 -16.004"><span class='ocrx_word' id='word_1_261' title='bbox 91 1810 124 1846; x_wconf 76' lang='lat' dir='ltr'><strong>si</strong></span> <span class='ocrx_word' id='word_1_262' title='bbox 153 1820 231 1844; x_wconf 74' lang='lat' dir='ltr'><strong>non</strong></span> <span class='ocrx_word' id='word_1_263' title='bbox 257 1806 337 1857; x_wconf 83' lang='lat' dir='ltr'><strong>ipse</strong></span> <span class='ocrx_word' id='word_1_264' title='bbox 364 1802 519 1858; x_wconf 76' lang='lat' dir='ltr'><strong>quidem</strong></span> <span class='ocrx_word' id='word_1_265' title='bbox 548 1802 717 1852; x_wconf 55' lang='lat' dir='ltr'><strong>occidat,</strong></span> <span class='ocrx_word' id='word_1_266' title='bbox 757 1820 876 1856; x_wconf 78' lang='lat' dir='ltr'><strong>neque</strong></span> <span class='ocrx_word' id='word_1_267' title='bbox 905 1819 1027 1842; x_wconf 85' lang='lat' dir='ltr'><strong>manu</strong></span> <span class='ocrx_word' id='word_1_268' title='bbox 1038 1803 1209 1858; x_wconf 80' lang='lat' dir='ltr'><strong>facinus</strong></span> <span class='ocrx_word' id='word_1_269' title='bbox 1231 1817 1397 1859; x_wconf 59' lang='grc' dir='ltr'><strong>ρενεῶνιί,</strong></span> <span class='ocrx_word' id='word_1_270' title='bbox 1428 1823 1558 1846; x_wconf 83' lang='lat' dir='ltr'><strong>verum</strong></span> 
     </span>
     <span class='ocr_line' id='line_1_31' title="bbox 93 1859 1560 1918; baseline 0.001 -16"><span class='ocrx_word' id='word_1_271' title='bbox 93 1860 303 1915; x_wconf 62' lang='lat' dir='ltr'><em>compulit,</em></span> <span class='ocrx_word' id='word_1_272' title='bbox 332 1859 585 1914; x_wconf 63' lang='lat' dir='ltr'><strong>praebU-iique</strong></span> <span class='ocrx_word' id='word_1_273' title='bbox 603 1876 688 1899; x_wconf 71' lang='lat' dir='ltr'><strong>mor</strong></span> <span class='ocrx_word' id='word_1_274' title='bbox 693 1871 741 1898; x_wconf 60' lang='grc' dir='ltr'><strong>[ἰδ’</strong></span> <span class='ocrx_word' id='word_1_275' title='bbox 757 1874 1011 1900; x_wconf 66' lang='lat' dir='ltr'><strong>OCCslSlOnem.</strong></span> <span class='ocrx_word' id='word_1_276' title='bbox 1041 1861 1111 1899; x_wconf 70' lang='lat' dir='ltr'><strong>Ex</strong></span> <span class='ocrx_word' id='word_1_277' title='bbox 1131 1876 1254 1915; x_wconf 70' lang='lat' dir='ltr'><strong>(lesluo</strong></span> <span class='ocrx_word' id='word_1_278' title='bbox 1278 1874 1313 1900; x_wconf 70' lang='lat' dir='ltr'><strong>Et</strong></span> <span class='ocrx_word' id='word_1_279' title='bbox 1330 1863 1433 1903; x_wconf 59' lang='lat' dir='ltr'><strong>hunc</strong></span> <span class='ocrx_word' id='word_1_280' title='bbox 1453 1880 1560 1918; x_wconf 75' lang='lat' dir='ltr'><strong>quo-¹·</strong></span> 
     </span>
     <span class='ocr_line' id='line_1_32' title="bbox 92 1916 1562 1974; baseline 0 -16"><span class='ocrx_word' id='word_1_281' title='bbox 92 1936 165 1974; x_wconf 75' lang='lat' dir='ltr'><strong>que</strong></span> <span class='ocrx_word' id='word_1_282' title='bbox 183 1917 375 1971; x_wconf 80' lang='lat' dir='ltr'><strong>supplicio</strong></span> <span class='ocrx_word' id='word_1_283' title='bbox 399 1917 511 1972; x_wconf 81' lang='lat' dir='ltr'><strong>affici</strong></span> <span class='ocrx_word' id='word_1_284' title='bbox 529 1927 702 1969; x_wconf 73' lang='lat' dir='ltr'><strong>oporteJe</strong></span> <span class='ocrx_word' id='word_1_285' title='bbox 732 1916 801 1955; x_wconf 71' lang='lat' dir='ltr'><strong>lex</strong></span> <span class='ocrx_word' id='word_1_286' title='bbox 824 1927 968 1965; x_wconf 79' lang='lat' dir='ltr'><strong>censet,</strong></span> <span class='ocrx_word' id='word_1_287' title='bbox 1002 1916 1154 1970; x_wconf 72' lang='lat' dir='ltr'><strong>idque</strong></span> <span class='ocrx_word' id='word_1_288' title='bbox 1133 1934 1221 1970; x_wconf 80' lang='lat' dir='ltr'><strong>Jure</strong></span> <span class='ocrx_word' id='word_1_289' title='bbox 1241 1921 1401 1971; x_wconf 80' lang='lat' dir='ltr'><strong>optimo.</strong></span> <span class='ocrx_word' id='word_1_290' title='bbox 1459 1921 1562 1960; x_wconf 82' lang='lat' dir='ltr'><strong>An-</strong></span> 
     </span>
     <span class='ocr_line' id='line_1_33' title="bbox 95 1972 1562 2030; baseline 0.001 -17"><span class='ocrx_word' id='word_1_291' title='bbox 95 1976 254 2015; x_wconf 74' lang='lat' dir='ltr'><strong>daciam</strong></span> <span class='ocrx_word' id='word_1_292' title='bbox 271 1976 371 2013; x_wconf 81' lang='lat' dir='ltr'><strong>enim</strong></span> <span class='ocrx_word' id='word_1_293' title='bbox 391 1976 516 2030; x_wconf 74' lang='lat' dir='ltr'>jacto</span> <span class='ocrx_word' id='word_1_294' title='bbox 538 1975 667 2011; x_wconf 82' lang='lat' dir='ltr'><strong>minus</strong></span> <span class='ocrx_word' id='word_1_295' title='bbox 687 1972 815 2011; x_wconf 78' lang='lat' dir='ltr'><strong>valere</strong></span> <span class='ocrx_word' id='word_1_296' title='bbox 839 1972 976 2012; x_wconf 82' lang='lat' dir='ltr'><strong>noluit.</strong></span> <span class='ocrx_word' id='word_1_297' title='bbox 1036 1972 1137 2012; x_wconf 87' lang='lat' dir='ltr'><strong>Non</strong></span> <span class='ocrx_word' id='word_1_298' title='bbox 1162 1974 1247 2013; x_wconf 87' lang='lat' dir='ltr'>nisi</span> <span class='ocrx_word' id='word_1_299' title='bbox 1267 1974 1438 2016; x_wconf 85' lang='lat' dir='ltr'><strong>inficete</strong></span> <span class='ocrx_word' id='word_1_300' title='bbox 1458 1975 1562 2016; x_wconf 88' lang='lat' dir='ltr'><strong>haec</strong></span> 
     </span>
     <span class='ocr_line' id='line_1_34' title="bbox 95 2028 1563 2085; baseline 0.001 -15"><span class='ocrx_word' id='word_1_301' title='bbox 95 2032 245 2070; x_wconf 86' lang='lat' dir='ltr'><strong>ultima</strong></span> <span class='ocrx_word' id='word_1_302' title='bbox 263 2029 385 2070; x_wconf 85' lang='lat' dir='ltr'><strong>reddi</strong></span> <span class='ocrx_word' id='word_1_303' title='bbox 410 2029 554 2078; x_wconf 82' lang='lat' dir='ltr'>vides,</span> <span class='ocrx_word' id='word_1_304' title='bbox 593 2028 824 2068; x_wconf 63' lang='lat' dir='ltr'><strong>Audaciam</strong></span> <span class='ocrx_word' id='word_1_305' title='bbox 854 2032 955 2068; x_wconf 79' lang='lat' dir='ltr'><em>enim</em></span> <span class='ocrx_word' id='word_1_306' title='bbox 969 2029 1093 2085; x_wconf 80' lang='lat' dir='ltr'>facto</span> <span class='ocrx_word' id='word_1_307' title='bbox 1123 2032 1253 2069; x_wconf 83' lang='lat' dir='ltr'><strong>minus</strong></span> <span class='ocrx_word' id='word_1_308' title='bbox 1280 2030 1563 2072; x_wconf 81' lang='lat' dir='ltr'><strong>valerenoluit.</strong></span> 
     </span>
     <span class='ocr_line' id='line_1_35' title="bbox 100 2085 1564 2141; baseline 0.001 -15"><span class='ocrx_word' id='word_1_309' title='bbox 100 2088 186 2127; x_wconf 82' lang='lat' dir='ltr'><strong>Ubi</strong></span> <span class='ocrx_word' id='word_1_310' title='bbox 211 2087 359 2126; x_wconf 88' lang='lat' dir='ltr'>hocin</span> <span class='ocrx_word' id='word_1_311' title='bbox 381 2085 589 2125; x_wconf 77' lang='lat' dir='ltr'><strong>Graecis?</strong></span> <span class='ocrx_word' id='word_1_312' title='bbox 634 2087 700 2124; x_wconf 88' lang='lat' dir='ltr'><strong>An</strong></span> <span class='ocrx_word' id='word_1_313' title='bbox 722 2087 812 2127; x_wconf 66' lang='grc' dir='ltr'><em>ἴσον</em></span> <span class='ocrx_word' id='word_1_314' title='bbox 840 2089 1048 2139; x_wconf 76' lang='grc' dir='ltr'><em>γίγνεσθαι</em></span> <span class='ocrx_word' id='word_1_315' title='bbox 1071 2086 1288 2141; x_wconf 81' lang='lat' dir='ltr'>significat</span> <span class='ocrx_word' id='word_1_316' title='bbox 1307 2092 1436 2128; x_wconf 81' lang='lat' dir='ltr'><strong>minus</strong></span> <span class='ocrx_word' id='word_1_317' title='bbox 1451 2088 1564 2128; x_wconf 82' lang='lat' dir='ltr'><strong>vale-</strong></span> 
     </span>
     <span class='ocr_line' id='line_1_36' title="bbox 99 2141 1560 2197; baseline -0.001 -12"><span class='ocrx_word' id='word_1_318' title='bbox 99 2144 173 2186; x_wconf 71' lang='lat' dir='ltr'><strong>ue?</strong></span> <span class='ocrx_word' id='word_1_319' title='bbox 215 2148 371 2197; x_wconf 82' lang='grc' dir='ltr'><em>Λῆροι,</em></span> <span class='ocrx_word' id='word_1_320' title='bbox 403 2148 530 2196; x_wconf 74' lang='grc' dir='ltr'><strong>λιῖροι.</strong></span> <span class='ocrx_word' id='word_1_321' title='bbox 592 2141 878 2195; x_wconf 84' lang='lat' dir='ltr'>Explodenda</span> <span class='ocrx_word' id='word_1_322' title='bbox 905 2156 1077 2196; x_wconf 88' lang='lat' dir='ltr'><strong>quoque</strong></span> <span class='ocrx_word' id='word_1_323' title='bbox 1113 2145 1320 2183; x_wconf 87' lang='lat' dir='ltr'><strong>correctio</strong></span> <span class='ocrx_word' id='word_1_324' title='bbox 1351 2146 1560 2193; x_wconf 64' lang='lat' dir='ltr'><strong>Mare-ilii,</strong></span> 
     </span>
     <span class='ocr_line' id='line_1_37' title="bbox 98 2197 1560 2255; baseline 0.001 -15.003"><span class='ocrx_word' id='word_1_325' title='bbox 98 2215 176 2255; x_wconf 84' lang='lat' dir='ltr'><strong>pro</strong></span> <span class='ocrx_word' id='word_1_326' title='bbox 201 2198 250 2243; x_wconf 82' lang='grc' dir='ltr'><strong>οὐ</strong></span> <span class='ocrx_word' id='word_1_327' title='bbox 270 2198 345 2255; x_wconf 78' lang='grc' dir='ltr'><strong>γὰρ</strong></span> <span class='ocrx_word' id='word_1_328' title='bbox 361 2199 542 2254; x_wconf 81' lang='lat' dir='ltr'><strong>legentis</strong></span> <span class='ocrx_word' id='word_1_329' title='bbox 562 2200 630 2240; x_wconf 82' lang='grc' dir='ltr'><strong>καὶ</strong></span> <span class='ocrx_word' id='word_1_330' title='bbox 651 2197 739 2253; x_wconf 74' lang='grc' dir='ltr'><strong>γάρ.</strong></span> <span class='ocrx_word' id='word_1_331' title='bbox 771 2198 898 2238; x_wconf 85' lang='lat' dir='ltr'><strong>Nihil</strong></span> <span class='ocrx_word' id='word_1_332' title='bbox 919 2198 990 2237; x_wconf 89' lang='lat' dir='ltr'><strong>hic</strong></span> <span class='ocrx_word' id='word_1_333' title='bbox 1012 2199 1318 2240; x_wconf 74' lang='lat' dir='ltr'><strong>intellexezunt</strong></span> <span class='ocrx_word' id='word_1_334' title='bbox 1339 2201 1442 2240; x_wconf 86' lang='lat' dir='ltr'>boni</span> <span class='ocrx_word' id='word_1_335' title='bbox 1465 2204 1560 2244; x_wconf 83' lang='lat' dir='ltr'><strong>viri</strong></span> 
     </span>
     <span class='ocr_line' id='line_1_38' title="bbox 98 2254 1565 2322; baseline 0.001 -27"><span class='ocrx_word' id='word_1_336' title='bbox 98 2258 148 2297; x_wconf 71' lang='lat' dir='ltr'><strong>Jd</strong></span> <span class='ocrx_word' id='word_1_337' title='bbox 171 2260 264 2297; x_wconf 89' lang='lat' dir='ltr'><strong>vult</strong></span> <span class='ocrx_word' id='word_1_338' title='bbox 283 2254 595 2322; x_wconf 30' lang='lat' dir='ltr'>TyranUnicida:</span> <span class='ocrx_word' id='word_1_339' title='bbox 629 2254 732 2294; x_wconf 86' lang='lat' dir='ltr'><strong>duas</strong></span> <span class='ocrx_word' id='word_1_340' title='bbox 761 2269 850 2295; x_wconf 85' lang='lat' dir='ltr'><strong>esse</strong></span> <span class='ocrx_word' id='word_1_341' title='bbox 871 2254 1012 2295; x_wconf 85' lang='lat' dir='ltr'>caedis</span> <span class='ocrx_word' id='word_1_342' title='bbox 1035 2269 1222 2306; x_wconf 85' lang='lat' dir='ltr'>caussas,</span> <span class='ocrx_word' id='word_1_343' title='bbox 1255 2257 1422 2312; x_wconf 82' lang='lat' dir='ltr'><strong>legibus</strong></span> <span class='ocrx_word' id='word_1_344' title='bbox 1446 2272 1565 2312; x_wconf 82' lang='lat' dir='ltr'><strong>prae-</strong></span> 
     </span>
     <span class='ocr_line' id='line_1_39' title="bbox 100 2311 1563 2367; baseline 0.001 -15"><span class='ocrx_word' id='word_1_345' title='bbox 100 2314 266 2362; x_wconf 82' lang='lat' dir='ltr'>finitas;</span> <span class='ocrx_word' id='word_1_346' title='bbox 303 2315 338 2352; x_wconf 77' lang='lat' dir='ltr'><strong>si</strong></span> <span class='ocrx_word' id='word_1_347' title='bbox 363 2313 458 2367; x_wconf 89' lang='lat' dir='ltr'><strong>quis</strong></span> <span class='ocrx_word' id='word_1_348' title='bbox 486 2315 555 2351; x_wconf 80' lang='lat' dir='ltr'><strong>vel</strong></span> <span class='ocrx_word' id='word_1_349' title='bbox 583 2312 674 2365; x_wconf 87' lang='lat' dir='ltr'><strong>ipse</strong></span> <span class='ocrx_word' id='word_1_350' title='bbox 699 2311 923 2362; x_wconf 83' lang='lat' dir='ltr'><strong>occiderit,</strong></span> <span class='ocrx_word' id='word_1_351' title='bbox 956 2315 1025 2352; x_wconf 89' lang='lat' dir='ltr'><strong>vel</strong></span> <span class='ocrx_word' id='word_1_352' title='bbox 1056 2325 1143 2350; x_wconf 89' lang='lat' dir='ltr'><strong>non</strong></span> <span class='ocrx_word' id='word_1_353' title='bbox 1170 2313 1262 2366; x_wconf 88' lang='lat' dir='ltr'><strong>ipse</strong></span> <span class='ocrx_word' id='word_1_354' title='bbox 1284 2313 1457 2367; x_wconf 88' lang='lat' dir='ltr'><strong>quidem</strong></span> <span class='ocrx_word' id='word_1_355' title='bbox 1487 2329 1563 2354; x_wconf 89' lang='lat' dir='ltr'><strong>sua</strong></span> 
     </span>
     <span class='ocr_line' id='line_1_40' title="bbox 100 2368 1564 2424; baseline 0.001 -15"><span class='ocrx_word' id='word_1_356' title='bbox 100 2385 254 2420; x_wconf 87' lang='lat' dir='ltr'>manu,</span> <span class='ocrx_word' id='word_1_357' title='bbox 284 2369 357 2410; x_wconf 88' lang='lat' dir='ltr'><strong>sed</strong></span> <span class='ocrx_word' id='word_1_358' title='bbox 377 2368 587 2424; x_wconf 61' lang='lat' dir='ltr'><strong>coegerit,</strong></span> <span class='ocrx_word' id='word_1_359' title='bbox 618 2369 851 2423; x_wconf 89' lang='lat' dir='ltr'><strong>mortisque</strong></span> <span class='ocrx_word' id='word_1_360' title='bbox 877 2369 1144 2409; x_wconf 83' lang='lat' dir='ltr'>occasionem</span> <span class='ocrx_word' id='word_1_361' title='bbox 1176 2370 1433 2421; x_wconf 82' lang='lat' dir='ltr'><strong>praebuerit.</strong></span> <span class='ocrx_word' id='word_1_362' title='bbox 1494 2373 1564 2411; x_wconf 82' lang='lat' dir='ltr'><strong>Ex</strong></span> 
     </span>
     <span class='ocr_line' id='line_1_41' title="bbox 101 2425 1564 2482; baseline 0.001 -16"><span class='ocrx_word' id='word_1_363' title='bbox 101 2441 236 2482; x_wconf 85' lang='lat' dir='ltr'><strong>aequo</strong></span> <span class='ocrx_word' id='word_1_364' title='bbox 268 2437 310 2466; x_wconf 90' lang='lat' dir='ltr'><strong>et</strong></span> <span class='ocrx_word' id='word_1_365' title='bbox 337 2425 453 2464; x_wconf 88' lang='lat' dir='ltr'><strong>hunc</strong></span> <span class='ocrx_word' id='word_1_366' title='bbox 485 2438 657 2479; x_wconf 89' lang='lat' dir='ltr'><strong>quoque</strong></span> <span class='ocrx_word' id='word_1_367' title='bbox 679 2425 849 2478; x_wconf 87' lang='lat' dir='ltr'><strong>puniri,</strong></span> <span class='ocrx_word' id='word_1_368' title='bbox 883 2439 1050 2465; x_wconf 84' lang='lat' dir='ltr'><strong>censere</strong></span> <span class='ocrx_word' id='word_1_369' title='bbox 1069 2429 1230 2480; x_wconf 85' lang='lat' dir='ltr'><strong>legem:</strong></span> <span class='ocrx_word' id='word_1_370' title='bbox 1262 2435 1304 2465; x_wconf 88' lang='lat' dir='ltr'><strong>et</strong></span> <span class='ocrx_word' id='word_1_371' title='bbox 1326 2426 1497 2480; x_wconf 87' lang='lat' dir='ltr'><strong>quidem</strong></span> <span class='ocrx_word' id='word_1_372' title='bbox 1518 2429 1564 2467; x_wconf 87' lang='lat' dir='ltr'><strong>id</strong></span> 
     </span>
     <span class='ocr_line' id='line_1_42' title="bbox 100 2480 1564 2537; baseline 0.001 -15"><span class='ocrx_word' id='word_1_373' title='bbox 100 2487 195 2537; x_wconf 81' lang='lat' dir='ltr'><strong>jure</strong></span> <span class='ocrx_word' id='word_1_374' title='bbox 212 2496 381 2522; x_wconf 82' lang='lat' dir='ltr'><strong>censere</strong></span> <span class='ocrx_word' id='word_1_375' title='bbox 400 2484 548 2536; x_wconf 85' lang='lat' dir='ltr'><strong>legem.</strong></span> <span class='ocrx_word' id='word_1_376' title='bbox 607 2483 668 2521; x_wconf 85' lang='lat' dir='ltr'><strong>Nc</strong></span> <span class='ocrx_word' id='word_1_377' title='bbox 651 2499 742 2536; x_wconf 80' lang='lat' dir='ltr'><strong>eque</strong></span> <span class='ocrx_word' id='word_1_378' title='bbox 760 2485 860 2522; x_wconf 82' lang='lat' dir='ltr'><strong>enim</strong></span> <span class='ocrx_word' id='word_1_379' title='bbox 877 2480 1047 2537; x_wconf 76' lang='lat' dir='ltr'><strong>(pergit</strong></span> <span class='ocrx_word' id='word_1_380' title='bbox 1068 2483 1154 2530; x_wconf 84' lang='lat' dir='ltr'><strong>ille,</strong></span> <span class='ocrx_word' id='word_1_381' title='bbox 1189 2495 1294 2535; x_wconf 85' lang='lat' dir='ltr'><strong>quae</strong></span> <span class='ocrx_word' id='word_1_382' title='bbox 1315 2483 1374 2522; x_wconf 87' lang='lat' dir='ltr'><strong>ita</strong></span> <span class='ocrx_word' id='word_1_383' title='bbox 1398 2495 1564 2524; x_wconf 86' lang='lat' dir='ltr'><strong>verten-</strong></span> 
     </span>
     <span class='ocr_line' id='line_1_43' title="bbox 103 2537 1564 2594; baseline 0.003 -17"><span class='ocrx_word' id='word_1_384' title='bbox 103 2539 155 2579; x_wconf 83' lang='lat' dir='ltr'><strong>da</strong></span> <span class='ocrx_word' id='word_1_385' title='bbox 176 2539 305 2594; x_wconf 89' lang='lat' dir='ltr'><strong>sunt)</strong></span> <span class='ocrx_word' id='word_1_386' title='bbox 335 2538 458 2578; x_wconf 87' lang='lat' dir='ltr'><strong>voluit</strong></span> <span class='ocrx_word' id='word_1_387' title='bbox 488 2541 576 2589; x_wconf 59' lang='lat' dir='ltr'><strong>lert,</strong></span> <span class='ocrx_word' id='word_1_388' title='bbox 608 2542 709 2592; x_wconf 79' lang='lat' dir='ltr'><strong>ejus,</strong></span> <span class='ocrx_word' id='word_1_389' title='bbox 744 2541 812 2593; x_wconf 78' lang='lat' dir='ltr'><strong>qui</strong></span> <span class='ocrx_word' id='word_1_390' title='bbox 837 2537 1064 2578; x_wconf 74' lang='lat' dir='ltr'><strong>tantundem</strong></span> <span class='ocrx_word' id='word_1_391' title='bbox 1096 2541 1351 2588; x_wconf 80' lang='lat' dir='ltr'><strong>commiserit,</strong></span> <span class='ocrx_word' id='word_1_392' title='bbox 1384 2557 1461 2580; x_wconf 79' lang='lat' dir='ltr'><strong>esse</strong></span> <span class='ocrx_word' id='word_1_393' title='bbox 1480 2545 1564 2581; x_wconf 81' lang='lat' dir='ltr'><strong>im-</strong></span> 
     </span>
     <span class='ocr_line' id='line_1_44' title="bbox 101 2594 1560 2649; baseline 0.001 -14"><span class='ocrx_word' id='word_1_394' title='bbox 101 2599 341 2649; x_wconf 73' lang='lat' dir='ltr'><strong>punitatem5</strong></span> <span class='ocrx_word' id='word_1_395' title='bbox 387 2595 469 2634; x_wconf 92' lang='lat' dir='ltr'><strong>hoc</strong></span> <span class='ocrx_word' id='word_1_396' title='bbox 500 2605 585 2645; x_wconf 87' lang='lat' dir='ltr'><strong>est,</strong></span> <span class='ocrx_word' id='word_1_397' title='bbox 627 2595 769 2634; x_wconf 88' lang='lat' dir='ltr'><strong>noluit</strong></span> <span class='ocrx_word' id='word_1_398' title='bbox 801 2598 892 2646; x_wconf 84' lang='lat' dir='ltr'><strong>lex,</strong></span> <span class='ocrx_word' id='word_1_399' title='bbox 935 2594 980 2632; x_wconf 85' lang='lat' dir='ltr'><strong>id</strong></span> <span class='ocrx_word' id='word_1_400' title='bbox 1016 2594 1227 2646; x_wconf 87' lang='lat' dir='ltr'><strong>impunite</strong></span> <span class='ocrx_word' id='word_1_401' title='bbox 1263 2595 1375 2636; x_wconf 87' lang='lat' dir='ltr'><strong>abire</strong></span> <span class='ocrx_word' id='word_1_402' title='bbox 1407 2599 1560 2647; x_wconf 81' lang='lat' dir='ltr'><strong>alicui,</strong></span> 
     </span>
    </p>

    <p class='ocr_par' dir='ltr' id='par_1_10' title="bbox 103 2650 1557 2706">
     <span class='ocr_line' id='line_1_45' title="bbox 103 2650 1557 2706; baseline 0.002 -17"><span class='ocrx_word' id='word_1_403' title='bbox 103 2652 180 2704; x_wconf 88' lang='lat' dir='ltr'><strong>qui</strong></span> <span class='ocrx_word' id='word_1_404' title='bbox 200 2656 325 2704; x_wconf 89' lang='lat' dir='ltr'><strong>plane</strong></span> <span class='ocrx_word' id='word_1_405' title='bbox 359 2652 423 2701; x_wconf 85' lang='lat' dir='ltr'><strong>id,</strong></span> <span class='ocrx_word' id='word_1_406' title='bbox 458 2651 575 2706; x_wconf 87' lang='lat' dir='ltr'><strong>quod</strong></span> <span class='ocrx_word' id='word_1_407' title='bbox 601 2650 830 2692; x_wconf 82' lang='lat' dir='ltr'><strong>secundum</strong></span> <span class='ocrx_word' id='word_1_408' title='bbox 860 2654 973 2705; x_wconf 78' lang='lat' dir='ltr'><strong>leges</strong></span> <span class='ocrx_word' id='word_1_409' title='bbox 1004 2651 1131 2690; x_wconf 82' lang='lat' dir='ltr'>etiam</span> <span class='ocrx_word' id='word_1_410' title='bbox 1165 2650 1311 2690; x_wconf 76' lang='lat' dir='ltr'><strong>caedes</strong></span> <span class='ocrx_word' id='word_1_411' title='bbox 1343 2664 1557 2702; x_wconf 86' lang='lat' dir='ltr'><strong>censetur,</strong></span> 
     </span>
    </p>

    <p class='ocr_par' dir='ltr' id='par_1_11' title="bbox 101 2705 1560 2762">
     <span class='ocr_line' id='line_1_46' title="bbox 101 2705 1560 2762; baseline 0.001 -15"><span class='ocrx_word' id='word_1_412' title='bbox 101 2709 420 2761; x_wconf 83' lang='lat' dir='ltr'><strong>perpetraverit.</strong></span> <span class='ocrx_word' id='word_1_413' title='bbox 487 2708 537 2751; x_wconf 77' lang='grc' dir='ltr'><strong>Τὸ</strong></span> <span class='ocrx_word' id='word_1_414' title='bbox 560 2714 631 2762; x_wconf 85' lang='grc' dir='ltr'><strong>τῆς</strong></span> <span class='ocrx_word' id='word_1_415' title='bbox 657 2706 818 2759; x_wconf 78' lang='grc' dir='ltr'><em>αδείας,</em></span> <span class='ocrx_word' id='word_1_416' title='bbox 849 2722 929 2747; x_wconf 85' lang='lat' dir='ltr'><strong>usu</strong></span> <span class='ocrx_word' id='word_1_417' title='bbox 958 2705 1168 2761; x_wconf 81' lang='lat' dir='ltr'><strong>loquendi</strong></span> <span class='ocrx_word' id='word_1_418' title='bbox 1188 2707 1361 2749; x_wconf 84' lang='lat' dir='ltr'><strong>Graecis</strong></span> <span class='ocrx_word' id='word_1_419' title='bbox 1390 2711 1560 2750; x_wconf 79' lang='lat' dir='ltr'>tritissi-</span> 
     </span>
    </p>
   </div>
  </div>
 </body>
</html>
