1834 3188
374 226 700 259 HERMOTIMUS
735 226 840 258 SIVE
876 227 942 258 DE
977 229 1148 263 SECTIS.

1381 222 1448 269 99

63 327 197 382 με’νων
226 328 386 369 πείθειν
414 323 522 378 ἡμᾶς
554 322 759 379 βιάζονται
789 325 957 367 εἰδέναι·
990 329 1036 369 αἵ
1062 326 1126 378 δὲ,
1159 333 1242 379 τοῖς
1261 325 1306 385 b)
1337 329 1448 375 πάνυ
1461 352 1498 386 p.
1511 346 1592 381 812.

61 392 284 450 προδήλοις
312 392 360 436 τὰ
386 391 638 447 ἀφανέστατα
662 391 961 443 συνάπτουσαι,
994 391 1112 437 οὐδὲν
1141 394 1280 448 αὐτοῖς
1305 417 1452 444 κοινω-

60 468 234 513 νοῦντα,
267 459 488 513 ἀποδείξεις
508 459 613 516 ὅμως
633 463 676 512 ⁰)
707 457 838 503 αὐτῶν
858 460 961 504 εἶναι
981 460 1223 515 φάσκουσιν.
1265 466 1393 524 ὥςπερ
1416 473 1454 513 εἴ

59 549 118 581 τις
150 534 276 574 οἷόιτο
307 530 533 581 ἀποδείξειν
572 528 674 572 εἶναι
699 530 848 580 θεοὺς,
895 530 995 573 διότι
1025 534 1153 586 βωμοὶ
1179 531 1312 577 αὐτῶν
1338 536 1449 588 ὄντες

339 599 454 651 ὥςτε,
489 594 523 642 αἶ
543 596 771 653 Ἑρμότιμε,
805 597 882 641 οὐκ
913 596 994 641 οἶδ’
1027 598 1161 649 ὅπως,
1193 601 1381 659 καθάπερ
1409 609 1591 659 oi'p.815.

57 671 101 712 ἐν
121 667 254 723 κύκλῳ
273 670 455 718 θέοντες,
487 669 552 711 ἐπὶ
574 665 647 721 τήν
667 664 795 721 αὐτὴν
816 661 944 722 ἀρχὴν
966 669 1034 710 καὶ
1054 664 1231 725 ἀπορίαν
1253 673 1449 730 ἐπανελη-

54 735 237 791 λύθαμεν
267 733 327 787 d).

173 811 313 848 EPM.
351 804 429 847 Οἷά
450 823 496 859 με
515 802 685 860 εἰργάσω
705 807 764 855 e)‚
800 796 834 846 ὦ
853 808 1026 853 Λυκῖνε,
1059 802 1272 860 ἄνθρακάς
1289 828 1356 865 μοι
1375 810 1446 855 τὸν
1471 827 1525 868 71

60 603 288 654 φαίνονται.

54 876 269 928 θησαυρὸν
294 869 535 928 ἀποφήνας,
566 875 658 923 καὶ,
691 869 746 922 ὥς
775 874 927 925 ἔοικεν,
959 869 1166 916 ἀπολεῖταί
1187 893 1258 930 μοι
1285 877 1334 920 τοὶ
1356 896 1445 929 τος-

58 941 158 985 αὗτα
179 944 266 995 ἔτη,
299 944 365 984 καὶ
391 941 412 984 ὁ
433 941 609 996 κάματος
631 939 651 984 ὃ
675 940 813 992 πολύς.

168 1016 300 1052 ΛΤΚ.
325 1007 448 1060 Ἀλλ’,
486 1009 519 1054 ὦ
539 1009 774 1067 Ἑρμότιμε,
806 1009 910 1052 nom}
933 1011 1094 1055 ἔλαττον
1113 1009 1283 1068 ἆνιᾶσῃ,
1313 1010 1368 1068 ἢν
1385 1016 1448 1057 ἒν-

56 1077 210 1137 νοήσῃς
229 1077 289 1121 ὅτι
309 1074 358 1121 οὗ
379 1077 503 1133 μόνος
524 1083 595 1131 ἔξω
620 1081 753 1133 μένεις
771 1083 850 1121 τῶν
869 1081 1138 1123 ἐλπισθέντων
1158 1078 1347 1136 ἀγαθῶν,
1381 1082 1447 1126 ἆλ·

53 1146 102 1190 λά
123 1146 288 1198 πάντες,
321 1145 374 1197 ὥς
396 1150 491 1196 ε’πος
515 1152 658 1198 εἰπεῖν,
688 1149 780 1201 περὶ
798 1147 899 1190 ὅνου
918 1154 1034 1198 σκιᾶς
1061 1146 1254 1203 μάχονται
1275 1153 1317 1192 οἵ
1333 1157 1448 1203 φιλο·

56 1222 293 1269 σοφοῦντες.
338 1234 363 1268 η
395 1218 456 1264 τίς
475 1211 559 1264 f)⁷
543 1214 621 1270 α’ρα
649 1214 814 1259 δύναιτο
836 1214 891 1259 δι’
921 1218 1087 1259 εκείνων
1107 1235 1297 1260 απαντων
1317 1225 1450 1275 χωρῆ-

58 1300 145 1336 σαι,
179 1286 235 1327 ὠν
255 1287 382 1338 ἔςφην
413 1283 509 1337 όπερ
529 1283 730 1327 ἀδύνατον
750 1286 817 1326 καὶ
842 1282 965 1334 αὕτός
993 1286 1118 1340 λέγεις
1140 1284 1266 1327 εἶναι·
1296 1292 1373 1329 νῦν
1393 1289 1448 1341 δὲ,

59 1353 200 1408 ὅμοιόν
229 1371 294 1408 μοι
328 1357 417 1396 δοκ
407 1360 458 1403 ῖς
484 1361 637 1404 ποιεῖν,
673 1352 800 1409 ὥςπερ
823 1355 946 1402 εἴτις
971 1350 1166 1410 δακρύοι,
1197 1355 1267 1397 καὶ
1289 1358 1448 1414 αἰτιῷτο

101 1456 149 1499 b)
176 1457 304 1499 τοῖς]
329 1459 437 1499 ,,ταῖς
454 1455 548 1490 Edd.
568 1457 597 1490 J.
619 1457 702 1489 Par.
725 1456 769 1509 Η.
789 1455 842 1489 Fl.
861 1455 993 1495 τοῖςδ.
1018 1461 1052 1487 et
1078 1455 1196 1490 Codd
1218 1457 1257 1490 P.
1279 1457 1321 1490 L.
1329 1458 1352 1476 “
1378 1457 1450 1491 Sed

148 1505 190 1536 A.
216 1516 243 1536 1.
269 1514 299 1535 2.
323 1504 364 1535 B.
394 1516 419 1534 1.
440 1513 471 1545 5-
502 1506 594 1542 ταῖς.
668 1504 710 1543 c)
740 1498 889 1559 ὅμως]
918 1513 990 1544 „ex
1021 1502 1078 1535 W.
1121 1503 1235 1535 Deest
1259 1503 1299 1536 in
1323 1504 1450 1538 Edd.“

147 1549 197 1593 d)
234 1546 692 1592 ἐπανεληλύθαμεν]
736 1546 887 1582 ἐπαναλ.
927 1550 975 1580 R
973 1550 1043 1582 ιιι.
1090 1559 1289 1591 operarum
1323 1551 1447 1595 culpa,

147 1607 260 1640 quam
279 1603 315 1629 et
343 1607 448 1628 suam
468 1595 562 1628 fecit
585 1597 622 1627 S
623 1597 679 1640 'fl’-
755 1597 797 1635 e)
824 1592 1057 1645 εἰργάσω]
1089 1595 1180 1636 „Sic
1202 1602 1305 1628 recte
1327 1597 1446 1631 Codd.

147 1643 190 1675 L
208 1648 242 1675 et
264 1643 320 1675 W.
347 1639 485 1685 ἐργάσω
506 1642 598 1675 Edd.
622 1653 750 1674 omnes
778 1642 887 1676 male.
939 1639 1102 1683 Vestigia
1130 1653 1237 1674 verae
1255 1642 1340 1675 lect
1360 1644 1450 1677 reti-

144 1688 286 1722 nuitB.
307 1701 337 1722 2.
358 1690 408 1732 εἰγ
413 1686 487 1722 άσω
507 1688 649 1721 exhxbe
643 1699 692 1720 ιε
700 1689 724 1706 “
750 1687 810 1721 Sic
830 1688 940 1731 plane
959 1687 1071 1720 etiam
1091 1687 1133 1719 Β.
1153 1699 1173 1730 3

147 1735 214 1791 ,,εἰ’
227 1748 280 1774 τις
298 1736 356 1769 W.
379 1741 415 1768 et
433 1735 486 1769 Fl.

146 1777 171 1826 ἢ
191 1794 243 1822 τις
261 1782 412 1827 legitur

1234 1688 1252 1720 f

536 1734 642 1768 Nihil
664 1740 812 1768 mutant
833 1741 986 1768 ceterae.
994 1734 1019 1752 “
1067 1733 1149 1766 Nisi
1171 1693 1271 1779 quot}
1289 1702 1330 1769 ι’Ῡι
1348 1691 1393 1769 ξὶί
1405 1690 1447 1773 92]-

836 1866 975 1906 Herm.
1028 1866 1090 1905 Ut
1127 1880 1192 1905 me
1229 1866 1447 1917 tractasti,

778 1924 972 1976 Lycine,
1007 1923 1082 1976 qui
1104 1922 1347 1961 thesaurum
1373 1923 1450 1961 mi-

780 1981 885 2019 hssin
904 1979 1106 2019 carbones
1129 1979 1367 2034 redegeris!
1402 1988 1451 2018 ut

780 2037 976 2084 videtur,
1032 2036 1194 2089 periere
1231 2036 1340 2074 mihi
1381 2045 1449 2076 tot

782 2094 882 2133 anni
904 2105 944 2132 et
961 2093 1080 2132 labor
1103 2093 1176 2132 ille
1196 2093 1418 2145 plurimus.

836 2151 936 2206 Lyc.
991 2148 1075 2191 Sed
1108 2152 1243 2196 multo
1281 2150 1444 2199 minus,

779 2207 1071 2251 Heuuofflne,
1107 2208 1280 2245 moleste
1309 2206 1444 2255 feres,

780 2266 816 2303 si
860 2262 1142 2317 cogitaveris,
1191 2277 1277 2301 non
1307 2265 1445 2300 solum

58 1879 101 1909 et
129 1873 353 1924 pleraeque
375 1868 543 1907 illarum
575 1882 650 1920 per
680 1881 719 1906 a·

55 1928 138 1972 lia,
176 1926 225 1964 de
256 1927 410 1980 quibus
442 1936 483 1965 et
512 1926 614 1977 ipsis
644 1924 720 1963 ad-

55 1984 140 2022 huc
161 1984 213 2021 lis
237 1993 324 2029 est,
359 1982 610 2035 persuadere
636 1997 720 2020 no-

55 2039 122 2078 bis
154 2040 354 2078 nituntur
376 2054 418 2078 se
443 2040 576 2079 scire:
613 2039 721 2078 aliae

58 2109 183 2145 vero,
257 2110 362 2148 quae
422 2095 721 2134 obscurissima

57 2150 293 2190 manifestis
319 2155 534 2204 copulant,
550 2163 591 2190 et
610 2167 722 2191 com-

57 2223 185 2247 mune
206 2207 315 2245 nihil
338 2208 617 2258 habentibus,
654 2209 723 2257 de-

59 2265 389 2302 monstrationes
436 2274 572 2304 tamen
615 2265 722 2304 illo-

58 2335 148 2358 rum
170 2335 257 2359 esse
276 2320 439 2359 dicunt.
455 2321 582 2358 Verbi
604 2335 720 2359 caus-

59 2391 128 2426 sa,
181 2377 216 2415 si
254 2377 346 2428 quis
391 2386 514 2429 putet
545 2375 645 2414 inde
679 2392 722 2417 se

60 2432 444 2472 demonstraturum
469 2434 587 2471 Deos
609 2447 722 2482 esse,

60 2489 174 2543 quod
216 2491 362 2527 altaria
409 2491 581 2528 illorum
633 2503 721 2528 esse

62 2557 249 2597 apparet,
271 2546 420 2599 ltaque
447 2546 591 2584 nescio
616 2560 720 2598 quo-

63 2602 213 2653 modo,
246 2603 523 2651 Hermotime,
559 2612 605 2639 ut
634 2617 723 2639 cur—

62 2667 200 2697 rentes
235 2658 280 2696 in
321 2660 481 2697 circulo
521 2658 572 2696 ad
613 2657 721 2697 idem

60 2713 233 2807 {luitium
254 2725 295 2754 et
317 2714 629 2755 dubitationem
661 2730 722 2754 re-

92 2784 227 2809 umus,

780 2330 820 2360 te
841 2322 1018 2371 speratis
1043 2319 1166 2358 bonis
1188 2332 1340 2367 carere,
1371 2317 1446 2357 sed

781 2391 949 2421 omnes,
1002 2386 1047 2413 ut
1084 2376 1143 2413 ita
1183 2374 1316 2412 dicam
1333 2406 1344 2425 ,
1393 2374 1445 2413 de

781 2434 889 2471 asini
935 2432 1077 2470 umbra
1114 2445 1304 2484 pugnare
1338 2430 1445 2483 phi-

779 2489 1000 2540 losopbos.
1025 2490 1109 2525 Aut
1125 2487 1217 2541 quis
1242 2487 1302 2524 ire
1317 2496 1447 2539 queat

782 2560 854 2597 per
877 2548 963 2591 illa,
998 2558 1105 2597 quae
1127 2544 1234 2594 dixi,
1267 2542 1446 2582 omnia?

784 2599 897 2654 quod
933 2600 1022 2639 fieri
1051 2613 1173 2651 posse
1197 2610 1236 2638 et
1257 2599 1348 2652 ipse
1371 2614 1440 2638 ne·

782 2672 867 2711 gas.
895 2657 984 2696 Jam
1004 2671 1103 2695 vero
1126 2656 1234 2695 idem
1251 2656 1357 2694 mihi
1381 2656 1442 2693 vi·

781 2713 890 2751 deris
912 2715 1071 2762 facere,
1107 2727 1153 2751 ac
1178 2713 1212 2750 si
1235 2713 1328 2766 quis
1352 2716 1443 2765 plo-

780 2779 841 2810 ret
863 2779 904 2808 et
924 2785 1017 2808 cum
1039 2770 1210 2808 fortuna
1232 2779 1442 2825 queratur,

1065 2827 1164 2868 G2
