1834 3188
298 177 398 222 400
657 188 1413 220 ADNOTATloNEs

793 309 851 318 —
881 302 1043 340 cumque
1070 285 1225 325 aethera
1247 286 1424 340 Iuppiter
1454 287 1593 327 umbra

519 343 761 394 Perdiderit,
794 342 900 382 solus
922 343 1104 382 transibit
1123 343 1258 382 nubila
1278 344 1470 398 Lynceus.
1542 345 1704 387 Rssrrz,

413 401 513 454 Pag.
539 407 607 444 31.
633 403 659 439 l.
680 406 720 443 4.
759 398 874 441 Κατα
895 397 1022 448 θεὸν)
1052 400 1127 437 Dei
1148 402 1348 454 auspicio,
1383 400 1579 440 divinitus.
1611 403 1757 441 BnoD.

302 459 467 499 Confer
497 458 624 509 hujus
655 457 842 494 Dial.c.
877 459 941 500 15.
990 456 1157 495 SOLAN.
1232 455 1424 494 Adducit
1453 456 1557 497 haec
1587 458 1762 497 Luciam:

299 515 425 556 verba
450 514 536 552 Jac.
560 513 710 551 Elsncr.
734 512 842 554 ad2
871 511 1068 551 Corinth.
1091 511 1198 558 VII,
1225 518 1290 555 10.
1314 521 1355 550 et
1376 512 1676 566 interpretatur
1691 531 1762 555 κα-

298 573 346 613 τὰ
365 569 466 612 θεὸν
488 569 718 620 εἷλόμην,ε
715 585 768 621 go
801 569 933 608 divino
958 568 1139 619 beneficio
1173 567 1270 622 elegi
1255 587 1288 619 z,
1323 568 1541 636 firmatque
1565 585 1619 608 ex
1639 569 1760 608 Jam—

301 628 419 668 blich.
441 627 529 665 Vir.
552 600 738 679 Ργῖ113ςῠ
761 640 796 666 0.
816 631 882 668 26
903 640 943 678 p-
960 630 1024 668 97
1034 624 1230 677 Ἀσμενος
1252 625 1301 678 δὴ
1324 642 1376 673 ως
1396 626 1494 666 κατὰ
1516 624 1615 667 θεὸν
1636 621 1760 668 ἀνυο-

301 687 421 738 μένης
451 680 559 733 αυτῷ
587 699 658 733 της
689 685 942 733 προθέσεως,
977 681 1099 721 laetus
1120 684 1271 735 imque,
1305 682 1410 736 quod
1423 685 1664 735 propositum
1685 683 1762 722 sibi

301 757 379 780 non
401 742 483 779 sine
504 740 637 778 divina
658 754 727 791 ope
747 739 974 779 succederet
1023 738 1144 778 Licet
1169 742 1193 790 ὴ
1218 739 1316 780 κατὰ
1334 737 1432 780 θεὸν
1453 738 1555 790 λύπη
1579 738 1623 775 in
1645 739 1759 778 Nov.

300 796 430 836 Foed‚
453 798 596 848 potius
616 795 670 833 sit
689 797 850 834 tristitia
872 794 1079 834 secundum
1102 795 1247 844 Deum,
1284 809 1406 848 quam
1429 811 1453 833 a
1470 795 1588 834 Deo'
1575 797 1762 844 zmmissa,

303 852 418 907 quod
451 862 563 891 recte
591 866 643 890 ex
667 851 774 889 locis
795 852 849 890 N.
872 853 920 892 Τ
941 851 1151 889 similibus
1176 854 1328 904 probat
1359 851 1483 889 idem.
1546 850 1762 904 Quodque

301 911 429 949 etiam
460 908 670 947 similibus
694 917 833 959 posset
856 908 1054 960 probari,
1088 922 1140 946 ex
1168 908 1359 961 profanis
1389 906 1693 959 scriptoribus,
1725 907 1763 944 si

301 965 406 1020 quid
439 979 546 1017 opus
580 965 707 1004 foret.
738 965 901 1005 RE1Tz.
962 964 1237 1003 Observanda
1266 965 1306 1003 h.
1324 967 1354 1003 l.
1381 964 1530 1002 etiam.
1563 977 1648 1001 non
1676 964 1765 1000 mi—

298 1037 380 1061 nus
409 1022 537 1063 falsa
571 1035 692 1074 quam
729 1021 893 1074 gravis,
928 1020 1148 1072 oppositio
1175 1022 1450 1059 formularum
1478 1037 1577 1061 κατα
1597 1026 1647 1060 &a
1652 1018 1698 1059 ὁν
1722 1029 1764 1058 et

298 1075 399 1121 καθ’
422 1076 564 1119 ἑαυτὸν
587 1076 745 1125 (illud,
781 1077 894 1129 quod
927 1091 1026 1114 mox
1046 1077 1240 1127 Lycinus
1263 1077 1372 1115 dicit
1401 1074 1507 1117 κατ’
1540 1074 1763 1128 ἐμαυτὸν

300 1138 470 1185 ἐξευρεῖν
491 1131 756 1187 πειράσομαι)
786 1134 813 1171 i.
838 1147 873 1172 0.
895 1149 965 1185 per
982 1133 1129 1181 Deum,
1166 1143 1205 1171 et
1225 1150 1294 1185 per
1313 1149 1372 1182 se,
1405 1143 1606 1184 oper-ame,
1636 1148 1764 1183 regen-

298 1203 356 1240 ie,
388 1192 496 1241 Deo,
529 1199 569 1228 et
601 1205 670 1227 suo
692 1192 813 1242 ipsius
843 1188 1024 1237 auxilio,
1056 1192 1135 1227 suis
1161 1192 1282 1242 ipsius
1312 1203 1358 1227 ac
1381 1189 1503 1227 solius
1529 1188 1675 1226 viribus
1699 1205 1766 1225 re—

298 1248 448 1288 lictum.
510 1247 579 1285 Cf.
604 1245 792 1295 Lexiph.
814 1249 883 1288 20.
904 1245 978 1282 ubi
995 1244 1269 1297 Lexiphanes
1292 1245 1443 1284 morbo
1468 1243 1627 1282 dicitur
1647 1243 1765 1283 labo-

298 1319 390 1344 rare
412 1303 511 1344 κατὰ
531 1301 649 1351 θεὸν,
683 1301 817 1340 diuina
846 1312 948 1340 sor-te
966 1303 1156 1341 immisso.
1189 1304 1345 1341 LEIIM.

413 1359 517 1400 Eacl.
538 1363 562 1401 1.
587 1364 626 1401 7.
662 1360 739 1399 Καὶ
756 1355 857 1408 πρὸς
873 1358 963 1409 ἐμὲ)
1001 1357 1096 1396 Vid.
1112 1372 1223 1411 supr.
1242 1356 1456 1397 Prometh.
1477 1363 1562 1401 c.3.
1594 1357 1763 1397 SOLAN.

413 1417 516 1455 Eacl.
540 1420 566 1455 1.
590 1421 629 1459 8.
657 1413 728 1456 Ἐν
751 1419 884 1469 πολλῷ
900 1418 956 1454 τῶ
978 1418 1189 1469 evome-103)
1221 1415 1290 1454 Sic
1315 1428 1443 1467 supra
1466 1428 1499 1455 c.
1525 1420 1560 1457 1.
1582 1414 1613 1454 f.
1635 1413 1763 1466 hujus

299 1473 418 1513 Dial.
442 1475 484 1513 ἐν
501 1477 553 1528 τῷ
574 1475 703 1513 πολλῶ
723 1488 800 1511 των
824 1473 993 1512 ἰΰιωτων
1013 1475 1208 1527 συοφετῷ.
1240 1471 1403 1508 REITZ-

412 1529 515 1567 Easl.
541 1532 570 1567 l.
591 1533 631 1570 9.
666 1516 749 1580 icio
771 1529 858 1578 σοι)
881 1524 974 1574 Av,
1011 1526 1126 1579 quod
1158 1528 1227 1564 hic
1260 1525 1564 1565 inserebatur'
1552 1540 1595 1563 in
1621 1524 1765 1564 omni-

299 1586 403 1634 bus,
437 1584 542 1652 duc'e
555 1586 628 1622 W.
657 1583 902 1623 delevimus.
917 1583 1102 1623 SOLAN.
1164 1583 1307 1623 Possis
1329 1583 1477 1630 etiam,
1511 1592 1678 1620 servato
1697 1578 1762 1631 ἂν,

300 1643 482 1681 scribere
506 1637 679 1694 ἀρέσκοι.
738 1639 894 1678 Verum
925 1649 1074 1678 neutra
1105 1639 1214 1677 ratio
1239 1653 1260 1677 e
1285 1639 1460 1677 Luciam·
1481 1641 1640 1676 calamo
1667 1652 1764 1690 pro-

300 1701 436 1737 fecta:
470 1698 553 1735 imo
580 1695 750 1748 scripsit
777 1695 888 1732 haud
916 1694 1065 1734 dubie.
1097 1706 1144 1733 ut
1168 1699 1297 1747 vulgo
1321 1694 1499 1734 editum.
1529 1691 1603 1733 Av
1624 1704 1762 1732 autem

302 1769 393 1793 cum
418 1752 663 1792 Indicativo
687 1752 925 1790 Praesentis
947 1751 1131 1802 positum
1154 1750 1285 1789 hodie
1305 1765 1391 1789 non
1419 1750 1630 1819 amplius!
1621 1765 1665 1787 m
1691 1749 1765 1787 du-

300 1811 554 1849 bitatione-m
577 1818 764 1848 vocatur.
807 1806 1172 1859 Quemadmodum
1196 1807 1236 1848 h.
1257 1810 1286 1845 1.
1321 1806 1472 1848 οὐδὲν
1503 1805 1564 1848 αἰ)
1595 1804 1764 1858 ἀρέσκει,

299 1864 1085 1912 itaDia11.M01-tt.1X‚2.re1ative:‘
1115 1861 1294 1906 ὅντινα
1324 1860 1385 1905 (ἲν
1416 1865 1485 1904 καὶ
1501 1861 1626 1917 μόνον
1647 1879 1767 1917 προς-

298 1925 457 1979 emam
518 1923 646 1961 Verte
666 1930 777 1960 tum:
797 1921 922 1988 forte
973 1921 1129 1959 Lnnm.

412 1978 515 2018 Easl.
537 1981 565 2017 l.
590 1984 653 2020 11.
678 1977 751 2017 ''Av
771 1994 817 2030 με
840 1973 1042 2029 ἇρέσειεν)
1076 1975 1215 2015 Modo
1239 1975 1416 2024 dixerat,
1439 1972 1490 2016 ἔν
1512 1989 1574 2016 σοι
1593 1970 1765 2028 α’ρὲσκει,

300 2041 382 2090 jam
414 2050 514 2074 vero
542 2033 768 2072 accusandi
800 2047 940 2071 casum
974 2031 1183 2096 adjungit·
1194 2032 1329 2070 eidem
1354 2006 1506 2070 νο1;1>ο
1540 2041 1766 2083 utrumque

299 2107 402 2132 vexo
423 2091 624 2128 usitatum
650 2104 736 2128 esse
759 2104 846 2127 non
874 2102 1108 2137 monerem,
1143 2088 1224 2126 nisi
1245 2089 1484 2139 suspicatus
1506 2102 1661 2138 essem,
1694 2088 1765 2127 So-

302 2151 437 2190 Zanum
461 2157 649 2185 nostrum
682 2145 876 2183 dubit-cue
905 2144 955 2183 de
976 2143 1057 2182 hoc
1081 2159 1192 2186 casu
1253 2145 1442 2183 Dativus
1468 2153 1607 2182 tamen
1631 2147 1763 2198 vulgo

301 2206 461 2245 notior.
521 2202 766 2240 Accusativ.
790 2200 875 2242 vid,
901 2215 965 2252 ap.
986 2200 1192 2253 Aristoph.
1218 2202 1330 2239 Plut.
1353 2205 1448 2244 353.
1492 2199 1613 2238 Adde
1636 2199 1763 2240 eund.

301 2259 608 2303 Ran.103.233
628 2257 669 2299 δὲ
691 2253 797 2298 ταῦτ’
825 2255 991 2307 οἷοέσκει.
1052 2257 1177 2294 Plura
1204 2257 1349 2310 Sparzh.
1371 2257 1421 2294 ad
1445 2257 1558 2295 Plut.
1582 2259 1608 2294 l.
1632 2270 1664 2296 c.
1688 2255 1766 2292 ad-

302 2320 409 2368 fert,
444 2325 490 2354 ut
514 2316 640 2367 Vesp.
665 2319 760 2356 769.
791 2292 976 2353 Acbarn.
1000 2318 1093 2357 188.
1127 2313 1261 2367 Eur-ip.
1300 2313 1437 2352 Orest.
1461 2317 1554 2356 210.
1587 2311 1765 2365 leucyd.

302 2375 338 2413 I.
363 2390 395 2416 0,
422 2378 513 2417 128.
538 2381 616 2410 etc.
640 2380 777 2408 tamen
797 2370 952 2408 leviter
974 2369 1216 2408 aberravit
1206 2385 1249 2407 m
1271 2368 1537 2422 proferendis
1562 2367 1766 2417 ΤΙιιιο)(Ῐί-

303 2431 365 2470 dis
386 2430 540 2478 verbis,
566 2427 764 2475 scribens,
798 2423 884 2467 οὔτι
902 2439 943 2466 σε
961 2423 1112 2467 τούτων
1133 2421 1309 2479 αρέσκεις
1340 2440 1431 2463 cum
1455 2439 1518 2476 ap.
1537 2423 1761 2477 Thucydid.

301 2490 490 2541 legatur,
524 2486 558 2526 εἰ
579 2478 653 2525 οὖν
672 2501 708 2524 τι
730 2484 771 2524 σὲ
789 2481 942 2524 τούτων
961 2479 1129 2535 ἀρέσκει..
1179 2483 1338 2521 Confer
1356 2481 1416 2518 ibi
1440 2479 1663 2518 Scholiast.
1689 2479 1764 2532 qui

302 2544 576 2581 Atticismum
599 2554 691 2607 esse²
711 2540 792 2587 ait,
823 2539 1109 2577 accusativum
1132 2553 1208 2591 pro
1234 2537 1391 2576 dativo.
1431 2536 1593 2575 Rmiz.

420 2598 523 2639 Jbisl
558 2602 650 2637 Μοι
670 2592 776 2648 ἇρέσ
787 2599 802 2647 )
833 2594 906 2635 Sic
926 2593 994 2633 edi
1013 2609 1064 2634 ex
1087 2597 1328 2646 conjectura
1351 2591 1602 2639 curavimus,
1621 2604 1764 2644 quam-

305 2654 406 2692 vis
396 2669 440 2690 in
474 2652 668 2692 omnibus
704 2651 812 2690 Edd.
834 2661 875 2690 et
907 2651 1000 2702 ipso
1023 2651 1086 2691 Μ
1110 2652 1310 2701 scriptum
1335 2648 1390 2685 sit
1417 2664 1476 2700 με.
1542 2647 1639 2687 Vid.
1668 2647 1764 2686 Eur.

304 2724 347 2764 p.
372 2713 464 2752 195.
489 2709 537 2747 B.
562 2712 653 2751 198.
677 2709 729 2748 A.
771 2708 941 2747 SOLAN.
1002 2705 1116 2760 Quia
1145 2706 1309 2744 scilicet
1340 2707 1484 2757 paullo
1514 2714 1611 2744 ante
1645 2717 1762 2756 prae·
