1834 3188
272 189 375 236 446
629 198 1388 231 ADNOTATioan

271 313 390 353 seqq.
379 296 420 350 0)
449 297 620 351 aliquem
640 313 728 336 vm)
746 300 873 350 ipsum
894 299 933 336 in
942 296 1066 352 faece
1087 295 1214 349 plebis
1226 298 1372 349 perire,
1405 308 1446 336 u!
1471 307 1549 335 inte
1568 297 1649 350 ipsc
1665 298 1740 336 ini-

271 359 327 395 tio
353 355 516 404 dimisti,
550 356 622 406 (p.
641 360 737 397 530.
764 355 814 391 Ε.
842 353 949 391 adde
972 368 1011 405 p
1037 357 1133 397 549.
1146 354 1163 404 )
1195 370 1271 391 non
1290 369 1454 406 parvum
1480 370 1557 392 esse
1574 354 1736 402 malum,

270 412 436 451 scilicet
458 408 597 462 ὤφθη.
659 410 776 463 Quin
799 419 841 449 et
864 409 990 448 verba
1017 410 1090 448 illa
1112 407 1160 451 οὗ
1183 409 1327 461 μικρὸν
1349 415 1451 451 εἰναι
1473 407 1601 451 κακὸν
1634 420 1737 448 sunt

269 479 477 535 tanquam
494 467 785 505 nominativus
810 467 979 518 posita,
1011 466 1231 505 referenda
1256 465 1404 505 itidem
1429 465 1481 504 ad
1508 466 1653 518 ὤφθη·
1685 475 1735 504 ut

268 525 349 573 sit,
386 520 507 564 αὐτὸν
527 524 571 564 δέ
587 540 675 564 τινα
696 524 738 563 ἐν
756 527 812 578 τῷ
833 527 1017 579 συρφετῷ
1033 521 1292 571 ἀπολεῖσθαι,
1324 519 1373 564 οὗ
1391 521 1534 575 μικρὸν
1552 528 1653 564 εἰναι
1669 539 1739 563 κα-

268 580 346 623 κόν
372 580 523 632 ὤφθη,
554 578 723 634 aliquem
742 595 829 618 v·e10
855 582 980 633 ipsum
988 566 1181 646 infaece
1199 578 1324 631 plebis
1349 581 1491 632 perire,
1534 595 1612 619 non
1641 581 1741 618 exi-

268 654 390 691 guum
409 636 559 675 malum
577 638 702 674 visum
723 646 788 677 est.
822 636 947 677 JENS.
1011 637 1090 677 Καὶ
1107 633 1202 676 ἄλλα
1218 638 1382 676 ποικίλα
1400 634 1525 689 πρὸς)
1565 636 1631 674 Ita
1656 635 1740 674 No·

270 705 348 732 ster
370 707 495 746 supra
519 692 687 744 Catapl.
718 706 753 733 e.
778 697 816 736 8.
838 692 925 731 Ubi
945 693 1071 731 etiam
1093 691 1177 730 duo
1201 692 1283 729 alia
1302 691 1458 730 similia
1488 690 1605 731 dedit
1625 690 1739 730 Sola-

269 767 354 788 nus.
386 751 551 787 Rssmz.
610 749 712 787 Non
737 748 893 787 dubius
919 759 982 788 est
1006 749 1086 787 iste
1108 747 1448 801 Piaepositionis
1472 762 1598 794 usuS‚
1631 757 1674 786 et
1696 747 1738 785 h.

269 809 298 845 l.
320 819 452 858 paene
473 805 712 844 necessario
737 808 820 845 tale
839 805 944 858 quid
964 804 1278 872 requirebatur,
1319 804 1394 841 ubi
1423 813 1740 857 praecesserant

268 860 486 915 ὑπεράνω,
517 878 615 914 μετα
634 866 777 913 τοῦτο,
816 868 922 911 εἶτα,
952 858 1033 903 υπὸ
1058 858 1243 909 ταύταις,
1285 870 1326 899 et
1357 875 1504 899 rursus
1532 859 1627 902 εἶτα.
1687 859 1739 898 In
1832 890 1834 927 1

269 933 352 972 qua
385 927 525 957 autem
571 918 754 957 maxime
785 918 1017 957 offendisse
1053 927 1157 970 puto
1192 916 1452 966 ΖΙῚανοίΖίιινη,
1500 925 1740 956 structuiae

268 975 515 1014 verborum·
549 976 585 1016 εἰ
604 973 653 1026 δὴ
682 988 731 1015 συ
756 972 1040 1027 ὦνησασθαι
1027 975 1227 1016 ’θέλων
1255 978 1334 1014 τῶν
1367 970 1630 1026 σπερμάτων,
1672 974 1741 1013 καὶ

268 1030 314 1079 ὃς
334 1028 499 1083 άφελων
528 1053 585 1061 -—
617 1027 792 1072 ανέδωκέ
811 1045 876 1072 σοι
897 1040 977 1070 etc
1008 1031 1259 1078 insolentia,
1293 1043 1433 1082 neque
1459 1029 1564 1069 haec
1593 1043 1740 1068 exem-

266 1088 350 1140 plis
372 1087 486 1140 apud
507 1087 715 1125 Nostrum
736 1086 908 1154 quidem
931 1097 1056 1143 caret:
1116 1086 1384 1124 Simillimum
1414 1095 1476 1123 est
1498 1086 1578 1124 Pro
1600 1086 1737 1124 ἼῊειο.

268 1144 405 1185 Cond.
432 1159 466 1182 c.
488 1148 527 1186 9.
561 1144 720 1184 δέδοικα
753 1141 807 1196 μὴ
835 1168 891 1174 -
920 1132 1179 1196 προςλαβών,
1219 1137 1321 1182 κᾶτα
1356 1137 1626 1194 ευρίσκωμαι,
1662 1141 1739 1178 ubi

265 1200 352 1241 vid.
375 1198 537 1238 Adnot.
595 1200 711 1253 Ergo
738 1209 881 1254 gratus
905 1199 1076 1252 quidem
1098 1199 1186 1236 fuit
1211 1213 1353 1246 casus,
1388 1197 1459 1235 sed
1482 1197 1546 1236 nil
1568 1197 1653 1235 nisi
1673 1211 1740 1235 ca-

266 1270 335 1293 sus
360 1256 482 1310 isque
504 1256 782 1306 temermius,
815 1255 930 1322 quod
961 1255 1109 1296 Codex
1127 1258 1250 1325 2954
1283 1253 1471 1294 Man-cilia·
1496 1253 1613 1308 (non
1639 1253 1741 1292 Jen-

264 1315 333 1363 sii,
368 1321 415 1350 ut
434 1312 588 1351 scribit
614 1311 802 1361 Belinus)
826 1315 1135 1365 conjecturam:
1167 1313 1233 1352 καὶ
1261 1311 1357 1352 ἄλλα
1374 1313 1547 1352 ποικίλα.
1611 1310 1742 1361 Πρός-

266 1386 300 1410 a
324 1367 373 1421 δὴ
395 1366 444 1410 σῦ
467 1367 828 1408 etc.confirma1e
851 1368 1165 1422 quodammodo
1188 1368 1301 1405 visus
1324 1376 1400 1407 est.
1459 1367 1610 1421 Neque
1631 1366 1738 1405 adeo

266 1424 540 1464 &clzmiederus
559 1424 670 1463 hanc
699 1425 933 1464 violentam
958 1435 1102 1465 textus
1131 1425 1414 1463 mutationem
1446 1424 1632 1476 arripere
1663 1422 1739 1462 de-

266 1481 595 1520 bebat.LE11M.

377 1537 479 1576 Ead.
499 1539 528 1576 1.
557 1542 622 1580 13.
655 1536 793 1591 Πρὸς)
827 1537 897 1576 Sic
918 1537 1070 1576 Graeci
1092 1539 1246 1578 solent.
1278 1536 1476 1577 Demosrh.
1502 1540 1594 1579 116.
1616 1535 1666 1576 C.
1696 1544 1738 1574 et

263 1593 406 1632 Noster
429 1593 596 1645 Catapl.
623 1607 657 1632 c.
676 1598 716 1637 8.
748 1594 919 1633 SOLAN.

376 1648 481 1689 Easl
503 1652 530 1686 l·
556 1654 619 1692 14.
649 1646 894 1717 Ἀφελών)
904 1654 936 1691 Ο
956 1646 1147 1701 κάπηλος.
1181 1649 1359 1687 Gna-1:⁷1.

376 1707 688 1758 Pa3.85.1.2.
724 1703 946 1761 Eiiwncig)
976 1705 1113 1745 Facile
1138 1716 1399 1745 macerantur.
1465 1703 1525 1746 Οὐ
1547 1702 1737 1754 διάκενοι,

262 1765 400 1801 inanes
418 1777 497 1800 non
516 1773 620 1802 sunt.
651 1763 798 1802 Bnon.

374 1817 526 1858 Ead.1.
551 1822 590 1861 5.
619 1814 713 1870 Ἀφ’
737 1817 855 1871 ἑνὸς)
886 1816 984 1858 Vid.
1011 1832 1136 1871 supra
1159 1819 1243 1856 Pro
1277 1818 1412 1859 Mero.
1437 1817 1578 1858 Cond.
1610 1833 1645 1859 c.
1671 1825 1734 1862 11

262 1875 337 1913 ubi
363 1874 407 1913 id
427 1874 757 1944 illustravimus,
819 1875 890 1916 Sic
919 1888 1093 1942 quoque
1121 1874 1233 1912 infra
1268 1874 1453 1912 occurrit
1485 1875 1670 1914 Conviv.
1697 1891 1732 1913 c.

262 1935 330 1970 vel
353 1931 393 1985 §.
413 1937 484 1975 32.
515 1928 545 1983 ’ἦ
564 1926 640 1981 ἀφ’
665 1930 756 1981 ἑνὸς
778 1927 925 1984 ἀνδρὸς
944 1926 1018 1972 οὐκ
1035 1929 1212 1984 ἐννόμως
1230 1934 1559 1983 φιλοσοφοῦντος
1586 1953 1642 1962 --
1671 1949 1735 1985 με-

260 1993 383 2042 τρεῖτε
403 1985 476 2029 τὸν
498 1985 720 2040 Κλεάνθην
742 1998 820 2028 etc.
854 1989 1018 2026 SoLAN.

374 2043 481 2083 Ead.
502 2047 532 2083 1.
557 2050 595 2095 6.
633 2048 713 2085 Τοῦ
733 2043 927 2098 πρώτου)
960 2042 1161 2095 Intellige
1185 2040 1388 2097 γεύματος.
1420 2043 1564 2085 Bnon

375 2099 484 2139 Ibid
517 2090 696 2154 Μάθοι)
728 2100 981 2166 Legendum
1004 2097 1174 2150 μάθοις,
1209 2110 1250 2138 et
1273 2100 1330 2138 ita
1360 2099 1628 2150 interpretati
1651 2103 1733 2152 jam

261 2166 363 2196 sunt
381 2156 465 2194 vi1i
486 2155 619 2197 docti.
654 2158 792 2197 GESN.
857 2152 1008 2197 Μάθοι
1038 2172 1088 2195 αν
1118 2156 1245 2193 etiam
1275 2156 1363 2210 legi
1394 2156 1438 2194 in
1467 2158 1579 2196 Flor.
1612 2156 1730 2196 Edit.

259 2222 383 2252 norat
401 2211 589 2252 solanus.
652 2212 735 2252 Sed
756 2212 861 2278 quid
884 2211 1009 2250 tum?
1051 2211 1237 2264 Legitur
1259 2223 1300 2252 et
1319 2214 1363 2250 in
1387 2212 1578 2251 caeteris.
1636 2213 1730 2250 Nec

260 2270 485 2323 quisquam
503 2268 697 2317 dubitet,
733 2271 835 2322 quin
857 2266 1010 2321 μάθοιο
1027 2270 1095 2306 vel
1115 2266 1264 2320 μάθοις
1285 2269 1479 2308 invenire
1498 2268 1726 2320 optaverit.

259 2325 390 2378 Quod
423 2325 460 2362 si
495 2324 654 2364 alicubi
686 2326 971 2371 invenissem,
1025 2325 1119 2362 sine
1153 2324 1438 2364 haesitatione
1465 2324 1731 2376 recepissem.

257 2383 423 2423 Rmrz
483 2382 533 2421 B.
557 2387 597 2426 3.
623 2396 721 2421 vere
754 2381 891 2421 edidit
922 2379 1095 2433 μάθοις,
1125 2391 1167 2419 et
1188 2381 1289 2419 hinc
1313 2382 1397 2419 nisi
1427 2381 1575 2429 fallor,
1610 2379 1726 2433 ὅθί)

256 2437 358 2475 Non
388 2436 542 2476 dubito
566 2438 715 2491 sequi,
747 2439 850 2477 licet
872 2437 998 2478 etiam
1028 2435 1159 2490 μάθοι
1185 2434 1237 2477 ἂν
1258 2437 1364 2492 (int.
1386 2439 1443 2484 τὶς
1460 2451 1515 2475 ex
1535 2445 1695 2474 antece.
1713 2438 1729 2484 )

258 2492 598 2545 quodammodo,
652 2508 902 2550 quamquam
947 2507 1090 2547 aegre,
1145 2492 1319 2534 defendi
1361 2507 1486 2547 posse
1519 2490 1724 2532 videatur,

256 2549 412 2589 Lnum.

370 2604 476 2645 Ibid.
505 2603 660 2649 Οποῖά
678 2607 810 2658 ἔστιν)
842 2606 1107 2645 Iudicat-ivus
1130 2606 1224 2656 ille,
1257 2620 1333 2658 pro
1354 2619 1437 2658 quo
1456 2603 1609 2642 Latini
1630 2604 1725 2641 alii-

257 2673 339 2712 que
364 2662 517 2712 populi
540 2673 685 2702 amant
706 2663 1028 2716 subjunctivum
1045 2693 1055 2709 ‚
1088 2661 1192 2701 adeo
1218 2672 1281 2701 est
1302 2662 1502 2713 frequens
1527 2669 1569 2698 et
1591 2661 1724 2697 usita-

256 2724 324 2753 tus
347 2715 532 2766 Graecis,
570 2729 620 2759 ut
638 2719 817 2772 puderet
837 2718 1068 2774 quidquam
1091 2717 1142 2756 de
1164 2733 1213 2757 eo
1233 2730 1416 2766 monere,
1449 2716 1534 2755 nisi
1554 2716 1718 2764 scirem,
