1834 3188
416 209 469 239 m
504 207 674 240 VERAE
710 208 982 240 ms‘romAn
1017 209 1112 244 Lm.
1148 210 1181 244 1.
1433 199 1535 250 657

62 309 140 349 ubi
161 310 288 362 plane
307 305 489 346 similem
522 304 696 359 phrasin
719 318 772 346 ex
791 306 1000 360 Aristoph.
1022 307 1135 347 Plut.
1154 311 1250 353 488.
1271 308 1530 356 addidimus.

60 368 120 405 Et
143 365 257 404 infra
283 365 454 404 Toxar.
479 376 513 402 c.
538 368 603 405 11.
643 361 732 400 Ubi
764 360 870 403 Jens.
902 364 988 402 vim
1021 363 1151 418 hujus
1185 365 1307 406 verbi
1335 370 1532 419 pluribus

62 422 265 475 explicat.
327 419 589 474 Oppositum
611 417 834 462 ἐπιδιδόναι
853 418 954 460 vide
972 419 1053 460 hae
1069 420 1164 474 ipsa
1184 421 1282 463 Ver.
1300 423 1418 466 Hist.
1439 440 1473 465 c.
1491 432 1531 471 6,

62 479 224 527 Rnuz,

173 532 277 574 Ead.
295 536 321 575 l.
341 537 380 577 9.
409 529 749 584 Ἀποῤῥίψαντες,
781 529 1033 588 ἐνηχόμεθα)
1063 533 1269 588 Elliptice
1289 550 1370 589 pro
1396 534 1534 590 α’ποᾷ..

59 594 252 646 ῥίψαντες
279 588 447 638 ἑαυτοὺς
476 591 518 631 ἐκ
547 594 618 642 τῆς
643 593 767 638 νεῶς,
819 588 1058 643 ἐνηχόμεθα.
1119 592 1282 631 Pariter
1313 593 1451 634 Lucas
1483 595 1530 634 in

56 651 153 687 Act.
187 648 337 700 Apost.
360 646 556 696 XXVII,
581 650 649 690 43.
679 646 734 684 L.
759 646 867 685 Bos.
929 646 1041 686 Vide
1063 647 1188 686 etiam
1205 645 1292 690 Ἀλ.
1318 651 1530 702 (fortasse

59 707 205 745 Somn.
237 718 268 742 s,
293 704 421 750 Gan„
454 702 528 757 qui
551 711 690 741 tamen
723 703 842 740 locus
866 702 949 741 huc
970 717 1057 741 non
1086 705 1263 744 omnino
1289 708 1527 760 convenit.)

59 776 150 814 cap.
171 764 208 803 9.
240 760 409 798 SOLAN.
468 757 764 810 Adscripserat
796 757 989 808 Solonas,
1023 759 1210 813 aliquem
1241 765 1524 816 conjectasse,

57 818 204 856 forsan
234 813 543 869 ἆπορῤύψοντες
567 813 808 868 legendum.
869 815 950 854 Sed
975 812 1286 870 ἆπορᾇύψοντες
1306 820 1468 869 voluit,
1503 835 1528 860 a

56 872 196 926 ῤ’ύπτω
217 873 420 925 abstergo,
453 870 586 910 sordes
605 870 744 920 abluo,
776 879 953 924 tumque
972 874 1170 924 profecto
1189 887 1278 913 non
1301 879 1408 914 male
1433 876 1529 928 qui-

56 931 176 969 dem:
209 943 354 968 verum
373 930 544 981 vulgata
567 941 655 965 non
675 937 738 966 est
758 926 991 973 movenda,
1013 942 1107 966 narn
1128 938 1171 967 et
1194 930 1256 968 sic
1280 930 1325 969 in
1347 934 1446 970 loco
1465 932 1525 973 N.

55 988 104 1024 T.
138 999 260 1038 quem
291 984 343 1023 L.
373 984 456 1023 Bos
484 982 667 1033 indicat,
707 984 881 1026 ἐκέλευσε
909 1008 967 1017 ---
996 981 1303 1040 ἇπορῤίψαντας
1338 985 1529 1042 πρώτους

54 1043 119 1085 ἐπὶ
137 1039 212 1091 τὴν
234 1045 310 1094 γῆν
330 1041 486 1089 ἐξιέναι.
517 1040 682 1079 PuerZ.

164 1097 264 1151 Peg.
289 1100 428 1140 2591.
448 1103 486 1140 2.
507 1094 595 1136 (Ὲν
626 1096 673 1137 δὲ
702 1095 950 1150 μέγιστον
980 1094 1264 1152 ἁπάντων]
1294 1100 1436 1152 Hujus
1460 1100 1528 1140 in-

52 1153 193 1208 gentis
228 1153 312 1194 ceti
344 1151 674 1191 similitudinem
702 1153 872 1192 invenit
899 1152 1040 1193 Krebs.
1075 1157 1105 1193 l.
1141 1170 1175 1197 c.
1209 1170 1307 1210 pag.
1333 1159 1429 1200 315.
1460 1171 1524 1211 sq.

54 1225 149 1249 cum
172 1224 247 1258 eo,
282 1209 356 1262 qui
387 1209 540 1250 Jonam
563 1207 815 1261 prophetam
850 1207 1091 1260 devoravit,
1132 1211 1227 1264 ipso
1257 1221 1364 1252 teste
1384 1213 1452 1263 II,
1486 1219 1524 1258 1.

0 1313 1 1318 ¹
53 1281 132 1305 nec
162 1275 316 1305 temere
342 1264 387 1303 id
416 1265 556 1311 sumi,
599 1268 710 1304 clare
733 1264 922 1305 ostendit
941 1265 1197 1308 Eichstadius
1216 1269 1341 1309 Tom.
1363 1269 1399 1308 Ι.
1422 1284 1523 1326 pag.

0 1322 1 1367 ἒ
51 1322 277 1364 LXXXII,
299 1320 390 1374 huj.
413 1321 533 1362 Edit.
563 1321 720 1360 LEnM.

0 1422 1 1428 ¹
167 1378 267 1418 Eacl.
285 1381 311 1419 l.
331 1383 368 1422 6.
408 1381 597 1426 Φαλλῶν)
629 1377 748 1416 Idem
767 1377 856 1418 vid.
883 1393 997 1432 supr.
1020 1394 1053 1421 c.
1072 1384 1141 1424 22.
1176 1381 1346 1422 SOLAN.
1407 1380 1526 1436 Qua·

0 1443 1 1451 ¹
52 1439 114 1476 les
138 1434 345 1474 describit
368 1434 414 1472 in
432 1433 509 1472 lib.
533 1432 583 1473 de
610 1435 705 1473 Dea
728 1434 851 1487 Syria
873 1436 1027 1477 Noster.
1061 1438 1200 1479 Gnsx.

164 1490 269 1530 Ibid.
303 1489 547 1542 Σκόλοπαε)
580 1489 743 1531 Confer
770 1506 898 1545 supra
926 1491 976 1533 de
999 1493 1190 1534 Merced.
1219 1493 1345 1536 cond.
1370 1510 1460 1550 cap.
1482 1502 1523 1542 3.

52 1551 224 1591 SoLAx.

163 1602 266 1643 Ead.
288 1605 318 1643 1.
339 1607 378 1648 8.
413 1601 749 1657 Περιβᾶλλοντες)
789 1603 852 1644 Fl.
887 1604 1063 1659 optime.
1124 1606 1336 1661 Reliquae
1364 1613 1526 1659 περιλα-

49 1660 201 1717 βόντες.
231 1660 402 1701 Sonus,
457 1659 725 1700 Flet-eminam
748 1674 798 1700 eo
821 1660 1043 1701 lubentius
1061 1672 1234 1702 secutus
1258 1678 1373 1713 sum,
1408 1664 1526 1718 quod

52 1719 135 1757 hoc
158 1715 327 1756 verbum
349 1715 400 1755 de
428 1717 770 1769 amplexantibus
792 1726 834 1756 et
867 1719 1159 1758 osculantibus
1187 1721 1361 1772 proprie
1395 1736 1526 1760 usur-

51 1784 189 1829 patur.
251 1771 322 1810 Sic
352 1772 484 1825 Long.
511 1774 622 1811 Past.
640 1774 728 1823 IV,
761 1777 854 1817 125.
880 1773 986 1820 (Ed.
1011 1776 1136 1815 Moli.
1159 1789 1201 1828 p.
1227 1782 1320 1820 133.
1347 1791 1522 1816 numero

52 1845 129 1885 per
148 1841 330 1870 errorem
349 1828 670 1880 typothetarum
701 1829 962 1880 depravato)
1005 1826 1121 1873 οὗτοι
1148 1830 1293 1880 πάντες
1320 1835 1524 1886 περιέβαλ-

51 1893 143 1935 λον,
176 1887 419 1937 κατεφίλουν
437 1887 656 1938 χαίροντες,
687 1894 728 1923 et
747 1886 795 1925 L.
820 1885 895 1923 IV.
918 1900 956 1937 p.
980 1889 1057 1926 ult.
1078 1885 1244 1938 Δάφνις
1266 1905 1305 1930 τε
1323 1891 1390 1931 καὶ
1409 1888 1524 1943 Χλόη

52 1944 314 1998 περιέβαλλον
335 1936 543 1993 ἀλλήλους.
601 1943 693 1980 Nec
714 1942 864 1991 refert,
899 1941 990 1980 illic
1009 1944 1200 1983 laetitiae
1221 1944 1388 1998 signum
1412 1960 1525 1995 esse,

53 2000 127 2039 hic
149 2009 284 2039 metus
305 2007 347 2037 et
370 1998 727 2046 valedicentium5
768 1997 1054 2050 valedicentes
1074 2000 1188 2039 enirn
1214 2014 1347 2054 aeque
1372 2015 1415 2039 se
1439 2016 1524 2040 am·

53 2060 284 2110 plexantur
329 2067 376 2092 ac
407 2057 680 2107 gratulantes.
738 2053 806 2094 Ne
844 2057 967 2106 plura
1000 2054 1047 2093 in
1082 2070 1126 2096 re
1151 2065 1251 2094 nota
1287 2071 1524 2111 congeram.

53 2114 220 2152 RmTz.
279 2112 364 2151 Ms.
388 2110 493 2164 Reg.
518 2114 643 2155 2954.
665 2111 970 2165 περιβαλόντες,
1003 2111 1209 2163 probante
1235 2111 1389 2153 Belino.
1421 2116 1521 2154 Bu>-

168 2166 269 2208 Ead.
289 2169 317 2205 l.
347 2170 412 2209 10.
442 2167 699 2219 Συναρράξαι
720 2174 802 2214 τοῖς
824 2164 1022 2216 ὀδοῦσιν)
1055 2167 1216 2207 Contra
1240 2179 1419 2209 mentem
1438 2170 1525 2209 Lu-

53 2226 163 2270 ciani
181 2222 366 2263 reddunt
386 2221 491 2262 haec
512 2223 659 2263 verba:
680 2225 743 2263 At
764 2224 941 2263 dentibus
960 2239 1037 2263 non
1060 2225 1254 2280 corfi·egit
1271 2228 1524 2280 prius,quczm

53 2301 123 2338 per
143 2297 270 2320 eorum
295 2281 496 2317 raritatem
515 2281 618 2319 intro
640 2283 751 2319 navis
773 2280 988 2322 decidisset.
1052 2281 1213 2319 Contra
1235 2291 1417 2320 mentem
1438 2283 1524 2321 Lu-

54 2341 182 2387 ςίαηί,
216 2337 413 2389 inquam:
459 2349 553 2373 nam
583 2337 704 2374 navis
728 2336 802 2375 illa
831 2350 1005 2388 prorsus
1037 2351 1125 2375 non
1156 2337 1243 2374 fuit
1278 2338 1522 2389 confracta,

54 2410 134 2435 nec
156 2393 354 2433 dentibus
377 2389 554 2442 belluae,
584 2406 661 2432 nec
687 2391 732 2429 in
764 2396 854 2445 ejus
880 2403 1042 2441 ventre,
1074 2391 1148 2431 sed
1168 2393 1335 2446 integra
1366 2394 1522 2434 iterum

55 2452 226 2499 emissa,
261 2447 430 2503 quando
456 2458 619 2486 mortua
647 2458 735 2487 erat
763 2447 926 2498 bellua,
958 2460 1007 2487 ut
1026 2448 1170 2488 videre
1199 2459 1261 2488 est
1280 2450 1324 2487 in
1361 2451 1523 2501 princi-

54 2509 130 2563 pio
154 2508 204 2546 L.
225 2511 263 2549 2.
291 2505 386 2543 Ver.
409 2504 519 2542 Hist.
553 2504 703 2543 Voluit
731 2514 867 2544 autem
888 2505 1090 2545 Lucienus
1108 2504 1173 2542 his
1197 2505 1337 2543 verbis
1358 2505 1522 2545 indica-

55 2579 125 2613 re,
158 2578 204 2603 os
224 2565 314 2616 ejus
338 2559 524 2610 belluae,
558 2570 598 2599 et
630 2575 763 2599 vacua
793 2561 901 2600 inter
925 2561 1069 2601 dentes
1097 2562 1230 2612 spatia
1262 2560 1366 2600 adeo
1402 2572 1519 2602 vasta

56 2620 212 2667 fuisse,
242 2628 292 2657 ut
322 2631 429 2669 opus
449 2630 536 2654 non
570 2627 677 2655 esset
707 2617 904 2655 dentibus
929 2618 1045 2669 prius
1069 2617 1341 2669 confringere
1360 2618 1518 2669 navim,

57 2686 102 2715 et
126 2676 187 2715 sic
203 2690 278 2728 per
297 2683 435 2727 partes
458 2687 544 2713 eam
570 2672 815 2720 absorbere,
847 2672 919 2711 sed
942 2673 1150 2726 integram
1173 2673 1313 2711 navim
1332 2673 1520 2723 illaesam

55 2746 131 2786 per
155 2731 346 2772 dentium
367 2729 560 2771 raritates
581 2730 708 2770 facile
732 2729 928 2784 potuisse
955 2730 1145 2783 transire.
1207 2729 1356 2769 Vertas
1384 2730 1532 2785 igituiq

99 2800 249 2833 Lucian.
277 2796 357 2834 Vol.
384 2800 452 2834 IV.
1171 2786 1208 2825 Τ
1225 2794 1242 2824 t
