1834 3188
420 198 474 228 m
509 196 683 248 VERAE·
711 197 980 228 ms'ronmrc
1017 198 1110 227 Lm.
1150 201 1181 229 1.
1442 188 1540 234 663

72 308 215 335 omnes
236 293 347 334 Edd.
382 303 487 336 vett.
518 292 940 347 habent‚-reperitur
969 295 1097 333 etiam
1129 294 1174 333 in
1208 294 1430 346 omnibus,
1464 298 1540 350 qui

70 352 280 391 hactenus
304 351 449 390 collati
469 360 584 398 sunt,
607 350 852 392 Codicibus.
904 352 962 389 Et
985 351 1269 404 δυνησώμεθα,
1299 352 1413 405 quod
1435 353 1540 391 Edi-

67 408 263 448 tionibus
283 407 492 456 inhaesit,
523 408 720 461 rejicitur
740 408 995 447 auctoritate
1014 407 1245 452 eorundem
1268 407 1429 459 Codd.‚
1461 409 1539 447 ubi

69 463 333 519 δυνησόμεθα
355 464 527 517 legitur.
585 465 702 518 Ergo
735 465 942 502 Futmum
980 465 1161 517 simplex
1194 473 1281 503 erat
1301 465 1539 505 restituen-

67 521 191 570 dum,
227 520 341 574 quod
364 521 494 558 miror
523 534 609 560 non
639 524 721 572 jam
751 535 773 558 a
800 520 1050 560 Schmiedero
1080 522 1239 559 factum
1260 535 1375 571 esse,
1409 537 1539 577 quum

65 593 130 617 res
151 578 208 616 sit
232 578 275 615 in
308 576 534 615 manifesto
559 578 716 630 posita.
765 575 913 625 ’Ὀπως
939 587 1077 617 autem
1105 592 1198 616 cum
1226 578 1423 617 Futuro
1411 593 1539 618 inve-

65 635 178 674 neris
210 635 282 673 De
315 634 452 672 Mero.
489 632 625 672 Cond.
661 648 696 673 c.
722 637 763 676 8
794 633 1031 687 θεοαπεύει,
1074 633 1183 682 ὅπως
1212 635 1366 687 μεθέξει
1398 632 1536 688 αυτῆς,

67 689 420 745 quemadmodum
457 706 510 736 ως
544 704 638 728 cum
668 689 814 729 eodem
851 700 1041 744 ternpore
1068 691 1114 728 in
1135 691 1220 729 xit.
1244 691 1370 730 Auct.
1397 691 1534 745 princ.

64 747 200 799 Vide,
234 759 340 801 quos
371 745 573 786 Matthiae
601 745 713 785 adiri
737 745 857 799 jubet
888 747 934 786 in
967 748 1042 788 Gr.
1075 747 1150 788 Gr.
1183 747 1219 801 ς.
1248 751 1346 791 520
1372 758 1466 789 not.
1493 753 1536 792 4.

64 804 226 844 me.

177 860 275 913 Pag.
294 863 390 902 267.
411 861 438 896 1·
462 863 501 900 2.
541 861 621 907 Τῆς
637 860 889 912 προθεσμίας
906 857 1153 914 ἐνεστώσης)
1185 859 1376 900 Obscure
1394 861 1536 901 versio

63 916 277 957 Parisina:
303 919 391 969 jam
415 917 530 965 pacti
559 926 726 967 tempore
757 918 992 957 imminente.
1054 917 1136 957 Sed
1161 919 1417 985 προθεσμίαν
1449 932 1538 958 esse

65 975 314 1013 constitutum
340 982 509 1023 tempuS,
543 981 591 1009 ut
612 972 656 1009 in
677 972 814 1025 Epist,
839 971 891 1010 ad
918 972 1055 1013 Galat.
1076 974 1151 1023 IV,
1172 980 1210 1017 2.
1237 971 1328 1027 ἄχρι
1349 979 1448 1026 τῆς]
1438 991 1538 1028 προ-

63 1032 235 1083 θεσμίοις
260 1032 334 1069 τοῦ
363 1027 536 1081 πατοός,
571 1027 785 1080 producto
818 1027 901 1068 hoc
931 1030 1108 1069 Luciani
1135 1033 1257 1082 loco,
1288 1031 1460 1084 alioque
1483 1044 1536 1069 ex

63 1085 196 1137 ejusd.
218 1083 430 1138 Nigrino,
463 1083 680 1123 Plutarcho
700 1085 801 1124 item
823 1095 864 1125 et
885 1086 1104 1137 Αεεοῆιηε,
1136 1097 1234 1141 post
1255 1087 1362 1126 alios
1385 1086 1536 1126 docuit

63 1140 740 1182 Elsne1.adN.T.1.c.REmz.

176 1197 277 1239 Ead
296 1200 324 1235 l.
343 1202 382 1240 7.
423 1194 699 1250 Ἐξοπλισάμ.)
740 1197 810 1238 Sic
845 1198 955 1239 Coll.
989 1199 1034 1240 P.
1066 1209 1107 1239 et
1138 1199 1192 1238 L.
1250 1200 1309 1238 At
1337 1198 1535 1252 impressi

65 1269 210 1295 omnes
233 1250 552 1305 ἐξαυλισάμενοι.
584 1255 754 1293 SOLAN.
813 1255 1041 1308 Vulgatam
1068 1254 1372 1308 ἐξαυλισάιιενοι
1394 1269 1534 1294 serva-

63 1313 133 1361 vi,
166 1311 245 1351 etsi
267 1312 304 1352 ἐί
286 1308 565 1363 ςοπλισαμενοι
590 1310 813 1350 intellectu
833 1311 1006 1350 facilius
1031 1322 1107 1352 est.
1168 1314 1319 1352 Posset
1341 1312 1452 1351 enim
1478 1313 1534 1362 ἒξ-

62 1375 192 1410 avus.
218 1366 461 1421 significare
484 1384 503 1405 e
522 1370 718 1416 tentoriis,
742 1370 928 1421 tuguriis,
962 1372 1109 1421 exciti5
1141 1370 1264 1423 quasi
1285 1368 1533 1422 oppositum

63 1431 120 1481 τῷ
143 1427 405 1477 ε’ναυλίζυμαι.
464 1425 523 1463 Et
548 1424 610 1462 sic
631 1424 760 1463 video
789 1424 995 1463 Gesner-um
1019 1428 1257 1478 accepisse:
1290 1436 1333 1464 at
1354 1439 1440 1464 non
1467 1425 1533 1461 in·

61 1483 192 1521 venio
216 1481 535 1526 auctoritatem;
569 1480 666 1518 ideo
689 1491 929 1532 suspectum
953 1481 1086 1521 habeo
1109 1481 1224 1521 istud
1245 1481 1432 1530 verbum,
1458 1480 1534 1519 do-

62 1552 140 1577 nec
163 1536 300 1576 alibi
279 1550 509 1576 invenero.
541 1537 705 1576 RmTZ.
756 1536 1004 1589 Simplicior
1027 1537 1141 1577 haud
1163 1538 1291 1577 dubie
1316 1548 1357 1576 et
1379 1551 1534 1575 conve-

62 1594 253 1634 nientior
271 1592 396 1631 etiarn
416 1593 548 1631 lectio
572 1602 634 1631 est
655 1592 976 1645 ἐξοπλισάμενοι,
1014 1608 1134 1646 quarn
1157 1595 1281 1633 etiam
1303 1592 1439 1633 Codd.
1457 1594 1534 1630 Pa-

65 1652 156 1690 riss.
178 1654 302 1694 2954.
325 1659 366 1688 et
397 1654 523 1692 3011.
542 1658 583 1687 et
617 1649 735 1688 Gorl.
772 1649 1050 1700 confirmant,
1084 1661 1123 1689 et
1144 1650 1337 1702 Micyllus
1360 1663 1535 1702 quoque

69 1716 333 1759 expresserat
355 1719 460 1744 voce
481 1708 640 1745 armati.
697 1707 840 1745 Altera
860 1706 991 1744 lectio
1017 1707 1365 1759 pronuntiationi
1390 1705 1535 1745 deberi

66 1764 261 1812 videtur,
297 1775 378 1814 qua
409 1760 704 1815 diphthongus
734 1780 809 1812 ccv,
843 1762 886 1801 in
913 1763 1076 1801 Galliae
1108 1763 1375 1815 potissimum
1396 1763 1536 1815 regio-

67 1820 220 1867 nibus,
254 1832 340 1857 non
362 1820 541 1855 multum
566 1817 729 1856 diversa
750 1829 812 1857 est
837 1833 857 1856 a
884 1820 1045 1857 vocalis
1067 1837 1087 1860 o
1108 1833 1229 1857 sono.
1263 1820 1420 1857 mer.

181 1877 282 1929 Pag.
302 1880 398 1918 268-
427 1876 453 1917 l
475 1880 514 1918 3.
565 1872 671 1922 Τούς
707 1880 813 1925 φωλε
819 1873 916 1927 οὓς)
958 1875 1104 1914 Frater
1131 1886 1276 1915 monet
1307 1873 1536 1930 legendum

66 1950 138 1983 τας
157 1939 256 1986 φωλ.
278 1940 422 1970 contla
446 1930 553 1971 Edd
595 1932 759 1969 errrz.

182 1988 334 2028 Eaclffl
360 1993 397 2031 6
424 1984 860 2049 Ἐπηυλισάμεθα
890 2004 946 2042 τη
977 1984 1135 2050 μάχῃ]
1179 1997 1221 2030 et
1252 2001 1360 2041 quae
1391 1988 1538 2039 proxi-

70 2061 135 2085 me
153 2055 403 2098 sequuntur,
436 2059 570 2097 paene
594 2043 644 2083 ad
668 2036 837 2083 verbum
861 2045 1041 2094 repetita
1067 2053 1165 2082 sunt
1185 2059 1236 2082 ex
1262 2044 1435 2095 leucysl
1458 2045 1537 2093 IV,

71 2107 163 2147 134,
184 2104 435 2142 observante
459 2101 711 2140 A·b1c·sclzio
703 2116 744 2137 in
762 2099 985 2138 Dilucidd.
1011 2100 1149 2141 Thuc.
1173 2115 1214 2153 p.
1233 2105 1346 2147 490,
1375 2101 1449 2154 qui
1474 2101 1542 2141 ἐπὶ

70 2158 176 2214 μάχῃ
200 2159 385 2211 explicat
403 2169 490 2210 post
508 2174 694 2211 pugnam,
723 2155 926 2205 Gesnerus,
965 2156 1134 2209 opinor,
1166 2158 1337 2209 rectius,
1368 2160 1409 2197 in
1430 2173 1540 2212 pug-

73 2232 145 2256 nae
166 2215 268 2255 loco.
301 2215 458 2254 Lnrmr.

185 2270 285 2311 Εαιῖ.
305 2274 331 2311 1.
357 2275 418 2312 10-
457 2271 785 2321 Θυννοκέφαλοι)
818 2270 878 2308 Ut
911 2284 1004 2322 cap.
1030 2272 1099 2314 35.
1159 2269 1240 2309 Sed
1269 2269 1340 2309 hio
1370 2285 1537 2320 omnes,

74 2338 251 2380 excepta
275 2327 322 2366 B·
345 2332 382 2369 2-
406 2327 553 2374 (etiam
577 2328 622 2367 B.
642 2333 677 2368 1.
702 2336 741 2364 et
763 2329 824 2374 3.)
859 2327 1141 2379 Κυνοκέφαλοι
1163 2327 1335 2365 habent.
1369 2328 1537 2366 SonArz.

75 2385 236 2425 Confer
260 2383 433 2422 omnino
459 2398 583 2436 sup1a
611 2398 642 2421 c.
666 2388 731 2427 33.
762 2384 946 2423 Parisino.
968 2383 1039 2422 hic
1076 2384 1226 2422 iterum
1256 2385 1416 2424 Κυιιρχέ
1399 2390 1542 2433 φαλοι

76 2457 171 2482 cum
197 2441 347 2493 reliqq.
405 2440 455 2477 In
480 2441 674 2478 versione
699 2450 832 2477 tamen
863 2440 1012 2478 iterum
1039 2454 1209 2494 quoque
1224 2440 1542 2495 'Ilzynoceplmlc

78 2513 229 2551 quare,
272 2498 306 2536 si
336 2498 506 2549 vulgata
538 2511 661 2549 supra
699 2507 787 2534 erat
817 2494 1048 2546 movenda,
1082 2497 1210 2537 etiam
1239 2490 1309 2534 hic
1341 2496 1542 2535 mutanda

79 2555 179 2594 fuit.
221 2555 383 2593 anz.

190 2609 290 2650 Εαίῖ·
321 2613 349 2648 l·
383 2614 446 2653 14-
487 2607 661 2662 :lamma
688 2610 732 2650 τὸ
767 2609 913 2660 κῆτος)
962 2609 1186 2663 JVesseling.
1220 2607 1271 2647 ad
1306 2609 1426 2648 Diod.
1461 2608 1544 2647 ΠΙ.

82 2683 117 2706 c.
143 2672 207 2710 16.
230 2682 271 2705 n.
294 2672 358 2710 12.
384 2668 563 2719 conjicit
597 2664 750 2718 α’ντέχει
779 2665 822 2706 τὸ
846 2671 989 2715 κῦτος,
1026 2664 1141 2716 quod
1170 2670 1286 2713 κῦτος
1318 2665 1547 2704 testudinis

85 2734 269 2763 crustam
298 2724 526 2779 significet,
560 2738 607 2763 ac
633 2722 695 2762 sic
723 2724 967 2776 frequenter
990 2722 1109 2762 Diocl.
1169 2721 1251 2762 Sed
1273 2722 1481 2777 ignoscat,
1513 2720 1549 2759 si
