1834 3188
238 196 339 245 564
588 206 1353 239 ADNo-‘rA'rloNEs

241 307 373 349 nullis
397 306 509 348 Edd.
532 308 754 360 Πομπηΐου
775 305 958 357 πολίτης,
988 303 1238 358 disjunctim
1263 306 1482 360 scriptum,
1516 309 1585 346 vel
1607 306 1712 347 duo·

242 367 324 405 bus
345 375 484 404 tamen
504 362 762 403 accentibus.
822 361 874 400 In
897 361 1006 401 Junt.
1030 375 1131 401 vero
1153 372 1264 402 recte
1288 372 1400 412 erat,
1432 372 1482 401 ut
1504 361 1710 403 dedimus.

243 421 544 462 R121Tz.Sic
565 420 692 459 etiarn
713 418 758 455 in
784 427 964 470 utraque
982 417 1086 458 AZcZ.
1120 418 1219 459 Vid.
1241 419 1425 460 Holszen.
1447 418 1501 458 ad
1528 419 1712 473 Steplzan.

247 481 314 533 By
317 493 352 517 Ζ.
377 478 427 517 de
450 476 572 516 urbb.
594 490 632 529 p.
642 479 747 519 259.
771 473 811 515 b
843 475 1000 516 me.

360 533 467 574 Ead.
485 536 511 574 l.
534 537 573 577 5.
610 535 920 584 Πομπηὶᾞουπολ
933 532 968 597 ).
982 533 1107 572 Duae
1128 531 1255 585 hujus
1278 532 1465 572 nominis
1490 533 1612 573 urbes
1632 547 1716 573 me·

249 601 491 632 morantur.
524 592 651 627 altera
683 589 727 625 in
751 587 927 639 Cilicia,
957 588 1002 626 in
1030 589 1321 643 Paphlagonia
1342 592 1487 631 altera.
1546 591 1617 630 De
1639 604 1715 644 po-

251 648 420 688 steriori
443 645 655 699 intelligo,
698 645 865 683 SonAN.

363 702 465 742 Ead.
489 705 516 740 1.
530 707 568 744 9.
602 706 928 755 KsQu‘thcfov—
945 699 1121 756 ῥἠτορα)
1154 701 1400 741 Armenium
1424 711 1631 742 oratorem
1655 702 1722 740 in·

254 761 393 800 dicare
416 757 607 807 videtur,
643 757 718 811 qui
747 772 768 795 a
790 758 996 797 Romanis
1022 759 1233 796 auxilium
1261 757 1412 798 iisdem
1435 759 1577 798 verbis
1596 769 1720 811 pete-

254 827 341 863 ret,
363 815 518 870 quibus
543 814 772 867 Corcyraei
795 813 908 868 apud
931 814 1197 868 Thucydidem
1218 814 1267 852 ab
1289 814 1629 854 Atheniensibus
1649 829 1720 867 pe-

254 883 367 913 tunt.
428 871 528 912 Vid.
563 870 737 923 Thucy&
758 873 785 909 l.
809 886 843 910 c.
867 881 928 921 et,
962 872 998 909 si
1021 872 1164 920 lubet,
1197 872 1302 912 Pon.
1326 876 1544 926 κερκυραῖοι
1569 869 1720 924 μάστιξ.

254 934 350 975 239.
383 929 553 967 SOLAN.
614 927 712 967 Vid.
745 927 921 982 Thucycl.
946 928 993 975 I,
1022 933 1089 972 32.
1119 928 1397 981 adscripscrat
1417 928 1603 968 solanus.
1663 928 1723 966 Et.

257 1001 358 1026 mox
380 983 431 1023 ad
454 1000 492 1024 v.
513 999 598 1036 seq.
629 983 717 1022 vid.
744 983 920 1037 Thucycl.
943 984 1012 1033 II,
1039 990 1104 1028 17.
1165 986 1222 1022 Et
1241 994 1340 1038 post
1362 994 1444 1023 tres
1465 999 1608 1024 versus
1633 999 1724 1022 rur-

258 1057 349 1082 sum
378 1041 555 1098 Tlmcyd.
573 1041 642 1091 II,
666 1044 733 1084 48.
758 1054 909 1092 nempe
943 1039 994 1078 ad
1028 1040 1177 1081 verba:
1219 1038 1298 1083 ἀπὸ
1317 1043 1540 1091 Αἰθιοπίας
1561 1039 1721 1095 ἤρξατο.

260 1101 423 1139 Rnrrz.

376 1154 476 1196 Εαᾶ.
500 1157 528 1193 1.
554 1159 618 1197 10.
655 1145 927 1207 Νῐοιβηνοῖς)
958 1152 1146 1203 Nisibis,
1178 1153 1297 1206 prius
1321 1153 1555 1194 Antiochia
1576 1155 1730 1194 Mace-

263 1211 422 1251 doniae
456 1211 750 1265 (Diffygdoniae)
780 1210 911 1259 dicta,
955 1212 1065 1248 ultra
1096 1209 1343 1262 Euphraten
1378 1211 1459 1248 sita
1493 1220 1591 1251 erat.
1659 1212 1731 1249 De

263 1269 347 1308 hac
374 1267 477 1307 urbe
507 1266 664 1320 Xiphil.
698 1266 743 1304 in
775 1268 887 1319 Traj.
920 1271 1015 1310 249.
1049 1277 1091 1306 et
1116 1267 1283 1310 251.⁷C.
1317 1276 1359 1304 et
1388 1266 1596 1320 Spanlzem.
1630 1271 1728 1311 605.

265 1325 438 1366 SonAN.
497 1324 597 1362 Vid.
623 1323 752 1377 steph.
773 1321 824 1362 de
856 1322 977 1366 urbb.
999 1323 1042 1364 h.
1067 1339 1108 1364 v.
1141 1323 1292 1377 ibique
1307 1322 1461 1364 Ber-leel.
1484 1335 1527 1365 et
1546 1324 1729 1366 Holsten.

301 1413 310 1422 .
332 1386 428 1424 226.
461 1382 583 1420 Pum.
649 1404 652 1406 >

265 1397 294 1436 P
380 1437 482 1480 Eacl.
505 1441 533 1478 1.
559 1442 622 1480 12.
654 1441 928 1493 Πελασγικοῦ)
959 1437 1058 1478 Vid.
1096 1437 1275 1493 lecycl.
1307 1438 1374 1489 II,
1405 1443 1469 1482 17.
1505 1437 1580 1492 qui
1611 1439 1731 1476 nefas

269 1495 444 1534 duxisse
464 1494 748 1535 Athenienses
763 1495 964 1535 observat
985 1495 1029 1533 in
1053 1510 1112 1534 ·eo
1134 1499 1230 1533 loco
1254 1501 1503 1549 quemquam
1528 1494 1730 1543 habitare,

270 1565 394 1603 quern
417 1561 554 1589 tamen
584 1554 830 1603 scrupulum
859 1553 1085 1591 necessitas
1113 1550 1353 1590 obsidionis
1375 1552 1550 1590 exemit.
1612 1550 1733 1589 Adde

270 1607 377 1647 Plin.
399 1607 504 1655 VII,
528 1610 596 1650 56.
616 1607 734 1648 Paus.
759 1607 848 1647 Att.
870 1607 976 1650 Plut,
999 1607 1144 1648 Them.
1166 1606 1458 1661 App.·Mithr.
1518 1608 1589 1647 De
1612 1624 1732 1662 μακρ.

267 1680 358 1717 τειχ.
379 1662 466 1702 vid.
492 1662 666 1715 Thueycl.
688 1664 729 1714 I,
755 1668 825 1707 96.
852 1669 943 1707 107.
968 1665 1034 1713 II,
1062 1670 1126 1708 13.
1159 1666 1327 1704 SOLAN.

382 1719 485 1758 Eas]-
511 1721 539 1757 l·
566 1726 630 1763 13
662 1718 970 1773 Λοιμώξαντες)
1002 1721 1099 1759 Vid.
1124 1722 1236 1759 infra
1263 1720 1731 1764 AleX.c.36.R131·rz

382 1775 486 1814 16ίᾶ.
517 1774 610 1817 Ἀπὸ
630 1778 880 1828 Αἰθιοπίας)
916 1778 1003 1816 Cur
1024 1786 1164 1815 autern
1182 1791 1233 1815 ex
1245 1777 1479 1830 Aethiopia
1501 1791 1634 1830 usque
1656 1792 1733 1814 nu-

272 1842 393 1887 gator
415 1833 487 1870 ille
508 1833 704 1885 petierit,
737 1834 898 1887 aperiet
917 1836 1053 1872 lectus
1075 1833 1333 1888 Thucjdides.
1359 1834 1452 1886 (II,
1476 1832 1574 1889 48.)
1605 1832 1734 1886 Apud

270 1889 388 1927 hunc
406 1889 517 1926 enim
546 1889 718 1927 initium
748 1890 882 1943 pestis
905 1890 1042 1940 illius,
1076 1904 1127 1928 ex
1144 1890 1398 1942 Aethiopia,
1433 1904 1538 1943 quae
1559 1904 1634 1942 per
1654 1891 1736 1928 Ae-

264 1955 452 1999 -gyptum
485 1955 692 1999 grassata,
705 1994 708 1996 -
737 1960 785 1985 ac
818 1947 1027 1998 Libyam,
1067 1947 1370 1999 Peisarumque
1397 1945 1644 1998 imperium,
1686 1947 1734 1984 in.

269 2002 557 2040 Athenienses
580 2001 748 2042 tandem
771 2003 918 2041 irruit:
954 2002 1069 2055 quod
1093 2003 1277 2040 insulsus
1309 2001 1380 2040 hic
1402 2002 1584 2053 smiptor
1606 2016 1734 2041 secu-

270 2067 361 2109 tus,
384 2067 529 2096 contra
554 2057 675 2096 fidem
695 2058 979 2106 historiaelad
1002 2073 1076 2096 sua
1096 2060 1285 2110 tempora
1308 2061 1593 2100 transtulerat.
1625 2058 1735 2097 Coe-

270 2115 337 2168 pit
365 2115 475 2153 enim
507 2114 746 2161 Seleuciae3
780 2114 865 2155 vid.
898 2114 1064 2168 Capitol.
1087 2114 1131 2152 in
1152 2115 1264 2153 Vero
1291 2129 1324 2154 c.
1349 2120 1385 2158 8.
1409 2125 1450 2153 et
1478 2115 1522 2152 in
1554 2129 1647 2153 eum
1672 2117 1735 2153 lo·

272 2185 368 2209 cum
394 2170 583 2209 Salmas-ii
616 2180 765 2220 notas·
798 2180 841 2210 et
863 2172 998 2210 Amm.
1024 2171 1211 2210 Marcell.
1275 2170 1395 2223 Quae
1426 2184 1491 2209 res
1517 2171 1737 2210 observata

271 2226 453 2265 Medico
473 2240 634 2264 summo
653 2226 780 2279 hujus
800 2227 950 2266 aetatis
970 2227 1178 2266 Rich-aulo
1198 2227 1327 2266 Mcacl
1343 2227 1564 2279 persuasit,
1576 2236 1736 2280 pestem

273 2297 365 2322 esse
392 2281 581 2321 morbum
614 2283 889 2333 Africanum,
932 2285 1007 2337 qui
1042 2284 1136 2322 aliis
1163 2284 1207 2320 in
1239 2283 1489 2337 regionibus
1518 2297 1738 2336 nunquam

275 2349 494 2388 nascatur,
527 2338 604 2378 sed
622 2353 683 2377 ex
697 2336 931 2393 Aethiopia
951 2340 1001 2379 ad
1019 2341 1120 2379 alias
1137 2348 1305 2393 gentes,
1340 2340 1377 2377 si
1401 2354 1464 2380 res
1488 2349 1598 2380 recte
1618 2340 1737 2378 inve·

276 2396 482 2468 atigetur?
519 2410 680 2449 semper
710 2410 784 2448 per
816 2396 1059 2451 contagium
1089 2400 1273 2448 perlatus
1309 2395 1566 2437 inveniatur.
1626 2394 1738 2434 Vide

276 2451 477 2501 1ibrum,⁴
488 2465 610 2516 quem
632 2453 813 2507 Anglice
841 2452 888 2490 de
902 2452 1011 2492 Peste
1033 2452 1190 2502 edidit,
1221 2452 1381 2490 Latine
1407 2452 1533 2492 etiam
1553 2452 1596 2489 in
1622 2461 1736 2491 exte-

278 2521 419 2545 rorum
453 2509 628 2561 gratiam
659 2508 704 2546 in
734 2508 968 2548 Hollandia
1001 2523 1217 2548 excusum.
1251 2509 1419 2548 SOLAN.
1481 2507 1662 2561 Duplici
1687 2522 1739 2547 ex

280 2573 399 2614 parte
421 2565 644 2603 ridiculam
669 2565 802 2605 fuisse
825 2565 1046 2618 scriptoris
1069 2564 1196 2620 hujus
1221 2564 1372 2618 agendi
1396 2563 1616 2612 rationem,
1651 2579 1741 2603 mo-

281 2619 379 2656 nuit
414 2620 476 2659 IVz
471 2621 606 2661 elancl
648 2621 771 2662 Run
832 2622 1043 2659 Primum
1054 2621 1241 2670 scilicet,
1287 2620 1402 2674 quod
1430 2620 1611 2672 scriptor
1643 2620 1737 2672 iste,

282 2687 367 2727 quo
392 2678 573 2729 eleganti
606 2677 897 2731 desciip'tione
929 2677 1144 2716 auditores
1174 2691 1272 2715 suos
1301 2685 1501 2727 caperet,
1521 2674 1743 2729 Thucydi-

284 2729 362 2770 dea
386 2729 677 2786 descripserit,
693 2743 813 2787 ·,tum
843 2733 958 2790 quod
976 2742 1150 2788 pestem,
1185 2732 1459 2788 quaRomani
1476 2747 1563 2774 non
1582 2733 1740 2785 minus,
