1834 3188
267 184 377 234 '594
547 197 1392 232 ,ΛοΝοτΛΤιοΝιιε

275 296 550 353 peditionem
575 310 649 350 per
682 295 901 335 Oceanum
928 293 1258 368 descripturum.
1321 293 1528 348 Subjicit:
1569 298 1636 338 καὶ
1671 296 1743 352 οὐχ

276 354 491 407 ὑπόσχεσις
508 358 634 394 ταῦτα
654 349 809 405 μόνον,
840 349 940 394 ἄλλα
968 353 1039 394 καὶ
1070 350 1124 394 τὸ
1133 353 1350 405 προοίμιον
1381 356 1453 405 τῆς
1469 349 1648 406 Ἰνδικῆς
1663 353 1743 409 ἤὸη

277 413 565 461 συντέτακται,
584 410 654 450 καὶ·
668 408 728 451 τὸ
745 411 878 462 τρίτον
900 406 1047 465 τάγμα
1106 409 1187 450 Καὶ
1211 411 1252 449 οἷ
1273 410 1435 459 Κελτοὶ,
1467 410 1536 450 καὶ
1550 409 1657 452 Mei·
1649 428 1745 464 ρων

278 475 429 540 μοῖρα..
453 477 517 507 et.
514 469 631 521 q'uae
661 475 911 518 sequuntur.
970 466 1178 504 Vertunt·
1221 465 1355 519 Neque
1384 476 1536 505 fanium
1566 467 1640 506 kae
1656 479 1746 506 sunt

274 526 578 581 promissiones,
596 522 685 563 sed
689 522 853 562 Indicae
883 523 1069 562 historiae
1094 524 1336 575 prooemium
1354 524 1451 575 jam
1464 534 1517 562 est
1540 527 1744 577 composi—

278 594 383 631 ium,
416 592 451 619 et
479 596 522 620 οι
516 578 575 618 do
608 581 754 619 tertius.
813 579 865 617 Et
884 578 1020 628 Galli,
1050 595 1218 632 parsque
1236 580 1384 631 exigua
1401 579 1574 619 Mamm
1567 597 1639 619 um
1659 590 1741 619 etc.

281 639 390 693 Quis
419 646 484 676 est
512 636 584 675 isse
612 638 758 675 tertius
776 634 910 678 ordo?
956 635 1092 674 Nemo
1127 635 1296 674 dixerit.
1358 635 1492 674 Prava
1521 635 1744 676 distinctio

278 695 395 734 hune
418 702 591 747 qiuoque
606 695 750 731 locum?
773 691 990 742 foedavit,
1012 702 1053 731 et
1077 690 1383 745 interpretibus
1402 691 1558 760 fram-udi
1563 693 1664 732 fuit.
1695 693 1745 734 Si

278 752 339 790 sic
373 748 715 816 interpunxeris,
758 747 899 787 facilis
929 725 1013 787 erit
1042 749 1282 817 explicatu:
1325 748 1391 788 καὶ
1426 744 1498 802 οὐχ
1532 745 1746 803 ὑπόσχεσις

278 812 400 850 ταῦτα
422 803 573 874 μόνον.
605 800 705 846 ἄλλα
726 806 801 847 καὶ
821 802 865 846 τὸ
886 806 1103 860 προοίμιον
1130 809 1199 856 τῆς
1225 800 1408 856 Ἰνδικῆς
1429 803 1509 857 ἤδη
1535 807 1744 848 συντέτακ-

278 882 355 906 ται.
419 865 501 905 Καὶ
524 861 567 904 τό
592 864 730 912 τοίτον
754 858 906 916 τάγμα,
938 863 1004 903 καὶ
1032 864 1074 903 οἵ
1106 864 1271 911 Κελτοὶ,
1307 862 1373 902 καὶ
1400 860 1590 914 Μαύρων
1612 870 1745 918 μοῖρα.

279 915 414 975 Neque
441 929 609 959 tantum
623 918 719 963 haec
743 929 833 958 sunt
858 920 1075 972 promissa,
1106 918 1174 957 secl
1203 918 1368 957 Indicae
1393 918 1578 958 historiae
1604 936 1748 974 prooe-

280 980 419 1016 mium
428 979 515 1030 jam
529 985 584 1014 est
604 977 803 1028 scriptum.
864 975 915 1014 Et
934 987 989 1013 ter
992 986 1047 1013 ιια
1078 974 1201 1027 legio,
1232 986 1266 1014 ez
1291 973 1424 1024 Galli,
1457 986 1492 1013 et
1508 975 1746 1015 Maurorum

280 1035 428 1087 exigua
447 1048 620 1079 manus,
632 1030 784 1070 Indum
797 1033 973 1087 fluvium
994 1034 1239 1084 trajecerunt.
1306 1028 1440 1085 Ταγμα
1462 1032 1635 1071 Graecis
1657 1047 1745 1072 sae-

280 1105 333 1143 pe
353 1099 417 1128 est
438 1089 549 1141 legio.
582 1088 760 1126 GnAnv.

394 1145 500 1185 lbid.
538 1142 703 1198 Τάγμα)
721 1143 922 1184 Disertis
947 1143 1087 1183 verbis
1117 1143 1331 1196 legionem
1353 1157 1441 1182 esse
1467 1142 1592 1183 docet
1618 1145 1748 1199 Xiph.

281 1203 328 1241 in
352 1203 418 1244 M.
437 1203 581 1240 Aurel.
604 1201 856 1251 Antonino,
886 1205 1050 1242 καλοῦσι
1066 1200 1107 1242 δὲ
1125 1199 1167 1241 τὸ
1189 1199 1315 1255 τάὶμα
1338 1203 1380 1241 οἱ
1395 1197 1592 1254 Ρωμαῖοι
1609 1205 1750 1257 λεγεαῖ·

280 1267 344 1301 να.
351 1260 542 1299 somn,
609 1264 611 1268 '

396 1313 496 1354 Ead.
513 1316 539 1353 1.
562 1315 626 1357 15.
663 1312 857 1367 Κασσίῳ)
887 1314 957 1352 De
981 1326 1031 1351 eo
1050 1315 1132 1366 jam
1155 1311 1325 1365 saepius
1341 1326 1468 1366 supra
1490 1311 1652 1353 dictum
1674 1321 1749 1357 est,

280 1373 367 1412 Hic
391 1381 531 1411 autem
556 1370 726 1410 Cassius
748 1378 832 1420 est,
865 1369 939 1422 qui
961 1379 1131 1421 postea,
1165 1372 1329 1422 perlato
1349 1368 1400 1408 de
1422 1379 1559 1409 morte
1582 1370 1747 1410 Aurelii

281 1430 392 1469 falso
415 1428 599 1474 nuntio,
632 1426 811 1476 defecit,
843 1437 886 1466 et
905 1427 1129 1479 imperium
1161 1425 1403 1473 affectavit}
1437 1440 1574 1481 neque
1595 1427 1645 1465 ab
1675 1428 1749 1465 in-

281 1496 431 1539 cepto,
480 1498 574 1522 cum
604 1483 747 1522 vivere
774 1483 988 1533 rescisset,
1031 1482 1173 1522 oblata
1203 1483 1331 1522 etiam
1362 1482 1517 1531 venia,
1568 1482 1747 1523 destitit.

280 1542 448 1580 SOLAN.
786 1558 790 1562 ·
949 1546 951 1548 ’

394 1598 660 1649 Pag.205-1
684 1601 723 1639 3
757 1592 959 1649 Μουζούρ
964 1597 1070 1644 ιδος)
1105 1596 1182 1635 VV.
1205 1596 1473 1649 Μουζίριδος
1532 1595 1749 1661 Quocun-

282 1669 364 1708 que
387 1653 556 1692 tandem
579 1651 702 1690 modo
729 1651 909 1701 scribas,
942 1652 1042 1690 urbs
1066 1661 1129 1691 est
1151 1652 1259 1689 mihi
1287 1666 1459 1704 prorsus
1491 1651 1667 1706 ignota:
1702 1654 1745 1691 in

278 1710 426 1758 India,
461 1709 505 1746 ni
529 1709 677 1758 fallor,
711 1707 950 1761 quaerenda
971 1718 1055 1758 est,
1089 1717 1138 1746 ut
1161 1723 1283 1761 quam
1305 1708 1586 1748 remotissime
1611 1723 1632 1746 a
1655 1709 1747 1748 Ln-

280 1769 395 1807 cz‘ano
414 1774 612 1818 ponatur.
645 1765 814 1804 SOLAN.
877 1764 1049 1803 solanus
1066 1765 1272 1802 Muzurin
1292 1764 1437 1803 urbem
1460 1765 1649 1819 ignotam
1671 1767 1746 1806 ait.

278 1825 338 1862 At
370 1820 595 1861 Bauclrand
635 1835 690 1859 ex
715 1819 888 1860 Ptolem.
922 1821 1065 1859 urbem
1098 1831 1139 1860 et
1173 1821 1407 1873 emporium
1453 1821 1606 1860 Indiae
1632 1822 1743 1862 intra

280 1881 471 1933 Gangem
506 1892 593 1916 esse
626 1876 763 1918 docet.
804 1878 967 1915 Rm'rz.
1025 1877 1234 1926 Muziris,
1287 1877 1523 1930 emporium
1555 1877 1745 1926 Indiae,

279 1943 631 1975 commemoratur
652 1933 781 1972 etiam
802 1933 845 1971 in
869 1933 971 1975 Plin.
998 1934 1055 1973 Η.
1078 1934 1132 1974 Ν.
1161 1933 1245 1981 VI,
1271 1938 1339 1976 23.
1399 1933 1744 1988 De-Oxydracis,

274 1992 427 2032 Indiae
458 1993 647 2043 populo,
681 1989 807 2039 vide,
840 2005 963 2044 quem
991 1990 1144 2028 citavit
1177 1988 1435 2042 Ruclolplzus,
1477 1989 1609 2028 Strab.
1639 1990 1743 2041 XV,

275 2055 324 2100 1,
348 2054 386 2092 8.
448 2048 515 2085 Cf.
543 2046 717 2085 Iucian.
739 2047 885 2100 Fugit.
908 2061 942 2087 c.
963 2051 1002 2089 6.
1028 2055 1071 2084 et
1099 2045 1407 2087 Diall.Mo1·tt.
1438 2045 1569 2097 XIV,
1598 2050 1639 2090 5.
1665 2047 1748 2085 ibi-

279 2119 361 2160 que
381 2103 602 2143 Hemsterh.
626 2104 747 2141 Ἰοιιι.
766 2103 825 2141 ΙΙ.
848 2118 889 2156 p
911 2106 1008 2147 577
1040 2103 1200 2142 Lmnvr.

385 2159 489 2200 Eacl.
509 2161 532 2199 l.
548 2164 591 2201 6.
613 2156 730 2200 Οττι
748 2159 843 2208 κεν)
875 2159 1031 2213 Longe
1054 2160 1177 2197 aliter
1201 2133 1485 2212 proverbium
1512 2157 1597 2198 hoc
1629 2159 1743 2213 apud

274 2218 392 2257 hunc
411 2215 514 2255 alibi
534 2214 692 2268 legitur
715 2214 760 2252 in
782 2214 911 2256 Rhet.
937 2216 1076 2255 Praec.
1096 2230 1129 2253 c.
1154 2221 1216 2259 18.
1267 2213 1385 2256 Ὀττι
1401 2232 1470 2256 κεν
1491 2217 1555 2257 ἐπί
1571 2228 1614 2258 κε
1633 2219 1743 2271 ῥἠμα

271 2280 330 2339 γλ
354 2274 386 2315 ἔ.
448 2264 566 2326 Quin
591 2280 632 2310 et
655 2270 768 2308 hoc
756 2286 850 2325 ipso
874 2272 916 2309 in
938 2274 1036 2310 loco
1060 2271 1211 2311 Bouvusd
1233 2271 1353 2309 audis
1385 2280 1625 2311 monentem
1655 2273 1741 2326 legi

275 2331 321 2369 in
341 2331 465 2369 Flor.
463 2328 539 2370 ἐπὶ
557 2329 625 2369 καὶ
650 2329 767 2380 ῥῆμα.
830 2327 954 2367 Certe
978 2329 1039 2366 sic
1063 2329 1107 2366 in
1132 2329 1178 2366 P.
1200 2328 1283 2382 legi
1307 2336 1517 2366 testantur
1539 2338 1740 2380 excerpta

270 2387 486 2435 Perizonii,
530 2393 573 2423 et
604 2384 664 2422 ita
699 2385 744 2422 in
772 2383 977 2449 impresso
1003 2384 1066 2424 Fl.
1099 2385 1151 2423 In
1169 2385 1234 2424 M.
1263 2384 1414 2432 etiam,
1448 2383 1558 2423 sed
1546 2398 1588 2421 in
1611 2384 1739 2423 litura

271 2456 348 2494 pro
369 2442 631 2495 ἔπακαιρίμα,
673 2439 788 2494 quod
809 2441 871 2478 ibi
897 2441 1015 2494 prius
1036 2450 1135 2482 erat.
1195 2442 1311 2480 Haec
1335 2449 1474 2479 autem
1497 2439 1619 2479 verba
1641 2450 1741 2478 sunt

274 2499 348 2551 qui
382 2513 439 2537 ex
471 2496 669 2551 Aeschylo
699 2495 888 2536 desumta
923 2508 1134 2546 asserant,
1184 2497 1473 2557 Platonemque
1504 2498 1740 2536 sententiae

272 2563 485 2593 auctorem
516 2554 736 2607 assignent
767 2552 817 2593 de
842 2554 949 2607 Rep.
986 2554 1109 2593 VIII.
1144 2569 1184 2607 p.
1208 2558 1303 2596 499.
1331 2554 1390 2590 Ι).
1451 2550 1529 2588 Sed
1555 2550 1736 2592 frustra:

272 2608 334 2646 ibi
360 2610 472 2647 enim
494 2612 621 2664 longe
643 2610 767 2648 aliter
787 2609 975 2650 effertur.
1008 2610 1075 2647 En
1099 2609 1226 2649 verba
1244 2609 1446 2649 Platonis,-
1478 2622 1632 2647 ουκουν
1651 2604 1735 2649 κατ’

272 2666 546 2716 Αῖ’σχυλον,’
531 2668 632 2718 ἔφη,
662 2667 848 2717 ἐροῦμεν,
882 2664 926 2714 ό,
941 2684 977 2707 τι
998 2671 1074 2707 νῦν
1104 2659 1206 2718 ηλθ’
1228 2667 1293 2706 ἐπὶ
1320 2663 1465 2716 στόμας
1496 2661 1639 2701 laudat
1667 2675 1737 2703 et-

271 2721 352 2760 iam
376 2720 652 2760 Plut.eode1n
680 2722 829 2773 modo,
864 2737 949 2777 quo
971 2722 1114 2772 Plato,
1150 2731 1193 2761 et
1223 2720 1274 2760 ad
1297 2719 1476 2759 eundem
1499 2720 1736 2774 Aesclzjlum
