1834 3188
1380 207 1482 259 305

90 337 158 372 τες
175 321 220 366 δέ
237 335 332 365 ποτε
362 318 512 375 αὐτὴν,
542 319 611 364 καὶ
639 317 922 370 ἒςπλεύσαντες
936 320 986 374 ¹)
1015 320 1058 369 ἐς
1078 317 1150 362 τόν
1167 315 1332 364 “Ί’πνον
1348 321 1394 373 5)
1426 326 1528 377 λι-Ῑ)ί
1543 337 1620 372 128,

88 391 191 445 μένα
208 387 611 446 προςαγορευόμενον
632 390 806 442 πλησίον
824 392 905 431 τοῖν
921 392 1059 431 πυλῶν
1079 391 1162 430 τῶν
1185 388 1480 443 ἐλεφαντίνων,

88 453 120 514 ᾗ
148 455 195 501 τό
221 462 297 502 τοῦ
317 453 601 514 Ἀλεκτρυόνος
632 454 741 512 ίερόν
761 457 866 508 ἔστι,
904 456 996 514 περὶ
1016 457 1147 510 δείλην
1164 452 1292 510 ὀψίαν
1309 455 1479 512 ἀπεβαί-

87 539 238 581 νομεν·
268 522 542 583 παρελθόντες
560 522 603 568 δ’
628 525 671 573 Ζ)
702 525 745 575 ἔς
763 523 837 579 τὴν
861 522 978 569 πόλιν
997 526 1060 577 a),
1090 524 1262 576 πολλοὺς
1291 523 1478 583 ὀνείρους

86 595 157 637 καὶ
175 596 388 643 ποικίλους
408 593 605 648 ἑωρῶμεν.
636 597 798 649 πρῶτον
819 592 863 637 δὲ
880 592 1081 648 βούλομαι
1107 594 1199 649 περὶ
1225 599 1298 649 τῆς
1321 591 1478 647 πόλεως

87 663 212 706 εἰπεῖν
222 691 235 712 ,
265 663 348 707 ἐπεὶ
364 660 464 717 μηδ’
479 657 530 715 b)
562 659 667 719 ὂὲλλῳ
683 662 760 704 τινὶ
777 662 992 717 γέγραπται
1008 663 1101 718 περὶ
1120 657 1266 717 αὐτῆς·
1296 660 1343 713 ὃς
1359 662 1404 719 c)
1433 664 1477 708 δὲ

86 732 157 775 καὶ
182 729 312 786 μόνος
329 728 784 786 ἐπεμνήσθη“ομηρος,
825 726 875 774 οὗ
898 727 1009 773 πάνυ
1031 727 1209 785 ἀκριβῶς
1229 731 1472 787 συνέγραψε.

85 799 236 857 Κύκλῳ
252 799 324 854 μὲν
343 799 439 855 περὶ
457 802 594 841 πᾶσαν
614 795 744 853 αὐτὴν
759 798 837 854 ’ἷίλη
859 796 1070 852 ἀνέστηκε,
1102 797 1150 840 τὰ
1169 800 1313 853 δένδρα
1333 796 1376 842 δ’
1400 801 1479 844 ἐστὶ

81 867 270 924 μήκωνες
285 863 462 921 ὑψηλαὶ,
492 866 561 910 καὶ
592 864 892 923 μανδραγόραι,
922 866 990 909 καὶ
1008 863 1074 909 ἐπ’
1099 863 1233 910 αὐτῶν
1251 864 1357 910 πολύ
1377 884 1414 910 τι
1433 865 1479 923 d)

82 941 247 991 πλῆθος
262 937 525 991 νυκτερίδων·
554 938 676 977 τοῦτο
703 930 780 990 γὰρ
796 932 928 989 μόνον
948 936 992 979 ἕν
1011 939 1061 992 τῇ
1079 932 1191 988 νήσῳ
1212 937 1390 991 γίγνεται
1407 935 1478 992 ὅρ-

80 1022 189 1049 νεον.
229 1001 410 1059 ποταμὸς
431 1002 475 1046 δὲ
492 1003 713 1059 παραῤῥέει
737 1004 932 1057 πλησίον,
965 999 987 1046 ὁ
1005 999 1078 1046 ὕπ’
1099 999 1235 1046 αὐτῶν
1253 1006 1292 1055 e)
1320 1003 1478 1048 καλού-

77 1090 203 1128 μενος
228 1070 514 1128 Νυκτιπόρος,
557 1072 626 1115 καὶ
643 1072 769 1127 πηγαὶ
785 1070 858 1116 δύο
877 1071 986 1128 παρὰ
1011 1067 1049 1123 f)
1082 1078 1171 1122 ταῖς
1190 1069 1354 1122 πύλαις·
1384 1070 1477 1117 ὀνό-

79 1157 186 1196 ματα
204 1142 273 1184 καὶ
288 1140 472 1191 ταύταις,
503 1145 553 1197 τῇ
569 1139 640 1194 μὲν
662 1137 875 1196 Νήγρετος
896 1142 960 1192 g),
991 1143 1042 1196 τῇ
1063 1140 1105 1183 δὲ
1128 1143 1361 1195 Παννυχία·
1390 1138 1413 1184 ὁ
1432 1143 1476 1186 δὲ

77 1210 297 1264 περίβολος
320 1213 394 1262 τῆς
428 1205 604 1259 πόλεως,
653 1205 814 1262 ὑψηλός
842 1225 885 1251 τε
904 1210 971 1251 καὶ
998 1210 1205 1260 ποικίλος,
1242 1206 1370 1264 Ἴριδι
1397 1207 1474 1264 τὴν

75 1275 221 1333 χροιὰν
241 1273 291 1325 ιι)
321 1274 578 1332 ὁμοιότατος·
607 1273 732 1320 πύλαι
757 1276 892 1332 μέντοι
917 1278 1095 1328 ἔπεισιν,
1127 1272 1177 1320 οὗ
1203 1274 1306 1330 δυό,
1335 1274 1473 1321 καθά-ε

435 219 601 254 VERAE
638 217 911 253 HISTORIAE
946 219 1041 254 Lm.
1081 220 1133 253 11.

1502 809 1557 851 33

120 1405 169 1450 x)
194 1402 567 1447 ἐςπλεῦσαντες]
591 1400 859 1448 ,,ε’πλεύσαντες
885 1405 917 1441 J.
965 1404 1074 1438 Prius
1100 1413 1187 1437 vero
1216 1403 1271 1438 Fl.
1291 1404 1340 1439 H.
1359 1404 1474 1440 Par.“

169 1451 220 1496 y)
238 1446 330 1485 ''Yn
342 1463 363 1486 ν
374 1462 394 1486 ο
405 1451 453 1494 ν]
479 1447 654 1492 ,ζ’Τπνου
667 1451 820 1485 Vorst.“
843 1451 1052 1486 Nonmale.
1108 1455 1148 1490 z)
1172 1444 1238 1493 δ’]
1264 1448 1305 1486 δὲ
1316 1451 1367 1490 εἰς
1377 1451 1471 1494 Aug.

169 1497 218 1540 a)
240 1493 401 1542 πόλιν]
428 1493 598 1541 ,,πυ’λην]
625 1498 682 1530 Ita
700 1496 794 1533 Edd.
812 1508 903 1543 quas
923 1497 1020 1538 vidi,
1048 1497 1221 1530 omnes.“
1254 1496 1326 1531 Sed
1344 1493 1471 1540 πόλιν,

166 1542 270 1588 quod
295 1543 417 1577 Solan.
444 1544 679 1585 conjecerat,
705 1553 807 1587 2954.
834 1554 938 1588 3011.
959 1544 1055 1588 Aug.
1075 1541 1154 1575 Bel.
1178 1542 1294 1576 Schm.
1352 1540 1402 1585 b)
1428 1540 1473 1576 ε’-

165 1587 246 1624 πεὶ
267 1589 387 1634 μηδ]
422 1587 500 1624 ἐπεὶ
524 1586 565 1623 δὲ
586 1586 681 1634 μηδὲ
699 1599 808 1632 50²¹·
887 1589 932 1631 c)
958 1583 1034 1632 ὃς]
1059 1590 1145 1632 „An
1165 1582 1229 1633 ἧς,-
1255 1585 1374 1621 Ρεῖῑ.“
1419 1587 1470 1621 At

164 1641 352 1680 pugnaret
369 1635 442 1669 hoc
465 1646 552 1668 cum
567 1634 738 1679 legitimo
755 1633 959 1665 verborum
976 1645 1084 1664 nexu.
1135 1633 1184 1675 d)
1209 1635 1279 1674 τι]
1304 1644 1344 1667 τε
1364 1641 1469 1678 2954..

163 1692 292 1726 prave.
341 1684 384 1723 e)
419 1677 440 1717 ὁ
463 1677 542 1716 ὑπ’
566 1678 752 1720 αὐτῶν]
778 1675 989 1710 Articulum
1016 1676 1130 1720 vulgo
1159 1679 1340 1712 omissum
1356 1679 1469 1712 resti-

163 1727 224 1760 tui
241 1737 261 1760 e
282 1726 401 1760 Codd.
425 1737 527 1770 2954.
541 1736 645 1768 5011.
664 1723 772 1759 Gorl.
793 1723 889 1766 Aug.
906 1732 1136 1767 quamquam
1154 1734 1223 1756 nec
1241 1725 1340 1758 male
1357 1725 1472 1758 omit-

163 1771 198 1805 ti
223 1778 381 1814 poterat.
429 1772 468 1814 f)
494 1767 647 1815 παρὰ]
672 1769 763 1812 „Sic
781 1768 836 1802 Pl.
854 1769 886 1801 J.
921 1768 1070 1813 Reliqq.
1093 1770 1219 1813 περί.“

163 1813 286 1856 πύλας
307 1817 405 1849 male
435 1829 537 1859 2954.
559 1822 595 1850 et
610 1827 714 1861 5011.
778 1816 826 1859 g)
853 1810 1124 1859 Νήγρετος]
1154 1813 1346 1861 Νήγερτος
1365 1826 1470 1862 2954..

162 1863 215 1907 h)
241 1861 443 1909 χροιάν]
466 1861 584 1922 ἔροιὶν
615 1872 718 1908 2954.
738 1872 843 1907 5011.
875 1860 983 1896 Gorl.
1007 1863 1100 1907 Aug.
1121 1862 1199 1897 Bel.
1228 1864 1347 1900 Schm.
1393 1862 1469 1899 Sed

1270 1768 1384 1816 Παρά
1401 1770 1471 1811 τοὶς

796 1971 927 2011 silva:
982 1968 1152 2009 arbores
1191 1969 1238 2009 in
1279 1983 1329 2009 ea
1364 1978 1467 2010 sunt

795 2039 970 2080 procera
995 2040 1230 2079 papavera,
1262 2036 1306 2066 et
1336 2041 1466 2065 man-

796 2084 1024 2138 dragorae,
1054 2093 1180 2137 atque
1200 2083 1245 2122 in
1269 2083 1357 2122 illis
1376 2097 1465 2123 ma·

73 1985 285 2025 meremus,
302 1971 464 2012 invecti
481 1971 528 2011 in
548 1981 736 2027 portum,

72 2030 153 2084 qui
172 2031 358 2082 Hypnus
384 2028 613 2082 [Somnus]
631 2028 739 2068 dici-

73 2095 169 2136 tur,
198 2099 333 2138 prope
353 2095 497 2138 portas
514 2085 736 2132 eburneas,

71 2141 150 2180 ubi
173 2141 445 2193 Alectryonis
471 2141 615 2194 [Galli
639 2141 736 2182 Gal.

72 2197 244 2249 linacei]
262 2211 424 2236 sacrum
444 2207 519 2247 est,
533 2212 624 2240 sero
648 2212 733 2238 cre-

70 2256 255 2308 pusculo
280 2252 598 2303 descendimus,
631 2269 736 2308 pro-

74 2310 292 2364 gressique
322 2309 432 2347 intra
462 2319 625 2362 portam
664 2309 736 2364 (in

71 2366 235 2416 urbem)
255 2366 418 2405 somnia
444 2369 576 2405 multa
591 2368 735 2405 varia-

72 2436 157 2476 que
176 2423 371 2462 vidimus.
432 2423 574 2462 Primo
593 2432 733 2461 autem

72 2478 127 2518 de
158 2479 262 2519 urbe
291 2478 452 2529 dicam,
492 2494 586 2518 cum
609 2493 732 2518 nemo

72 2533 307 2589 quidquam
334 2534 385 2576 ‹le
414 2551 460 2576 ea
489 2535 733 2589 scripserit;

72 2590 148 2643 qui
169 2601 309 2632 autem
330 2596 448 2632 solus
470 2593 730 2632 mentionem

73 2644 192 2686 illius
216 2648 342 2700 fecit,
373 2649 608 2698 Homerus,
641 2662 729 2687 non

73 2703 175 2740 satis
196 2705 412 2758 scripserit
435 2716 644 2746 accurate.
675 2705 728 2744 In

72 2756 234 2797 ambitu
269 2761 403 2800 totius
444 2763 607 2803 insulae
645 2770 729 2801 stat

115 2827 263 2860 Lucian.
291 2828 371 2861 Vol.
395 2830 460 2861 IV.

794 2155 878 2195 gna
898 2140 962 2178 vis
981 2140 1332 2193 vespertilionum
1348 2154 1361 2180 ε
1392 2154 1461 2179 so-

792 2201 833 2237 la
867 2196 972 2236 haec
1007 2196 1052 2235 in
1088 2196 1228 2235 insula
1250 2196 1341 2235 avis
1364 2209 1460 2234 nas-

793 2253 916 2294 citur.
977 2252 1157 2290 Fluvius
1183 2267 1235 2291 ex
1271 2251 1459 2304 propin-

793 2324 878 2363 quo
902 2310 1040 2358 alluit,
1056 2308 1323 2360 Nyctiporus
1346 2307 1458 2360 [No-

792 2365 1000 2417 clivagus]
1024 2365 1075 2402 ab
1103 2364 1188 2402 illis
1219 2363 1380 2402 dictus:
1413 2372 1457 2403 et

792 2422 935 2460 fontes
952 2420 1037 2458 duo
1057 2420 1168 2458 circa
1187 2429 1355 2473 portas:
1378 2434 1456 2459 no-

793 2477 906 2514 mina
926 2476 993 2514 his
1014 2490 1184 2529 quoquc
1199 2506 1209 2520 .
1240 2475 1454 2529 Negretos

791 2531 1150 2586 [Inexperreceus]
1187 2541 1231 2571 et
1272 2533 1453 2584 Panny—

789 2588 884 2628 chia.
908 2589 1143 2641 [Pet-nox}
1192 2588 1358 2628 Vallum
1384 2603 1454 2627 ur-

788 2644 853 2684 bis
885 2648 1018 2684 altum
1052 2653 1181 2698 atque
1209 2643 1452 2684 diversico—

786 2704 865 2751 lor,
898 2700 1005 2740 Iridi
1024 2700 1300 2740 simillimum.
1347 2701 1450 2740 Por-

788 2768 854 2799 tae
887 2760 977 2812 ejus
1000 2767 1099 2798 sunt
1126 2771 1213 2796 non
1236 2756 1366 2809 duae,
1400 2766 1449 2796 ut

1135 2814 1174 2853 V
