1834 3188
363 176 603 209 ch'rHA
637 177 743 209 sEu
783 176 1027 208 HOSPES.

10 283 82 321 λον
103 277 226 320 ἅπασι
244 279 373 320 ποιῶν
393 273 464 317 τὸν
482 272 738 331 Ἀνάχαρσιν,
768 276 835 316 καὶ
854 273 1067 330 προςάγων
1086 274 1172 322 τοῖς
1182 269 1389 327 Ἑλλήνων
1400 299 1437 332 p.
1451 285 1532 332 867.

1286 159 1387 209 159

8 352 171 396 καλοῖς,
202 348 270 387 καὶ
296 342 427 386 πάντα
459 343 610 397 τρόπον
643 344 973 398 ἐπιμελούμενος,
1006 340 1114 391 ὅπως
1133 340 1275 394 ἥδιστα
1296 345 1391 383 δια-

9 417 133 468 τρίψῃ
157 416 204 467 ¹)
237 416 279 456 ἐν
301 418 350 469 τῇ
375 410 558 454 Ἑλλάδι·
590 409 611 454 ὁ
640 413 700 463 δὲ,
740 408 926 464 τεθηπώς
955 409 1029 463 τὴν
1059 414 1208 463 σοφίαν
1240 407 1392 459 αὐτοῦ,

9 485 77 525 καὶ
103 483 201 537 μηδὲ
228 480 299 524 τὸν
332 483 465 534 ε’τερον
494 480 599 523 πόδα
628 479 729 522 ἓκών
760 479 932 528 εἶναιῩ)
973 476 1299 533 αττολειπόμενος.
1340 498 1394 529 ως

12 556 114 607 γοῦν
134 548 322 604 ὗπὲσγετο
345 546 454 607 αὐτῷ
479 546 499 591 ὅ
518 547 681 603 Τόξαρις
703 552 748 599 Ζ)
779 550 816 598 ἐξ
835 546 926 596 ἒνὸς
944 543 1090 602 ἀνδρὸς
1108 566 1177 590 του
1163 547 1393 600 Σόλωνος,

12 618 169 661 ἅπαντα
192 620 291 673 ε’γνω
321 619 362 660 ἐν
384 614 541 670 (ικαρεῖ,
572 619 641 658 καὶ
666 623 791 658 πᾶσιν
822 616 872 668 ἠν
901 614 1123 670 γνώριμος,
1157 635 1222 659 και
1239 635 1440 671 ετιματοῑ)
1455 623 1537 664 868.

12 686 66 731 δι’
92 690 260 730 ἐκεῖνον.

301 704 348 728 ου
380 704 455 741 γαρ
486 684 628 739 μικρὸν
657 702 709 736 ην
734 682 874 725 Σόλων
903 686 1102 735 ἒπαινων,
1135 682 1224 727 ἀλλ’
1260 689 1300 728 οἷ
1325 684 1397 728 ἅν·-

10 763 174 808 θρωποι
194 756 260 796 καὶ
277 759 394 797 τοῦτο
415 756 484 804 a),
520 752 572 802 ὥς
594 754 812 808 νομοθέτῃ,
835 753 1057 803 ἐπείθοντο,
1077 756 1144 795 καὶ
1165 755 1331 806 ἐφίλουν
1347 750 1394 811 b)

13 823 87 874 οὓς
117 827 267 872 ἐκεῖνος
297 820 502 875 δοκιμάζοι
524 824 588 876 ⁰),
620 823 684 863 καὶ
713 823 922 862 ἐπίστευον
953 816 1144 875 ἆρίστους
1169 823 1318 875 ἄνδρας
1335 822 1396 865 εἷ·-

10 911 79 936 ναι
97 888 159 946 d).

207 890 254 932 τὰ
278 896 478 932 τελευταῖοι
493 891 560 932 καὶ
588 887 751 942 ἐμυήθη
771 887 895 942 μόνος
915 888 1128 944 βαρβάρων
1146 886 1394 945 Ἀνάχαρσις,

10 962 284 1014 δημοποίητος
312 956 549 1012 γενόμενος,
584 960 619 999 εἰ
646 957 719 1012 χρὴ
756 958 930 1010 Θεοξένῳ
960 957 1160 999 πιστεύειν
1189 960 1255 1000 καὶ
1279 965 1395 1001 τοῦτο

10 1032 236 1084 ἱστοροῦντι
260 1028 350 1082 περὶ
383 1022 523 1068 αὐτοῦ.
561 1027 630 1068 καὶ
661 1023 736 1068 οὐκ
763 1024 813 1067 ἂν
842 1023 935 1067 οὐδὲ
957 1028 1003 1075 ²)
1035 1025 1299 1082 ἀνέστρεψεν,
1333 1026 1396 1070 οἶ-

59 1144 105 1188 x)
133 1140 394 1186 διατρίψῃ]
419 1140 508 1182 „Sic
526 1141 568 1175 L.
585 1139 677 1172 item
698 1140 816 1171 lore!
839 1150 881 1171 ac
906 1139 972 1171 Gr.
1008 1140 1052 1172 In
1069 1141 1129 1177 W
1146 1141 1292 1175 videtur
1309 1143 1401 1177 fuis-

107 1200 144 1221 se
164 1187 356 1232 διατρίψῃ

406 1187 477 1219 Sed
499 1187 571 1219 alia
590 1196 720 1218 manus
751 1186 812 1218 δια
807 1197 882 1227 πρε
875 1184 939 1230 ἕψῃ
963 1186 1062 1219 fecit.

1109 1187 1240 1231 διαπρ
1233 1196 1297 1234 ψῃ
1318 1202 1400 1223 cor-

107 1241 219 1278 rupte
248 1234 361 1266 etiam
384 1233 477 1265 Edd.
498 1241 651 1264 omnes.
643 1235 666 1251 ⁶
714 1235 855 1276 Διαπρι
851 1240 941 1274 ψειε
964 1244 1063 1275 29⁵4-
1091 1235 1189 1266 unde
1209 1235 1398 1279 conjicias,

105 1283 305 1313 Lat-mnam
331 1280 402 1311 scri
411 1291 447 1320 ns
452 1279 522 1311 isse
565 1278 779 1320 διατρίψειε.

112 1328 162 1358 GC
166 1340 216 1360 ᾸΗ.

109 1377 239 1413 eunte,
268 1373 371 1403 Reiz!

852 1282 898 1321 y)
940 1277 1092 1323 εἶναι]
1129 1279 1271 1315 ἐκείνου
1301 1285 1400 1324 conj.

288 1324 326 1367 z)
358 1305 587 1368 Τόξαρις]
615 1325 788 1366 Comma,
818 1324 951 1368 qnod
962 1325 1081 1356 {Idan
1110 1335 1267 1372 utraque
1296 1339 1403 1372 prae-

378 1397 382 1403 .
406 1378 441 1403 et
461 1377 615 1403 recentt.
639 1376 719 1413 post
740 1369 916 1408 Σόλωνος
935 1378 1157 1414 posuerant,
1182 1384 1224 1417 eg
1230 1385 1249 1406 ο
1271 1374 1315 1406 ad
1337 1387 1402 1408 no-

110 1430 198 1451 men
227 1397 384 1460 ''l'dgafflg
410 1416 554 1458 reduxi,
589 1417 851 1460 praeeuntibus
879 1418 921 1448 B.
947 1429 975 1449 1.
1010 1423 1044 1448 et
1072 1429 1102 1457 3.

109 1464 382 1521 expiicationis
389 1462 570 1504 juvandae
593 1473 732 1494 caussa.

1134 1419 1401 1453 commodioris

795 1464 836 1503 a)
865 1461 944 1496 καὶ
967 1463 1167 1506 τοῦτο]
1174 1464 1321 1511 Τούτῳ
1343 1478 1403 1499 so-

108 1510 191 1543 lum
222 1521 301 1542 Slile
325 1509 386 1543 καὶ
415 1510 456 1542 B.
479 1520 510 1541 2.
542 1509 653 1551 (εἰς)
669 1511 679 1549 )
731 1509 801 1541 Sed
830 1509 1016 1566 νιιῙὲὶὶῆιιι
1048 1501 1200 1543 tuentur
1227 1513 1256 1545 J.
1280 1512 1331 1545 ΡΙ.
1355 1514 1401 1546 H.

109 1558 193 1590 Par.
225 1561 260 1589 et
287 1557 341 1588 M.
370 1554 432 1589 καὶ
459 1552 580 1601 τούτῳ
607 1556 647 1586 L.
654 1554 678 1572 “

109 1616 172 1638 και
190 1601 344 1645 ἐφίλουν
365 1603 406 1636 B.
428 1613 458 1634 2.

749 1554 798 1597 b)
835 1556 914 1588 καὶ
940 1552 1169 1597 εφίλουν]
1194 1556 1400 1603 ,,ε’φίλουν]

507 1590 578 1633 Sed
605 1601 708 1633 abest
725 1601 788 1634 και
812 1612 831 1632 a
856 1601 1007 1645 reliquis
1029 1607 1063 1633 et
1085 1604 1154 1635 M.
1147 1605 1170 1621 ‘
1216 1605 1406 1638 Revocavi

70 1671 75 1672 ν
112 1650 310 1692 copulam,
338 1659 448 1692 quam
477 1647 589 1680 etiam
609 1648 650 1679 B.
671 1657 703 1688 3.
726 1647 906 1690 servavit,
935 1658 1101 1692 quaeque
1131 1660 1203 1680 non
1226 1651 1319 1683 bene
1335 1651 1408 1683 ab·-

116 1706 193 1727 eSSe
211 1702 366 1739 poterat.

111 1748 196 1776 nte.

115 1787 161 1819 ab
188 1786 281 1819 Edd.

113 1832 174 1866 Sic
192 1839 228 1865 et
246 1834 286 1867 A.
309 1843 341 1866 2.

24 1928 204 1971 amicum
245 1927 442 1967 omnibus
476 1926 690 1965 concilia-

23 1996 89 2026 ret
126 1985 422 2034 Anacharsim,
483 1993 523 2022 et
564 1983 688 2022 bonis

27 2057 120 2082 eum
148 2042 403 2081 Graecorum
429 2039 686 2086 admoveret,

28 2099 144 2138 omni
182 2099 346 2136 ratione
384 2111 558 2145 curans,
622 2097 688 2134 uti

28 2169 153 2209 quam
176 2154 422 2192 suavissime
444 2155 487 2190 in
510 2153 687 2192 Graecia

27 2221 206 2251 aetatem
233 2219 393 2263 ageret:
437 2213 540 2247 alter
562 2224 687 2258 vem,

27 2267 306 2312 Anacharsis,
341 2265 590 2316 sapientiam
611 2265 688 2302 hu-

27 2326 95 2379 jus
124 2322 425 2368 admiraretur,
460 2335 535 2358 nec
558 2324 688 2358 latum

28 2378 177 2433 pedem
202 2379 251 2417 ab
274 2380 348 2416 illo
372 2392 443 2414 sua
470 2380 691 2415 voluntate

30 2435 278 2474 discederet.
354 2434 413 2472 Ut
446 2433 556 2471 enim
591 2446 692 2484 pro-

30 2493 199 2531 miserat
222 2492 286 2529 illi
305 2491 498 2538 Toxaris,
532 2504 580 2527 ex
607 2502 692 2526 uno

32 2547 128 2586 viro
186 2548 369 2596 Solone,
441 2545 692 2583 *nevissimo

34 2612 221 2656 tempore
243 2616 495 2658 cognoscet)
486 2613 523 2639 at
539 2601 692 2650 omnia,

34 2668 78 2698 et
130 2659 423 2700 innotescebat
474 2656 691 2707 omnibus,

31 2723 76 2756 et
98 2713 145 2756 in
164 2714 327 2757 honore
345 2714 460 2770 apud
480 2727 624 2756 omnes
649 2727 690 2754 e·

426 1694 476 1737 c)
504 1692 788 1737 δοκιμάζοι]
817 1692 1006 1737 ἐδοκίμαζε
1030 1696 1406 1746 ccnj.Bel1n.impe-

270 1740 316 1782 d)
344 1738 490 1783 εἶναι]
519 1742 734 1782 „Punctum
763 1747 848 1784 post
866 1739 959 1775 εἶναι
979 1747 1032 1772 est
1050 1740 1087 1772 in
1108 1742 1165 1774 W.

330 1787 485 1819 Comma
513 1791 568 1818 est
594 1786 636 1818 in
657 1787 711 1819 ΡΙ.
716 1787 741 1804 “

1187 1742 1287 1786 quod
1304 1743 1408 1776 abest

814 1791 856 1829 e)
893 1784 1032 1828 οὐδε]
1058 1782 1198 1830 ,,ου’ὁεν
1218 1790 1249 1824 J.
1271 1789 1381 1824 male
1386 1791 1409 1809 ‘⁶

746 1937 824 1966 rat.
895 1927 1046 1983 Neque
1089 1929 1200 1968 enim
1233 1946 1408 1984 parvum

749 1984 951 2038 quiddam
992 1995 1080 2023 erat
1119 1987 1298 2026 laudans
1328 1988 1411 2026 So-

748 2045 846 2088 lon;
881 2041 953 2080 sed
973 2041 1164 2082 homines
1183 2043 1261 2082 hac
1283 2044 1410 2083 etiam

747 2098 792 2135 in
815 2113 858 2137 re
887 2098 975 2147 illi,
1008 2109 1208 2152 tanquam
1232 2101 1414 2154 legisla-

747 2155 858 2201 tori,
893 2154 1261 2208 obsequebantur,
1297 2172 1414 2195 ama-

746 2211 988 2266 bantqueq
998 2226 1056 2250 os
1088 2213 1158 2251 ille
1190 2213 1410 2264 probaret,

749 2277 789 2306 et
814 2269 927 2306 viros
950 2271 1133 2320 optimos
1157 2283 1242 2308 esse
1271 2267 1411 2307 crede-

749 2323 864 2361 bant.
913 2325 1115 2376 Denique
1138 2325 1186 2362 ad
1211 2323 1411 2376 mysteria

751 2379 877 2416 etiam
898 2379 1101 2417 admissus
1119 2390 1180 2418 est
1200 2380 1413 2417 Anachar-

751 2435 821 2481 sis,
855 2439 968 2473 solus
993 2436 1274 2484 barbarorum,
1309 2435 1413 2473 civi-

753 2491 850 2527 tatis
886 2501 981 2529 ante
1011 2495 1101 2542 jure
1137 2491 1341 2541 donatus,
1376 2490 1412 2529 si

754 2545 854 2584 fides
875 2546 1065 2584 habenda
1087 2548 1414 2597 estTheoxeno,

753 2600 834 2639 hoc
864 2602 988 2640 etiam
1017 2603 1066 2641 de
1102 2605 1175 2642 illo
1213 2604 1415 2643 narranti.

751 2659 808 2695 Et
838 2673 889 2697 ne
920 2659 1134 2698 rediturus
1178 2671 1287 2710 erat,
1331 2674 1416 2712 pu-

749 2722 820 2765 to,
854 2714 899 2753 in
934 2715 1182 2770 Scythiam,
1214 2717 1298 2756 nisi
1330 2716 1417 2756 So·-
