1834 3188
370 212 690 244 HERMOTIMUS
710 210 830 243 ‘SIVE
865 208 931 239 DE
967 209 1136 240 SECTIS.

1378 195 1444 242 73

68 308 165 353 ἆλλοὲ
187 310 460 367 περιέγραψαν
485 309 536 365 μὴ
565 311 687 354 πλείω
714 313 857 364 βιῶναι
885 304 929 349 τό
955 302 1144 360 μήκιστον
1171 307 1268 349 ἐτῶν
1288 304 1443 357 ἑκατὸν,
1459 319 1588 354 Ρ-792·

67 379 292 433 ἄνθρωπον
315 377 434 422 ὄντα·
463 379 536 435 ἐγώ
567 381 608 423 δὲ
637 375 730 434 μετὰ
760 379 837 418 ’σοῦ
868 373 1153 429 σκεπτόμενος,
1184 370 1305 431 εὗρον
1332 373 1375 417 τὸ
1406 376 1449 418 ἐκ

64 444 139 490 τοῦ
158 446 280 502 λόγου
302 446 478 502 ἀποβάν.

180 520 318 557 ΕΡΜ.
355 514 461 566 Οὔκ,
507 512 592 558 ἄλλ’
619 511 808 570 ὖβριστής
840 509 900 555 ἀεὶ
935 510 1006 564 σῦ,
1037 513 1106 554 καὶ
1137 510 1211 555 οὐκ
1241 509 1320 554 οἷδ’
1357 510 1449 562 ὅ,τι

68 581 236 635 παθών,
271 591 397 637 μισεῖς
421 586 692 638 φιλοσοφίαν,
722 583 791 624 καὶ
825 583 864 631 ἐς
884 580 978 632 τούς
1007 584 1334 637 φιλοσοφοῦντας
1353 576 1451 624 oino-

69 653 276 702 σκώπτεις.

183 726 316 763 ΛΤΚ.
340 715 401 762 ς,Ω
425 717 655 773 Ἑρμότιμε,
692 716 778 772 ἥτις
810 719 882 774 μὲν
914 716 942 772 ἦ
971 716 1140 772 ἀλήθειά
1174 719 1301 771 ἐστιν,
1342 715 1456 773 ’ὖμεΐς

70 786 124 830 ἂν
153 784 384 842 ἅμεινονὴ)
421 790 567 830 εἴποιτε
595 790 636 829 οῖ
667 789 811 840 σοφοὶ,
861 784 908 828 σύ
939 805 1005 838 τε,
1048 789 1116 829 καὶ
1150 783 1170 828 ὅ
1203 785 1455 837 διδάσκαλος.

73 854 149 912 ἐγώ
170 858 235 907 δὲ,
265 854 309 898 τό
337 875 379 912 γε
409 861 599 905 τοςοῦτον
627 854 737 906 οἶδα,
780 853 834 904 ὥς
865 853 913 897 οὗ
941 854 1048 896 πάνυ
1075 851 1189 907 ἡδεῖά
1223 857 1326 897 ἐστιν
1355 852 1457 910 αὐτὴ

1476 510 1528 553 51

71 932 156 974 τοῖς
176 924 420 975 ἀκούουσιν,
452 922 548 965 ἄλλα
569 928 916 978 παρευδοκιμεῖται
938 920 1018 965 im}
1039 928 1113 965 τοῦ
1131 922 1315 975 ψεύδους
1332 941 1457 977 παρα-

71 993 191 1036 πολύ.
226 990 581 1048 εὕπροςωπότερον
610 992 685 1048 γὰρ
705 995 848 1044 ἐκεῖνο,
880 994 947 1034 καὶ
973 992 1040 1035 διοὶ
1074 997 1216 1043 τοῦτο,
1254 991 1388 1045 ἥδιον.
1428 989 1458 1045 ἦ

71 1063 136 1113 δὲ,
171 1060 236 1104 ὅτε
255 1062 378 1116 μηδὲν
400 1064 590 1116 κίβδηλον
608 1062 730 1116 ἑαυτῇ
747 1063 952 1103 συνειδυῖα
969 1093 980 1111 ,
1014 1060 1110 1115 μετὰ
1131 1062 1357 1114 παρᾇσίας
1377 1062 1462 1100 δια-

70 1131 219 1185 λέγεται
248 1136 331 1178 τοῖς
362 1128 623 1184 οἷνθρώποις,
655 1131 720 1171 καὶ
752 1129 818 1171 διὰ
847 1135 965 1172 τοῦτο
998 1130 1193 1184 ἄχθονται
1224 1124 1337 1183 αὐτῇ.
1367 1124 1461 1168 ἰδού

73 1200 118 1253 γέ
146 1216 208 1240 τοι
239 1200 307 1240 καὶ
337 1197 385 1240 σύ
413 1202 488 1240 νῦν
523 1196 628 1252 ἄχθῃ
657 1215 749 1250 μοι,
801 1196 972 1251 τάληθὲς
1003 1197 1202 1253 ἐξευρόντι
1235 1197 1326 1250 περὶ
1357 1193 1462 1237 τού-

75 1283 156 1308 των
187 1265 282 1320 μετὰ
313 1270 410 1316 σοῦ,
468 1267 533 1306 καὶ
561 1263 807 1318 δηλώσαντι,
857 1268 954 1307 οἴων
1007 1267 1156 1320 ἐρῶμεν
1200 1261 1274 1319 ἐγώ
1312 1281 1352 1305 τε
1397 1264 1464 1305 καὶ

73 1334 151 1386 σύ,
202 1332 256 1383 ὦς
285 1330 333 1376 οὗ
362 1332 470 1375 πάνυ
504 1336 674 1389 ῥᾳδίων·
717 1332 843 1388 ὥςπερ
875 1336 909 1375 εἰ
938 1329 1179 1388 ἀνδριάντος
1207 1334 1310 1386 ἐρῶν
1343 1329 1465 1387 ἐτύγ-

77 1420 221 1458 χανες,
263 1403 332 1443 καὶ
366 1401 448 1460 ᾤου
480 1400 706 1454 τεύξεσθαι,
752 1399 1053 1457 ὑπολαμβάνων
1084 1400 1309 1457 ἄνθρωπον
1340 1398 1465 1443 εἶναι·

123 1516 172 1558 1))
201 1512 260 1558 ἅμ
272 1527 342 1550 ειν
354 1516 429 1558 ον]
456 1515 562 1549 abest
579 1527 600 1548 a
621 1516 739 1552 Codd.
756 1516 889 1550 Pariss.
921 1514 1110 1560 Deinceps
1129 1514 1251 1550 εἴποτε
1271 1516 1389 1549 Reitz.
1410 1525 1469 1549 er-

169 1574 255 1596 rore
282 1573 500 1606 operarum,
529 1573 638 1607 quem
660 1569 819 1599 recentt.
840 1562 1099 1596 emendarunt.

83 1689 281 1732 nostrae,
318 1678 432 1734 quod
455 1689 496 1719 te
520 1694 607 1719 non
623 1711 635 1730 ‚
667 1679 747 1718 Ti..

87 1737 214 1776 thoni
253 1737 410 1786 instar,
464 1752 670 1775 annosum
708 1746 750 1776 et

88 1795 344 1846 longaevum
400 1795 617 1843 fecerunt,
679 1793 750 1831 sed

90 1850 534 1902 circumscripserunt,
575 1865 628 1888 ne
657 1853 752 1901 plus

91 1920 216 1959 quam
248 1917 417 1944 centum
442 1921 648 1944 summum
678 1921 756 1944 an-

90 1964 156 2001 nis
180 1963 295 2001 vivat
314 1963 610 2016 unusquisque
627 1992 637 2008 ‚
670 1962 755 2001 ho-

90 2034 160 2058 mo
188 2020 262 2071 qui
288 2020 355 2058 sit.
416 2021 473 2057 At
504 2033 581 2072 ego
615 2028 754 2057 tecum

92 2075 380 2126 considerans,
415 2075 539 2124 illud,
564 2075 676 2129 quod
700 2090 757 2114 ex

92 2131 336 2170 rationibus
405 2141 756 2186 consequeretur,

93 2202 257 2225 invenh

152 2243 292 2283 Ilm-m.
325 2243 440 2282 Non.
499 2244 580 2283 Sed
602 2254 759 2284 contu-

96 2300 298 2339 meliosus
337 2313 500 2352 semper
532 2301 661 2339 homo
694 2316 758 2351 es,

100 2366 168 2406 et,
200 2356 346 2394 nescio
372 2370 452 2408 qua
474 2357 604 2394 animi
630 2357 762 2396 affec-

100 2413 246 2461 tione,
281 2412 412 2451 odisti
440 2412 762 2465 philosophiam

102 2479 145 2508 et
165 2468 283 2508 vides
307 2468 442 2516 (rides)
464 2467 762 2521 philosophos.

160 2525 261 2579 Lyc.
277 2527 347 2563 Mi
362 2525 642 2571 Hermotime,
660 2538 768 2577 quae

105 2580 162 2619 sit
182 2581 353 2629 veritas,
368 2595 444 2620 vos
469 2582 580 2620 forte
601 2582 769 2630 melius,

109 2637 184 2688 qui
207 2638 417 2690 sapientes
448 2638 574 2684 estis,
609 2637 772 2675 dixeri-

110 2692 165 2730 tis
180 2723 191 2742 ,
223 2703 270 2731 tu
292 2704 333 2733 et
351 2704 448 2732 tuus
467 2694 538 2732 ille
559 2693 771 2747 magister.

108 2748 167 2786 At
197 2763 274 2803 ego
307 2759 471 2789 tantum
509 2750 613 2789 novi
641 2749 774 2803 equi-

807 1678 915 1730 dem,
947 1677 1221 1718 audientibus
1244 1679 1360 1718 illam
1381 1691 1472 1716 non

807 1737 1081 1775 vehementer
1130 1751 1301 1776 suavem
1356 1749 1470 1783 esse,

810 1793 881 1832 sed
922 1795 1101 1830 multum
1134 1794 1267 1847 gratia
1294 1807 1315 1830 a
1346 1806 1476 1829 men-

813 1849 935 1888 dacio
962 1851 1166 1901 superari.
1228 1848 1476 1901 Speciosius

814 1906 927 1945 enim
951 1905 1057 1955 hoc,
1090 1920 1222 1957 eaque
1245 1918 1390 1943 caussa
1413 1906 1478 1956 ju-

808 1962 1009 2017 ‘cundiua
1070 1962 1127 1999 At
1147 1962 1241 2011 illa,
1275 1975 1380 2015 quae
1398 1959 1480 1997 sci-

814 2020 916 2058 licet
953 2017 1066 2055 nihil
1100 2018 1182 2055 sibi
1212 2015 1480 2056 fraudulenti

817 2075 990 2114 conscia
1044 2074 1123 2124 sit,
1187 2089 1280 2113 cum
1323 2071 1482 2111 fiducia

818 2131 997 2185 quadam
1033 2130 1122 2184 agit
1157 2146 1251 2169 cum
1279 2128 1485 2167 homini-

818 2188 918 2239 bus,
971 2197 1013 2225 et
1057 2186 1108 2224 ob
1143 2187 1187 2225 id
1223 2188 1363 2239 ipsum
1395 2197 1486 2223 eam

814 2254 1063 2299 gravantur.
1135 2245 1289 2296 Itaque
1331 2250 1372 2280 et
1404 2245 1489 2291 jam

820 2312 868 2340 tu
902 2315 1016 2339 nunc
1056 2300 1244 2339 offensus
1278 2296 1386 2336 mibi
1417 2310 1484 2344 es,

824 2357 900 2410 qui
935 2371 1078 2396 verum
1118 2356 1236 2393 hisce
1270 2354 1320 2392 de
1363 2352 1488 2391 rebus

823 2423 962 2451 tecum
988 2411 1251 2462 invenerim,
1284 2418 1326 2448 et
1353 2408 1490 2447 decla·

823 2469 1019 2518 raverim‚
1036 2468 1180 2521 qualia
1204 2479 1388 2505 amemus
1410 2478 1489 2518 ego

828 2535 871 2563 et
904 2535 974 2574 tu,
1024 2538 1148 2577 quam
1192 2537 1278 2562 non
1312 2535 1490 2560 omnmo

829 2580 1001 2618 facilia:
1035 2583 1154 2619 velut
1181 2580 1217 2618 si
1242 2589 1422 2618 statuam
1446 2587 1494 2614 tu

830 2637 943 2675 forte
964 2636 1195 2675 adamasses
1213 2669 1222 2686 ‚
1255 2639 1431 2688 ejusque
1454 2643 1496 2672 te

831 2693 1024 2730 futurum
1058 2703 1295 2746 compotem
1324 2703 1497 2743 speras-

832 2761 919 2799 ses,
974 2748 1091 2803 quod
1120 2748 1335 2788 hominem
1365 2756 1497 2800 puta-
