<?xml version="1.0" encoding="UTF-8"?>
<!DOCTYPE html PUBLIC "-//W3C//DTD XHTML 1.0 Transitional//EN"
    "http://www.w3.org/TR/xhtml1/DTD/xhtml1-transitional.dtd">
<html xmlns="http://www.w3.org/1999/xhtml" xml:lang="en" lang="en">
 <head>
  <title>
</title>
<meta http-equiv="Content-Type" content="text/html;charset=utf-8" />
  <meta name='ocr-system' content='tesseract 3.04.00' />
  <meta name='ocr-capabilities' content='ocr_page ocr_carea ocr_par ocr_line ocrx_word'/>
</head>
<body>
  <div class='ocr_page' id='page_1' title='image "./operagraecaetlat04luciuoft_0648.png"; bbox 0 0 1834 3188; ppageno 0'>
   <div class='ocr_carea' id='block_1_1' title="bbox 243 199 1356 246">
    <p class='ocr_par' dir='ltr' id='par_1_1' title="bbox 243 199 1356 246">
     <span class='ocr_line' id='line_1_1' title="bbox 243 199 1356 246; baseline -0.001 -1"><span class='ocrx_word' id='word_1_1' title='bbox 243 199 346 246; x_wconf 88' lang='lat'><strong>600</strong></span> <span class='ocrx_word' id='word_1_2' title='bbox 501 210 1356 244; x_wconf 65' lang='lat' dir='ltr'><strong>x-Auwo&#39;rA&#39;rioNEs</strong></span> 
     </span>
    </p>
   </div>
   <div class='ocr_carea' id='block_1_2' title="bbox 243 306 1719 2795">
    <p class='ocr_par' dir='ltr' id='par_1_2' title="bbox 243 306 1716 1045">
     <span class='ocr_line' id='line_1_2' title="bbox 243 306 1715 370; baseline 0.004 -22"><span class='ocrx_word' id='word_1_3' title='bbox 243 308 367 365; x_wconf 81' lang='lat' dir='ltr'><strong>jungi</strong></span> <span class='ocrx_word' id='word_1_4' title='bbox 389 308 516 350; x_wconf 81' lang='lat' dir='ltr'><strong>etiam</strong></span> <span class='ocrx_word' id='word_1_5' title='bbox 537 306 674 349; x_wconf 84' lang='lat' dir='ltr'><strong>Iccum</strong></span> <span class='ocrx_word' id='word_1_6' title='bbox 695 318 736 348; x_wconf 86' lang='lat' dir='ltr'><strong>et</strong></span> <span class='ocrx_word' id='word_1_7' title='bbox 756 309 1002 350; x_wconf 72' lang='lat' dir='ltr'><strong><em>Herodicum</em></strong></span> <span class='ocrx_word' id='word_1_8' title='bbox 1027 309 1296 350; x_wconf 85' lang='lat' dir='ltr'><strong>commodum</strong></span> <span class='ocrx_word' id='word_1_9' title='bbox 1316 321 1462 351; x_wconf 88' lang='lat' dir='ltr'><strong>monet</strong></span> <span class='ocrx_word' id='word_1_10' title='bbox 1482 311 1520 353; x_wconf 89' lang='lat' dir='ltr'><strong>J.</strong></span> <span class='ocrx_word' id='word_1_11' title='bbox 1543 313 1586 354; x_wconf 85' lang='lat' dir='ltr'><strong>la</strong></span> <span class='ocrx_word' id='word_1_12' title='bbox 1608 314 1693 370; x_wconf 75' lang='lat' dir='ltr'><strong>Fay</strong></span> <span class='ocrx_word' id='word_1_13' title='bbox 1684 332 1715 354; x_wconf 82' lang='lat' dir='ltr'><strong>c</strong></span> 
     </span>
     <span class='ocr_line' id='line_1_3' title="bbox 246 333 1713 423; baseline 0.004 -19"><span class='ocrx_word' id='word_1_14' title='bbox 246 366 314 405; x_wconf 87' lang='lat' dir='ltr'><strong>vir</strong></span> <span class='ocrx_word' id='word_1_15' title='bbox 341 364 628 405; x_wconf 85' lang='lat' dir='ltr'><strong>doctissimus.</strong></span> <span class='ocrx_word' id='word_1_16' title='bbox 690 365 1175 409; x_wconf 67' lang='lat' dir='ltr'><strong>Cf.Suiclam.So1,AN.</strong></span> <span class='ocrx_word' id='word_1_17' title='bbox 1234 368 1322 406; x_wconf 85' lang='lat' dir='ltr'><strong>Vix</strong></span> <span class='ocrx_word' id='word_1_18' title='bbox 1343 367 1533 407; x_wconf 86' lang='lat' dir='ltr'><strong>dubitari</strong></span> <span class='ocrx_word' id='word_1_19' title='bbox 1555 333 1713 423; x_wconf 40' lang='lat' dir='ltr'><strong>poterit,</strong></span> 
     </span>
     <span class='ocr_line' id='line_1_4' title="bbox 247 421 1711 493; baseline 0.004 -33"><span class='ocrx_word' id='word_1_20' title='bbox 247 422 354 472; x_wconf 83' lang='lat' dir='ltr'><strong>quin</strong></span> <span class='ocrx_word' id='word_1_21' title='bbox 384 422 591 462; x_wconf 85' lang='lat' dir='ltr'><strong>Lucianus</strong></span> <span class='ocrx_word' id='word_1_22' title='bbox 621 421 668 459; x_wconf 86' lang='lat' dir='ltr'><strong>in</strong></span> <span class='ocrx_word' id='word_1_23' title='bbox 698 422 843 462; x_wconf 89' lang='lat' dir='ltr'><strong>animo</strong></span> <span class='ocrx_word' id='word_1_24' title='bbox 873 423 1074 463; x_wconf 84' lang='lat' dir='ltr'><strong>habuerit</strong></span> <span class='ocrx_word' id='word_1_25' title='bbox 1096 423 1340 464; x_wconf 74' lang='lat' dir='ltr'><em>Herodicum</em></span> <span class='ocrx_word' id='word_1_26' title='bbox 1371 425 1517 493; x_wconf 65' lang='lat' dir='ltr'><strong>illurn,</strong></span> <span class='ocrx_word' id='word_1_27' title='bbox 1551 425 1603 465; x_wconf 87' lang='lat' dir='ltr'><strong>de</strong></span> <span class='ocrx_word' id='word_1_28' title='bbox 1626 441 1711 480; x_wconf 90' lang='lat' dir='ltr'><strong>quo</strong></span> 
     </span>
     <span class='ocr_line' id='line_1_5' title="bbox 246 477 1714 553; baseline 0.003 -34"><span class='ocrx_word' id='word_1_29' title='bbox 246 478 368 519; x_wconf 78' lang='lat' dir='ltr'><strong>Plato</strong></span> <span class='ocrx_word' id='word_1_30' title='bbox 389 477 439 517; x_wconf 90' lang='lat' dir='ltr'><strong>de</strong></span> <span class='ocrx_word' id='word_1_31' title='bbox 459 479 566 531; x_wconf 83' lang='lat' dir='ltr'><strong>Rep.</strong></span> <span class='ocrx_word' id='word_1_32' title='bbox 585 483 625 521; x_wconf 86' lang='lat'><strong>3-</strong></span> <span class='ocrx_word' id='word_1_33' title='bbox 651 492 693 532; x_wconf 78' lang='lat' dir='ltr'>p</span> <span class='ocrx_word' id='word_1_34' title='bbox 714 483 808 522; x_wconf 84' lang='lat'>440.</span> <span class='ocrx_word' id='word_1_35' title='bbox 833 480 881 519; x_wconf 88' lang='lat' dir='ltr'><strong>C.</strong></span> <span class='ocrx_word' id='word_1_36' title='bbox 914 477 1139 553; x_wconf 56' lang='lat' dir='ltr'><strong>H90&#39;55n013</strong></span> <span class='ocrx_word' id='word_1_37' title='bbox 1164 483 1422 548; x_wconf 77' lang='grc' dir='ltr'><em>παιδοτρίβης</em></span> <span class='ocrx_word' id='word_1_38' title='bbox 1439 478 1515 532; x_wconf 81' lang='grc' dir='ltr'><strong>ὧν,</strong></span> <span class='ocrx_word' id='word_1_39' title='bbox 1547 483 1613 524; x_wconf 87' lang='grc' dir='ltr'><strong>καὶ</strong></span> <span class='ocrx_word' id='word_1_40' title='bbox 1635 500 1714 524; x_wconf 82' lang='grc' dir='ltr'><em>νο·-</em></span> 
     </span>
     <span class='ocr_line' id='line_1_6' title="bbox 244 533 1714 605; baseline 0.002 -27.006"><span class='ocrx_word' id='word_1_41' title='bbox 244 534 381 588; x_wconf 79' lang='grc' dir='ltr'><em>σώδης</em></span> <span class='ocrx_word' id='word_1_42' title='bbox 409 533 659 605; x_wconf 79' lang='grc' dir='ltr'><em>γενόμενος,.</em></span> <span class='ocrx_word' id='word_1_43' title='bbox 678 538 789 588; x_wconf 75' lang='grc' dir='ltr'><em>μίξας</em></span> <span class='ocrx_word' id='word_1_44' title='bbox 816 552 1085 605; x_wconf 80' lang='grc' dir='ltr'><em>γυμναστικην</em></span> <span class='ocrx_word' id='word_1_45' title='bbox 1109 540 1286 605; x_wconf 78' lang='grc' dir='ltr'><em>ἰατρικῇ,</em></span> <span class='ocrx_word' id='word_1_46' title='bbox 1319 533 1533 580; x_wconf 66' lang='grc' dir='ltr'><em>ἀπέκναισε</em></span> <span class='ocrx_word' id='word_1_47' title='bbox 1553 557 1714 594; x_wconf 79' lang='grc' dir='ltr'><em>πρωτον</em></span> 
     </span>
     <span class='ocr_line' id='line_1_7' title="bbox 246 590 1713 648; baseline 0.002 -14"><span class='ocrx_word' id='word_1_48' title='bbox 246 592 320 646; x_wconf 83' lang='grc' dir='ltr'><strong>μὲν</strong></span> <span class='ocrx_word' id='word_1_49' title='bbox 348 592 417 633; x_wconf 83' lang='grc' dir='ltr'><strong>καὶ</strong></span> <span class='ocrx_word' id='word_1_50' title='bbox 447 590 614 645; x_wconf 75' lang='grc' dir='ltr'><em>μάλιστα</em></span> <span class='ocrx_word' id='word_1_51' title='bbox 648 591 814 640; x_wconf 73' lang='grc' dir='ltr'><em>ἑαυτὸν,</em></span> <span class='ocrx_word' id='word_1_52' title='bbox 853 590 984 635; x_wconf 78' lang='grc' dir='ltr'><strong><em>ε”.πειτ</em></strong></span> <span class='ocrx_word' id='word_1_53' title='bbox 1005 592 1147 642; x_wconf 71' lang='grc' dir='ltr'><em>ἄλλους</em></span> <span class='ocrx_word' id='word_1_54' title='bbox 1177 592 1346 648; x_wconf 72' lang='grc' dir='ltr'><em>ὕστερον</em></span> <span class='ocrx_word' id='word_1_55' title='bbox 1373 593 1558 644; x_wconf 82' lang='grc' dir='ltr'><em>πολλούς.</em></span> <span class='ocrx_word' id='word_1_56' title='bbox 1627 597 1713 634; x_wconf 86' lang='lat' dir='ltr'><strong>Hic</strong></span> 
     </span>
     <span class='ocr_line' id='line_1_8' title="bbox 247 646 1713 702; baseline 0.003 -16"><span class='ocrx_word' id='word_1_57' title='bbox 247 648 384 702; x_wconf 69' lang='lat' dir='ltr'><strong>igitur</strong></span> <span class='ocrx_word' id='word_1_58' title='bbox 396 656 616 687; x_wconf 83' lang='lat' dir='ltr'><strong>accuratae</strong></span> <span class='ocrx_word' id='word_1_59' title='bbox 628 646 746 687; x_wconf 85' lang='lat' dir='ltr'><strong>illius</strong></span> <span class='ocrx_word' id='word_1_60' title='bbox 768 649 1018 689; x_wconf 80' lang='lat' dir='ltr'><strong>athletarum</strong></span> <span class='ocrx_word' id='word_1_61' title='bbox 1040 651 1202 690; x_wconf 83' lang='lat' dir='ltr'><strong>diaetae</strong></span> <span class='ocrx_word' id='word_1_62' title='bbox 1223 662 1370 689; x_wconf 82' lang='lat' dir='ltr'>auctor</span> <span class='ocrx_word' id='word_1_63' title='bbox 1390 651 1572 695; x_wconf 85' lang='lat' dir='ltr'><strong>videtur.</strong></span> <span class='ocrx_word' id='word_1_64' title='bbox 1595 653 1713 691; x_wconf 88' lang='lat' dir='ltr'><strong>Hinc</strong></span> 
     </span>
     <span class='ocr_line' id='line_1_9' title="bbox 247 703 1713 760; baseline 0.007 -19"><span class='ocrx_word' id='word_1_65' title='bbox 247 703 391 758; x_wconf 68' lang='lat' dir='ltr'><strong>jungit</strong></span> <span class='ocrx_word' id='word_1_66' title='bbox 413 704 540 742; x_wconf 87' lang='lat' dir='ltr'><strong>etiam</strong></span> <span class='ocrx_word' id='word_1_67' title='bbox 564 703 799 745; x_wconf 69' lang='lat' dir='ltr'><strong>Themistius</strong></span> <span class='ocrx_word' id='word_1_68' title='bbox 814 705 890 745; x_wconf 87' lang='lat' dir='ltr'><strong>-.Or</strong></span> <span class='ocrx_word' id='word_1_69' title='bbox 911 713 979 752; x_wconf 81' lang='lat'><strong>23.</strong></span> <span class='ocrx_word' id='word_1_70' title='bbox 1004 721 1043 760; x_wconf 90' lang='lat' dir='ltr'><strong>p</strong></span> <span class='ocrx_word' id='word_1_71' title='bbox 1065 708 1162 751; x_wconf 80' lang='lat'><strong>290.</strong></span> <span class='ocrx_word' id='word_1_72' title='bbox 1185 707 1236 745; x_wconf 92' lang='grc' dir='ltr'><strong>Α.</strong></span> <span class='ocrx_word' id='word_1_73' title='bbox 1259 706 1492 747; x_wconf 51' lang='lat' dir='ltr'><strong>Harduinss</strong></span> <span class='ocrx_word' id='word_1_74' title='bbox 1493 706 1625 750; x_wconf 78' lang='grc' dir='ltr'><em>Ἰκκον</em></span> <span class='ocrx_word' id='word_1_75' title='bbox 1643 707 1713 750; x_wconf 81' lang='grc' dir='ltr'><strong>τὸν</strong></span> 
     </span>
     <span class='ocr_line' id='line_1_10' title="bbox 247 757 1713 818; baseline 0.004 -17"><span class='ocrx_word' id='word_1_76' title='bbox 247 775 479 816; x_wconf 72' lang='grc' dir='ltr'><em>γυμναστην</em></span> <span class='ocrx_word' id='word_1_77' title='bbox 502 757 573 801; x_wconf 78' lang='grc' dir='ltr'><strong>τὸν</strong></span> <span class='ocrx_word' id='word_1_78' title='bbox 603 764 852 816; x_wconf 76' lang='grc' dir='ltr'><em>Ταραντῖνον</em></span> <span class='ocrx_word' id='word_1_79' title='bbox 876 773 919 803; x_wconf 88' lang='lat' dir='ltr'><strong>et</strong></span> <span class='ocrx_word' id='word_1_80' title='bbox 933 761 1156 817; x_wconf 83' lang='grc' dir='ltr'><em>Ηρόδικον</em></span> <span class='ocrx_word' id='word_1_81' title='bbox 1177 762 1249 806; x_wconf 79' lang='grc' dir='ltr'><strong>τὸν</strong></span> <span class='ocrx_word' id='word_1_82' title='bbox 1270 763 1583 818; x_wconf 77' lang='grc' dir='ltr'><em>Συλημβριανὸν</em></span> <span class='ocrx_word' id='word_1_83' title='bbox 1605 767 1713 818; x_wconf 82' lang='lat' dir='ltr'><strong>(leg</strong></span> 
     </span>
     <span class='ocr_line' id='line_1_11' title="bbox 248 815 1715 874; baseline 0 -16"><span class='ocrx_word' id='word_1_84' title='bbox 248 815 340 858; x_wconf 80' lang='lat' dir='ltr'><strong>vid.</strong></span> <span class='ocrx_word' id='word_1_85' title='bbox 361 819 568 871; x_wconf 78' lang='grc' dir='ltr'><em>Σηλυμβρ-</em></span> <span class='ocrx_word' id='word_1_86' title='bbox 584 819 900 874; x_wconf 81' lang='grc' dir='ltr'><em>)παιδοτρίβην.</em></span> <span class='ocrx_word' id='word_1_87' title='bbox 958 822 1125 874; x_wconf 80' lang='lat' dir='ltr'>Nempe</span> <span class='ocrx_word' id='word_1_88' title='bbox 1151 821 1426 874; x_wconf 68' lang='grc' dir='ltr'><em>Ταραντῖνον’</em></span> <span class='ocrx_word' id='word_1_89' title='bbox 1427 821 1563 864; x_wconf 82' lang='grc' dir='ltr'><em>Ἰκκον</em></span> <span class='ocrx_word' id='word_1_90' title='bbox 1585 822 1715 860; x_wconf 85' lang='lat' dir='ltr'><strong>absti-</strong></span> 
     </span>
     <span class='ocr_line' id='line_1_12' title="bbox 248 872 1716 919; baseline 0.003 -7"><span class='ocrx_word' id='word_1_91' title='bbox 248 873 424 912; x_wconf 83' lang='lat' dir='ltr'><strong>nentiae</strong></span> <span class='ocrx_word' id='word_1_92' title='bbox 447 872 678 915; x_wconf 81' lang='lat' dir='ltr'>athleticae</span> <span class='ocrx_word' id='word_1_93' title='bbox 704 877 876 916; x_wconf 89' lang='lat' dir='ltr'><strong>nomine</strong></span> <span class='ocrx_word' id='word_1_94' title='bbox 907 877 1178 917; x_wconf 87' lang='lat' dir='ltr'><strong>vehementer</strong></span> <span class='ocrx_word' id='word_1_95' title='bbox 1208 878 1355 916; x_wconf 87' lang='lat' dir='ltr'><strong>laudat</strong></span> <span class='ocrx_word' id='word_1_96' title='bbox 1387 877 1498 918; x_wconf 82' lang='lat' dir='ltr'><strong>idem</strong></span> <span class='ocrx_word' id='word_1_97' title='bbox 1521 879 1641 919; x_wconf 76' lang='lat' dir='ltr'><strong>Plato</strong></span> <span class='ocrx_word' id='word_1_98' title='bbox 1665 877 1716 917; x_wconf 88' lang='lat' dir='ltr'><strong>de</strong></span> 
     </span>
     <span class='ocr_line' id='line_1_13' title="bbox 249 929 1716 1005; baseline 0.003 -35"><span class='ocrx_word' id='word_1_99' title='bbox 249 929 362 984; x_wconf 85' lang='lat' dir='ltr'><strong>Leg</strong></span> <span class='ocrx_word' id='word_1_100' title='bbox 384 934 425 974; x_wconf 85' lang='grc'><strong>8-</strong></span> <span class='ocrx_word' id='word_1_101' title='bbox 447 944 489 983; x_wconf 84' lang='lat' dir='ltr'><strong>P·</strong></span> <span class='ocrx_word' id='word_1_102' title='bbox 507 933 602 974; x_wconf 87' lang='lat'><strong>647.</strong></span> <span class='ocrx_word' id='word_1_103' title='bbox 626 931 675 971; x_wconf 80' lang='lat' dir='ltr'><strong>C.</strong></span> <span class='ocrx_word' id='word_1_104' title='bbox 712 931 763 974; x_wconf 84' lang='grc' dir='ltr'><strong>Τὸ</strong></span> <span class='ocrx_word' id='word_1_105' title='bbox 782 930 878 985; x_wconf 73' lang='grc' dir='ltr'><strong>μετὰ</strong></span> <span class='ocrx_word' id='word_1_106' title='bbox 901 939 975 975; x_wconf 84' lang='grc' dir='ltr'><strong>τοῦ</strong></span> <span class='ocrx_word' id='word_1_107' title='bbox 1006 940 1236 987; x_wconf 77' lang='grc' dir='ltr'><em>σωφρονεῖν</em></span> <span class='ocrx_word' id='word_1_108' title='bbox 1255 930 1484 1003; x_wconf 81' lang='grc' dir='ltr'><em>ἆνδρεῑον’</em></span> <span class='ocrx_word' id='word_1_109' title='bbox 1467 952 1510 977; x_wconf 85' lang='grc' dir='ltr'><strong>εν</strong></span> <span class='ocrx_word' id='word_1_110' title='bbox 1532 942 1581 993; x_wconf 79' lang='grc' dir='ltr'><strong>τῇ</strong></span> <span class='ocrx_word' id='word_1_111' title='bbox 1599 938 1716 1005; x_wconf 57' lang='grc' dir='ltr'><strong><em>ψυχῇ,</em></strong></span> 
     </span>
     <span class='ocr_line' id='line_1_14' title="bbox 250 984 1715 1045; baseline 0.002 -15"><span class='ocrx_word' id='word_1_112' title='bbox 250 987 512 1042; x_wconf 76' lang='grc' dir='ltr'><strong><em>κεκτημένος,</em></strong></span> <span class='ocrx_word' id='word_1_113' title='bbox 545 984 602 1036; x_wconf 74' lang='grc' dir='ltr'><strong>ὥς</strong></span> <span class='ocrx_word' id='word_1_114' title='bbox 625 986 761 1043; x_wconf 80' lang='grc' dir='ltr'><em>λόγος,</em></span> <span class='ocrx_word' id='word_1_115' title='bbox 794 989 884 1031; x_wconf 84' lang='grc' dir='ltr'><em>ου’τε</em></span> <span class='ocrx_word' id='word_1_116' title='bbox 909 991 1018 1040; x_wconf 83' lang='grc' dir='ltr'><em>τινὸς</em></span> <span class='ocrx_word' id='word_1_117' title='bbox 1037 988 1196 1033; x_wconf 79' lang='grc' dir='ltr'><em>πώποτε</em></span> <span class='ocrx_word' id='word_1_118' title='bbox 1223 989 1414 1045; x_wconf 79' lang='grc' dir='ltr'><em>γυναικὸς</em></span> <span class='ocrx_word' id='word_1_119' title='bbox 1429 989 1588 1043; x_wconf 71' lang='grc' dir='ltr'><em>ἥψατο,</em></span> <span class='ocrx_word' id='word_1_120' title='bbox 1622 988 1715 1033; x_wconf 77' lang='grc' dir='ltr'><em>οὐδ’</em></span> 
     </span>
    </p>

    <p class='ocr_par' dir='ltr' id='par_1_3' title="bbox 251 1041 1711 1103">
     <span class='ocr_line' id='line_1_15' title="bbox 251 1041 1711 1103; baseline 0.001 -18"><span class='ocrx_word' id='word_1_121' title='bbox 251 1043 302 1085; x_wconf 73' lang='grc' dir='ltr'><strong>αὖ</strong></span> <span class='ocrx_word' id='word_1_122' title='bbox 322 1041 504 1091; x_wconf 77' lang='grc' dir='ltr'><em>παιδός’</em></span> <span class='ocrx_word' id='word_1_123' title='bbox 487 1060 529 1085; x_wconf 81' lang='grc' dir='ltr'><strong>εν</strong></span> <span class='ocrx_word' id='word_1_124' title='bbox 555 1041 628 1101; x_wconf 75' lang='grc' dir='ltr'><strong>ὅλῃ</strong></span> <span class='ocrx_word' id='word_1_125' title='bbox 649 1049 698 1099; x_wconf 79' lang='grc' dir='ltr'><strong>τῇ</strong></span> <span class='ocrx_word' id='word_1_126' title='bbox 719 1062 791 1098; x_wconf 84' lang='grc' dir='ltr'><strong>της</strong></span> <span class='ocrx_word' id='word_1_127' title='bbox 821 1043 1028 1099; x_wconf 74' lang='grc' dir='ltr'><em>ἀσκήσεως</em></span> <span class='ocrx_word' id='word_1_128' title='bbox 1047 1043 1171 1103; x_wconf 77' lang='grc' dir='ltr'><em>ακμῇ.</em></span> <span class='ocrx_word' id='word_1_129' title='bbox 1231 1048 1289 1086; x_wconf 81' lang='lat' dir='ltr'><strong>Et</strong></span> <span class='ocrx_word' id='word_1_130' title='bbox 1310 1048 1489 1087; x_wconf 76' lang='lat' dir='ltr'><strong>Eustatlz.</strong></span> <span class='ocrx_word' id='word_1_131' title='bbox 1519 1047 1570 1087; x_wconf 86' lang='lat' dir='ltr'><strong>ad</strong></span> <span class='ocrx_word' id='word_1_132' title='bbox 1592 1049 1711 1101; x_wconf 78' lang='lat' dir='ltr'><strong>Diog.</strong></span> 
     </span>
    </p>

    <p class='ocr_par' dir='ltr' id='par_1_4' title="bbox 250 1088 1719 1771">
     <span class='ocr_line' id='line_1_16' title="bbox 250 1088 1715 1170; baseline 0.003 -28"><span class='ocrx_word' id='word_1_133' title='bbox 250 1099 402 1153; x_wconf 74' lang='lat' dir='ltr'><strong>Perieg-</strong></span> <span class='ocrx_word' id='word_1_134' title='bbox 430 1104 536 1143; x_wconf 80' lang='lat'><strong>376.</strong></span> <span class='ocrx_word' id='word_1_135' title='bbox 561 1088 614 1140; x_wconf 82' lang='lat' dir='ltr'><strong>de</strong></span> <span class='ocrx_word' id='word_1_136' title='bbox 639 1101 738 1150; x_wconf 78' lang='lat' dir='ltr'><strong>illo,</strong></span> <span class='ocrx_word' id='word_1_137' title='bbox 771 1103 833 1144; x_wconf 81' lang='grc' dir='ltr'><strong>ἐπὶ</strong></span> <span class='ocrx_word' id='word_1_138' title='bbox 861 1106 954 1157; x_wconf 84' lang='grc' dir='ltr'><em>βίου</em></span> <span class='ocrx_word' id='word_1_139' title='bbox 985 1102 1175 1159; x_wconf 70' lang='grc' dir='ltr'><em>εὐτελείᾳ,</em></span> <span class='ocrx_word' id='word_1_140' title='bbox 1208 1103 1377 1170; x_wconf 80' lang='lat' dir='ltr'><strong>inquit,</strong></span> <span class='ocrx_word' id='word_1_141' title='bbox 1409 1107 1465 1153; x_wconf 84' lang='grc' dir='ltr'><strong>εἷς</strong></span> <span class='ocrx_word' id='word_1_142' title='bbox 1494 1108 1715 1156; x_wconf 82' lang='grc' dir='ltr'><em>παροιμίαν</em></span> 
     </span>
     <span class='ocr_line' id='line_1_17' title="bbox 251 1154 1717 1213; baseline 0.002 -15"><span class='ocrx_word' id='word_1_143' title='bbox 251 1161 403 1206; x_wconf 82' lang='grc' dir='ltr'><em>κεῖται,</em></span> <span class='ocrx_word' id='word_1_144' title='bbox 424 1154 497 1208; x_wconf 81' lang='grc' dir='ltr'><strong>τὴν</strong></span> <span class='ocrx_word' id='word_1_145' title='bbox 516 1155 734 1212; x_wconf 80' lang='grc' dir='ltr'><em>λέγουσαν’</em></span> <span class='ocrx_word' id='word_1_146' title='bbox 741 1163 866 1200; x_wconf 57' lang='lat' dir='ltr'><strong>Iuno&amp;</strong></span> <span class='ocrx_word' id='word_1_147' title='bbox 883 1163 1067 1209; x_wconf 81' lang='grc' dir='ltr'><em>δεῖπνον,</em></span> <span class='ocrx_word' id='word_1_148' title='bbox 1089 1162 1153 1202; x_wconf 80' lang='grc' dir='ltr'><strong>ἐπὶ</strong></span> <span class='ocrx_word' id='word_1_149' title='bbox 1170 1177 1251 1200; x_wconf 86' lang='grc' dir='ltr'><strong>των</strong></span> <span class='ocrx_word' id='word_1_150' title='bbox 1271 1156 1491 1213; x_wconf 80' lang='grc' dir='ltr'><em>οἷπερίττως</em></span> <span class='ocrx_word' id='word_1_151' title='bbox 1507 1158 1717 1203; x_wconf 82' lang='grc' dir='ltr'><em>δειπνουν-</em></span> 
     </span>
     <span class='ocr_line' id='line_1_18' title="bbox 251 1211 1715 1269; baseline 0.001 -15"><span class='ocrx_word' id='word_1_152' title='bbox 251 1229 347 1255; x_wconf 83' lang='grc' dir='ltr'><em>των.</em></span> <span class='ocrx_word' id='word_1_153' title='bbox 405 1213 476 1252; x_wconf 91' lang='lat' dir='ltr'><strong>De</strong></span> <span class='ocrx_word' id='word_1_154' title='bbox 499 1211 568 1251; x_wconf 87' lang='lat' dir='ltr'><strong>his</strong></span> <span class='ocrx_word' id='word_1_155' title='bbox 598 1213 734 1268; x_wconf 81' lang='lat' dir='ltr'><strong>igitur</strong></span> <span class='ocrx_word' id='word_1_156' title='bbox 757 1230 851 1253; x_wconf 90' lang='lat' dir='ltr'><strong>cum</strong></span> <span class='ocrx_word' id='word_1_157' title='bbox 883 1226 1071 1266; x_wconf 90' lang='lat' dir='ltr'><strong>constet,</strong></span> <span class='ocrx_word' id='word_1_158' title='bbox 1104 1216 1212 1255; x_wconf 89' lang='lat' dir='ltr'><strong>illud</strong></span> <span class='ocrx_word' id='word_1_159' title='bbox 1236 1217 1378 1254; x_wconf 87' lang='lat' dir='ltr'><strong>mirari</strong></span> <span class='ocrx_word' id='word_1_160' title='bbox 1408 1216 1542 1269; x_wconf 78' lang='lat' dir='ltr'><strong>subit,</strong></span> <span class='ocrx_word' id='word_1_161' title='bbox 1574 1231 1648 1255; x_wconf 84' lang='lat' dir='ltr'><strong>cur</strong></span> <span class='ocrx_word' id='word_1_162' title='bbox 1666 1217 1715 1255; x_wconf 89' lang='lat' dir='ltr'><strong>ab</strong></span> 
     </span>
     <span class='ocr_line' id='line_1_19' title="bbox 251 1267 1714 1327; baseline 0.001 -18"><span class='ocrx_word' id='word_1_163' title='bbox 251 1268 414 1310; x_wconf 80' lang='lat' dir='ltr'><em>Aldina</em></span> <span class='ocrx_word' id='word_1_164' title='bbox 432 1267 627 1309; x_wconf 83' lang='lat' dir='ltr'>editione</span> <span class='ocrx_word' id='word_1_165' title='bbox 645 1270 919 1312; x_wconf 87' lang='lat' dir='ltr'><strong>discesserint</strong></span> <span class='ocrx_word' id='word_1_166' title='bbox 938 1283 1185 1327; x_wconf 75' lang='lat' dir='ltr'><strong>sequentes,</strong></span> <span class='ocrx_word' id='word_1_167' title='bbox 1221 1272 1335 1325; x_wconf 92' lang='lat' dir='ltr'><strong>quod</strong></span> <span class='ocrx_word' id='word_1_168' title='bbox 1358 1273 1519 1323; x_wconf 82' lang='lat' dir='ltr'><strong>norim,</strong></span> <span class='ocrx_word' id='word_1_169' title='bbox 1554 1287 1714 1318; x_wconf 87' lang='lat' dir='ltr'><strong>omnes,</strong></span> 
     </span>
     <span class='ocr_line' id='line_1_20' title="bbox 255 1324 1714 1383; baseline 0.003 -19"><span class='ocrx_word' id='word_1_170' title='bbox 255 1324 492 1365; x_wconf 84' lang='lat' dir='ltr'><strong>omittenda</strong></span> <span class='ocrx_word' id='word_1_171' title='bbox 511 1326 742 1379; x_wconf 87' lang='lat' dir='ltr'><strong>negati-one</strong></span> <span class='ocrx_word' id='word_1_172' title='bbox 762 1328 874 1368; x_wconf 87' lang='lat' dir='ltr'><strong>inter</strong></span> <span class='ocrx_word' id='word_1_173' title='bbox 892 1328 1119 1383; x_wconf 79' lang='grc' dir='ltr'><em>γυμναστὴς</em></span> <span class='ocrx_word' id='word_1_174' title='bbox 1137 1340 1179 1367; x_wconf 88' lang='lat' dir='ltr'><strong>et</strong></span> <span class='ocrx_word' id='word_1_175' title='bbox 1199 1326 1454 1382; x_wconf 72' lang='grc' dir='ltr'><em>ὑπόσχοιντο,</em></span> <span class='ocrx_word' id='word_1_176' title='bbox 1492 1344 1576 1383; x_wconf 89' lang='lat' dir='ltr'><strong>quo</strong></span> <span class='ocrx_word' id='word_1_177' title='bbox 1599 1330 1714 1368; x_wconf 86' lang='lat' dir='ltr'><strong>facto</strong></span> 
     </span>
     <span class='ocr_line' id='line_1_21' title="bbox 253 1380 1717 1440; baseline 0.001 -18"><span class='ocrx_word' id='word_1_178' title='bbox 253 1380 442 1422; x_wconf 86' lang='lat' dir='ltr'><strong>tenebris</strong></span> <span class='ocrx_word' id='word_1_179' title='bbox 468 1382 611 1421; x_wconf 87' lang='lat' dir='ltr'><strong>omnia</strong></span> <span class='ocrx_word' id='word_1_180' title='bbox 638 1393 740 1423; x_wconf 89' lang='lat' dir='ltr'><strong>sunt</strong></span> <span class='ocrx_word' id='word_1_181' title='bbox 767 1384 931 1435; x_wconf 81' lang='lat' dir='ltr'><strong>obsita,</strong></span> <span class='ocrx_word' id='word_1_182' title='bbox 966 1400 1068 1440; x_wconf 88' lang='lat' dir='ltr'><strong>quas</strong></span> <span class='ocrx_word' id='word_1_183' title='bbox 1093 1386 1265 1426; x_wconf 87' lang='lat' dir='ltr'><strong>reducta</strong></span> <span class='ocrx_word' id='word_1_184' title='bbox 1297 1400 1412 1423; x_wconf 90' lang='lat' dir='ltr'><strong>nunc</strong></span> <span class='ocrx_word' id='word_1_185' title='bbox 1434 1387 1609 1440; x_wconf 89' lang='lat' dir='ltr'><strong>antiqua</strong></span> <span class='ocrx_word' id='word_1_186' title='bbox 1633 1388 1717 1424; x_wconf 89' lang='lat' dir='ltr'><strong>lec-</strong></span> 
     </span>
     <span class='ocr_line' id='line_1_22' title="bbox 253 1437 1718 1495; baseline 0.002 -18"><span class='ocrx_word' id='word_1_187' title='bbox 253 1437 343 1486; x_wconf 87' lang='lat' dir='ltr'><strong>tio,</strong></span> <span class='ocrx_word' id='word_1_188' title='bbox 377 1447 419 1477; x_wconf 88' lang='lat' dir='ltr'><strong>et</strong></span> <span class='ocrx_word' id='word_1_189' title='bbox 436 1437 740 1491; x_wconf 81' lang='lat' dir='ltr'>interpretatio</span> <span class='ocrx_word' id='word_1_190' title='bbox 769 1441 836 1479; x_wconf 90' lang='lat' dir='ltr'><strong>illi</strong></span> <span class='ocrx_word' id='word_1_191' title='bbox 864 1443 1201 1487; x_wconf 86' lang='lat' dir='ltr'><strong>accommodata,</strong></span> <span class='ocrx_word' id='word_1_192' title='bbox 1236 1442 1452 1494; x_wconf 82' lang='lat' dir='ltr'><strong>dispellit.</strong></span> <span class='ocrx_word' id='word_1_193' title='bbox 1486 1443 1571 1480; x_wconf 86' lang='lat' dir='ltr'><strong>nisi</strong></span> <span class='ocrx_word' id='word_1_194' title='bbox 1602 1441 1718 1495; x_wconf 90' lang='lat' dir='ltr'><strong>quod</strong></span> 
     </span>
     <span class='ocr_line' id='line_1_23' title="bbox 255 1493 1717 1539; baseline 0.003 -8"><span class='ocrx_word' id='word_1_195' title='bbox 255 1493 365 1532; x_wconf 84' lang='lat' dir='ltr'><strong>circa</strong></span> <span class='ocrx_word' id='word_1_196' title='bbox 383 1493 616 1535; x_wconf 79' lang='lat' dir='ltr'><strong><em>Perdiccam</em></strong></span> <span class='ocrx_word' id='word_1_197' title='bbox 643 1497 879 1538; x_wconf 80' lang='lat' dir='ltr'><strong>celebratae</strong></span> <span class='ocrx_word' id='word_1_198' title='bbox 905 1499 1215 1539; x_wconf 80' lang='lat' dir='ltr'><strong>imbecillitatis</strong></span> <span class='ocrx_word' id='word_1_199' title='bbox 1249 1499 1464 1538; x_wconf 84' lang='lat' dir='ltr'><strong>hominem</strong></span> <span class='ocrx_word' id='word_1_200' title='bbox 1487 1497 1717 1536; x_wconf 81' lang='lat' dir='ltr'><strong>difficultas</strong></span> 
     </span>
     <span class='ocr_line' id='line_1_24' title="bbox 253 1551 1717 1606; baseline 0.005 -20"><span class='ocrx_word' id='word_1_201' title='bbox 253 1560 461 1601; x_wconf 79' lang='lat' dir='ltr'><strong>superest,</strong></span> <span class='ocrx_word' id='word_1_202' title='bbox 486 1565 611 1604; x_wconf 90' lang='lat' dir='ltr'><strong>quam</strong></span> <span class='ocrx_word' id='word_1_203' title='bbox 631 1551 692 1591; x_wconf 86' lang='lat' dir='ltr'><strong>ita</strong></span> <span class='ocrx_word' id='word_1_204' title='bbox 714 1553 975 1594; x_wconf 86' lang='lat' dir='ltr'><strong>minuebat</strong></span> <span class='ocrx_word' id='word_1_205' title='bbox 954 1573 974 1597; x_wconf 93' lang='grc' dir='ltr'><em>ο</em></span> <span class='ocrx_word' id='word_1_206' title='bbox 996 1554 1105 1597; x_wconf 65' lang='grc' dir='ltr'><strong>πάνυ</strong></span> <span class='ocrx_word' id='word_1_207' title='bbox 1133 1554 1333 1605; x_wconf 66' lang='lat' dir='ltr'><strong>Graevius,</strong></span> <span class='ocrx_word' id='word_1_208' title='bbox 1364 1564 1412 1593; x_wconf 87' lang='lat' dir='ltr'><strong>ut</strong></span> <span class='ocrx_word' id='word_1_209' title='bbox 1435 1555 1574 1601; x_wconf 89' lang='lat' dir='ltr'><strong>verba,</strong></span> <span class='ocrx_word' id='word_1_210' title='bbox 1610 1568 1717 1606; x_wconf 82' lang='lat' dir='ltr'><strong>quae</strong></span> 
     </span>
     <span class='ocr_line' id='line_1_25' title="bbox 253 1605 1717 1663; baseline 0.003 -20"><span class='ocrx_word' id='word_1_211' title='bbox 253 1605 509 1658; x_wconf 84' lang='lat' dir='ltr'><strong>parenthesi</strong></span> <span class='ocrx_word' id='word_1_212' title='bbox 525 1607 784 1649; x_wconf 89' lang='lat' dir='ltr'><strong>includenda</strong></span> <span class='ocrx_word' id='word_1_213' title='bbox 808 1621 1031 1663; x_wconf 88' lang='lat' dir='ltr'><strong>putamus,</strong></span> <span class='ocrx_word' id='word_1_214' title='bbox 1063 1625 1150 1650; x_wconf 88' lang='lat' dir='ltr'><strong>non</strong></span> <span class='ocrx_word' id='word_1_215' title='bbox 1175 1611 1396 1661; x_wconf 84' lang='lat' dir='ltr'><strong>Luciano,</strong></span> <span class='ocrx_word' id='word_1_216' title='bbox 1427 1610 1500 1649; x_wconf 87' lang='lat' dir='ltr'><strong>sed</strong></span> <span class='ocrx_word' id='word_1_217' title='bbox 1520 1609 1717 1649; x_wconf 86' lang='lat' dir='ltr'><strong>Scholia-</strong></span> 
     </span>
     <span class='ocr_line' id='line_1_26' title="bbox 253 1662 1719 1707; baseline 0.005 -9"><span class='ocrx_word' id='word_1_218' title='bbox 253 1671 342 1705; x_wconf 70' lang='lat' dir='ltr'><strong>stae</strong></span> <span class='ocrx_word' id='word_1_219' title='bbox 377 1662 509 1702; x_wconf 86' lang='lat' dir='ltr'><strong>alicui</strong></span> <span class='ocrx_word' id='word_1_220' title='bbox 543 1662 762 1706; x_wconf 80' lang='lat' dir='ltr'><strong>tribueret.</strong></span> <span class='ocrx_word' id='word_1_221' title='bbox 824 1667 1047 1707; x_wconf 83' lang='lat' dir='ltr'><strong>Caeterum</strong></span> <span class='ocrx_word' id='word_1_222' title='bbox 1079 1666 1130 1707; x_wconf 87' lang='lat' dir='ltr'><strong>de</strong></span> <span class='ocrx_word' id='word_1_223' title='bbox 1160 1666 1360 1706; x_wconf 75' lang='lat' dir='ltr'><strong>Perdicca</strong></span> <span class='ocrx_word' id='word_1_224' title='bbox 1398 1667 1508 1705; x_wconf 89' lang='lat' dir='ltr'><strong>nihil</strong></span> <span class='ocrx_word' id='word_1_225' title='bbox 1548 1666 1719 1705; x_wconf 86' lang='lat' dir='ltr'><strong>monuit</strong></span> 
     </span>
     <span class='ocr_line' id='line_1_27' title="bbox 255 1720 1714 1772; baseline 0.002 -16"><span class='ocrx_word' id='word_1_226' title='bbox 255 1728 482 1771; x_wconf 82' lang='lat' dir='ltr'><strong>praeterea.</strong></span> <span class='ocrx_word' id='word_1_227' title='bbox 529 1720 700 1761; x_wconf 79' lang='lat' dir='ltr'><strong>Verum</strong></span> <span class='ocrx_word' id='word_1_228' title='bbox 720 1736 807 1763; x_wconf 92' lang='lat' dir='ltr'><strong>non</strong></span> <span class='ocrx_word' id='word_1_229' title='bbox 829 1722 1005 1763; x_wconf 84' lang='lat' dir='ltr'><strong>absurde</strong></span> <span class='ocrx_word' id='word_1_230' title='bbox 1025 1723 1095 1762; x_wconf 85' lang='lat' dir='ltr'><strong>hic</strong></span> <span class='ocrx_word' id='word_1_231' title='bbox 1117 1723 1375 1762; x_wconf 85' lang='lat' dir='ltr'><strong>mentionem</strong></span> <span class='ocrx_word' id='word_1_232' title='bbox 1399 1724 1487 1762; x_wconf 65' lang='lat' dir='ltr'><strong>fiei&#39;</strong></span> <span class='ocrx_word' id='word_1_233' title='bbox 1467 1739 1490 1760; x_wconf 75' lang='grc' dir='ltr'><strong><em>ι</em></strong></span> <span class='ocrx_word' id='word_1_234' title='bbox 1512 1722 1714 1772; x_wconf 87' lang='lat' dir='ltr'><strong>hominis,</strong></span> 
     </span>
    </p>

    <p class='ocr_par' dir='ltr' id='par_1_5' title="bbox 254 1775 1719 2560">
     <span class='ocr_line' id='line_1_28' title="bbox 254 1775 1716 1831; baseline 0.003 -20"><span class='ocrx_word' id='word_1_235' title='bbox 254 1787 356 1826; x_wconf 87' lang='lat' dir='ltr'><strong>prae</strong></span> <span class='ocrx_word' id='word_1_236' title='bbox 383 1775 545 1814; x_wconf 79' lang='lat' dir='ltr'><strong>amoris</strong></span> <span class='ocrx_word' id='word_1_237' title='bbox 570 1777 842 1830; x_wconf 82' lang='lat' dir='ltr'><strong>impatientia</strong></span> <span class='ocrx_word' id='word_1_238' title='bbox 873 1778 1205 1831; x_wconf 76' lang='grc' dir='ltr'><em>κατεσκληκότος,</em></span> <span class='ocrx_word' id='word_1_239' title='bbox 1237 1789 1284 1816; x_wconf 88' lang='lat' dir='ltr'><strong>ut</strong></span> <span class='ocrx_word' id='word_1_240' title='bbox 1315 1779 1387 1816; x_wconf 86' lang='lat' dir='ltr'><strong>hie</strong></span> <span class='ocrx_word' id='word_1_241' title='bbox 1416 1779 1595 1828; x_wconf 83' lang='lat' dir='ltr'><strong>dicitur,</strong></span> <span class='ocrx_word' id='word_1_242' title='bbox 1629 1789 1716 1824; x_wconf 89' lang='lat' dir='ltr'><strong>aut,</strong></span> 
     </span>
     <span class='ocr_line' id='line_1_29' title="bbox 256 1830 1718 1889; baseline 0.005 -21"><span class='ocrx_word' id='word_1_243' title='bbox 256 1839 306 1868; x_wconf 86' lang='lat' dir='ltr'><strong>ut</strong></span> <span class='ocrx_word' id='word_1_244' title='bbox 325 1830 577 1874; x_wconf 72' lang='lat' dir='ltr'><strong>Plutarchus</strong></span> <span class='ocrx_word' id='word_1_245' title='bbox 584 1833 817 1874; x_wconf 81' lang='lat' dir='ltr'><strong>describit</strong></span> <span class='ocrx_word' id='word_1_246' title='bbox 805 1851 849 1874; x_wconf 90' lang='lat' dir='ltr'><strong>1n</strong></span> <span class='ocrx_word' id='word_1_247' title='bbox 872 1837 1096 1876; x_wconf 85' lang='lat' dir='ltr'><strong>Demetrio</strong></span> <span class='ocrx_word' id='word_1_248' title='bbox 1118 1841 1301 1889; x_wconf 79' lang='lat' dir='ltr'>p.1661</span> <span class='ocrx_word' id='word_1_249' title='bbox 1333 1835 1391 1874; x_wconf 90' lang='grc' dir='ltr'>Η</span> <span class='ocrx_word' id='word_1_250' title='bbox 1416 1836 1546 1889; x_wconf 73' lang='lat' dir='ltr'><strong>Steph.</strong></span> <span class='ocrx_word' id='word_1_251' title='bbox 1567 1832 1718 1888; x_wconf 82' lang='grc' dir='ltr'><em>τρόπον</em></span> 
     </span>
     <span class='ocr_line' id='line_1_30' title="bbox 255 1882 1719 1945; baseline 0.003 -18"><span class='ocrx_word' id='word_1_252' title='bbox 255 1882 500 1940; x_wconf 75' lang='grc' dir='ltr'><em>απαλλαγῆς.</em></span> <span class='ocrx_word' id='word_1_253' title='bbox 515 1894 586 1931; x_wconf 84' lang='grc' dir='ltr'><strong>τοῦ</strong></span> <span class='ocrx_word' id='word_1_254' title='bbox 613 1892 706 1944; x_wconf 84' lang='grc' dir='ltr'><em>βίου</em></span> <span class='ocrx_word' id='word_1_255' title='bbox 729 1895 964 1945; x_wconf 80' lang='grc' dir='ltr'><em>ζητουντος,</em></span> <span class='ocrx_word' id='word_1_256' title='bbox 999 1894 1065 1934; x_wconf 87' lang='grc' dir='ltr'><strong>καὶ</strong></span> <span class='ocrx_word' id='word_1_257' title='bbox 1095 1891 1315 1945; x_wconf 78' lang='grc' dir='ltr'><em>παραλυειν</em></span> <span class='ocrx_word' id='word_1_258' title='bbox 1346 1887 1435 1945; x_wconf 56' lang='lat' dir='ltr'><strong>ciro&lt;</strong></span> <span class='ocrx_word' id='word_1_259' title='bbox 1424 1894 1492 1943; x_wconf 86' lang='grc' dir='ltr'><strong>’μα</strong></span> <span class='ocrx_word' id='word_1_260' title='bbox 1511 1893 1575 1932; x_wconf 79' lang='grc' dir='ltr'><strong>καὶ</strong></span> <span class='ocrx_word' id='word_1_261' title='bbox 1595 1899 1719 1944; x_wconf 82' lang='grc' dir='ltr'><em>θερα-</em></span> 
     </span>
     <span class='ocr_line' id='line_1_31' title="bbox 255 1941 1716 2004; baseline 0.001 -20"><span class='ocrx_word' id='word_1_262' title='bbox 255 1945 370 1992; x_wconf 77' lang='grc' dir='ltr'><em>πείας</em></span> <span class='ocrx_word' id='word_1_263' title='bbox 390 1941 568 2001; x_wconf 60' lang='grc' dir='ltr'><em>αμεϊεία,</em></span> <span class='ocrx_word' id='word_1_264' title='bbox 590 1948 657 1988; x_wconf 82' lang='grc' dir='ltr'><strong>καὶ</strong></span> <span class='ocrx_word' id='word_1_265' title='bbox 673 1965 828 2002; x_wconf 80' lang='grc' dir='ltr'><em>τροφης</em></span> <span class='ocrx_word' id='word_1_266' title='bbox 847 1948 999 2004; x_wconf 74' lang='grc' dir='ltr'><em>ἆποχῆ·</em></span> <span class='ocrx_word' id='word_1_267' title='bbox 1032 1949 1153 1998; x_wconf 84' lang='lat' dir='ltr'><strong>talis,</strong></span> <span class='ocrx_word' id='word_1_268' title='bbox 1176 1950 1368 2003; x_wconf 79' lang='lat' dir='ltr'><strong>immam,</strong></span> <span class='ocrx_word' id='word_1_269' title='bbox 1391 1947 1577 1986; x_wconf 85' lang='lat' dir='ltr'><strong>hominis</strong></span> <span class='ocrx_word' id='word_1_270' title='bbox 1601 1947 1716 1986; x_wconf 88' lang='lat' dir='ltr'><strong>haud</strong></span> 
     </span>
     <span class='ocr_line' id='line_1_32' title="bbox 255 1989 1716 2055; baseline 0.003 -18"><span class='ocrx_word' id='word_1_271' title='bbox 255 1999 435 2041; x_wconf 85' lang='lat' dir='ltr'><strong>absurde</strong></span> <span class='ocrx_word' id='word_1_272' title='bbox 453 1989 537 2041; x_wconf 78' lang='lat' dir='ltr'><strong>hie</strong></span> <span class='ocrx_word' id='word_1_273' title='bbox 544 2004 803 2045; x_wconf 79' lang='lat' dir='ltr'><strong>mentionem</strong></span> <span class='ocrx_word' id='word_1_274' title='bbox 833 2005 946 2055; x_wconf 86' lang='lat' dir='ltr'><strong>fieri,</strong></span> <span class='ocrx_word' id='word_1_275' title='bbox 982 2008 1047 2046; x_wconf 89' lang='lat' dir='ltr'><strong>vel</strong></span> <span class='ocrx_word' id='word_1_276' title='bbox 1078 2006 1150 2043; x_wconf 85' lang='lat' dir='ltr'><strong>ille</strong></span> <span class='ocrx_word' id='word_1_277' title='bbox 1171 2005 1350 2044; x_wconf 76' lang='lat' dir='ltr'><strong>Platonis</strong></span> <span class='ocrx_word' id='word_1_278' title='bbox 1369 2007 1489 2043; x_wconf 92' lang='lat' dir='ltr'><strong>locus</strong></span> <span class='ocrx_word' id='word_1_279' title='bbox 1515 2004 1616 2042; x_wconf 87' lang='lat' dir='ltr'><strong>satis</strong></span> <span class='ocrx_word' id='word_1_280' title='bbox 1639 2003 1716 2042; x_wconf 85' lang='lat' dir='ltr'><strong>de-</strong></span> 
     </span>
     <span class='ocr_line' id='line_1_33' title="bbox 255 2058 1712 2122; baseline 0.003 -28"><span class='ocrx_word' id='word_1_281' title='bbox 255 2058 404 2106; x_wconf 89' lang='lat' dir='ltr'><strong>clarat,</strong></span> <span class='ocrx_word' id='word_1_282' title='bbox 437 2071 561 2122; x_wconf 78' lang='lat' dir='ltr'><strong>quern</strong></span> <span class='ocrx_word' id='word_1_283' title='bbox 593 2058 645 2100; x_wconf 84' lang='lat' dir='ltr'><strong>de</strong></span> <span class='ocrx_word' id='word_1_284' title='bbox 667 2062 902 2102; x_wconf 87' lang='lat' dir='ltr'><strong>Tarentino</strong></span> <span class='ocrx_word' id='word_1_285' title='bbox 926 2063 1024 2101; x_wconf 87' lang='lat' dir='ltr'><strong>Icco</strong></span> <span class='ocrx_word' id='word_1_286' title='bbox 1053 2060 1179 2099; x_wconf 82' lang='lat' dir='ltr'><strong>modo</strong></span> <span class='ocrx_word' id='word_1_287' title='bbox 1206 2060 1495 2100; x_wconf 86' lang='lat' dir='ltr'><strong>laudabamus.</strong></span> <span class='ocrx_word' id='word_1_288' title='bbox 1556 2060 1712 2098; x_wconf 90' lang='lat' dir='ltr'><strong>Utrum</strong></span> 
     </span>
     <span class='ocr_line' id='line_1_34' title="bbox 256 2113 1716 2171; baseline 0.001 -19"><span class='ocrx_word' id='word_1_289' title='bbox 256 2122 397 2153; x_wconf 87' lang='lat' dir='ltr'><strong>autem</strong></span> <span class='ocrx_word' id='word_1_290' title='bbox 418 2113 475 2154; x_wconf 84' lang='lat' dir='ltr'><strong>sit</strong></span> <span class='ocrx_word' id='word_1_291' title='bbox 503 2115 609 2155; x_wconf 85' lang='lat' dir='ltr'><strong>alius</strong></span> <span class='ocrx_word' id='word_1_292' title='bbox 633 2131 829 2171; x_wconf 89' lang='lat' dir='ltr'><strong>quoque,</strong></span> <span class='ocrx_word' id='word_1_293' title='bbox 868 2119 940 2171; x_wconf 91' lang='lat' dir='ltr'><strong>qui</strong></span> <span class='ocrx_word' id='word_1_294' title='bbox 965 2132 1041 2171; x_wconf 85' lang='lat' dir='ltr'><strong>pro</strong></span> <span class='ocrx_word' id='word_1_295' title='bbox 1067 2116 1284 2156; x_wconf 85' lang='lat' dir='ltr'><strong>Antiocho</strong></span> <span class='ocrx_word' id='word_1_296' title='bbox 1314 2117 1477 2155; x_wconf 85' lang='lat' dir='ltr'><strong>Seleuci</strong></span> <span class='ocrx_word' id='word_1_297' title='bbox 1509 2116 1597 2156; x_wconf 88' lang='lat' dir='ltr'><strong>filio</strong></span> <span class='ocrx_word' id='word_1_298' title='bbox 1620 2117 1716 2155; x_wconf 90' lang='lat' dir='ltr'><strong>Per·</strong></span> 
     </span>
     <span class='ocr_line' id='line_1_35' title="bbox 256 2167 1716 2226; baseline 0.003 -20"><span class='ocrx_word' id='word_1_299' title='bbox 256 2167 418 2209; x_wconf 82' lang='lat' dir='ltr'><strong>diceam</strong></span> <span class='ocrx_word' id='word_1_300' title='bbox 451 2171 761 2224; x_wconf 81' lang='lat' dir='ltr'><strong>nominaverit,</strong></span> <span class='ocrx_word' id='word_1_301' title='bbox 794 2189 882 2213; x_wconf 87' lang='lat' dir='ltr'><strong>non</strong></span> <span class='ocrx_word' id='word_1_302' title='bbox 915 2174 1050 2212; x_wconf 85' lang='lat' dir='ltr'><strong>habeo</strong></span> <span class='ocrx_word' id='word_1_303' title='bbox 1083 2172 1235 2214; x_wconf 88' lang='lat' dir='ltr'><strong>dicere</strong></span> <span class='ocrx_word' id='word_1_304' title='bbox 1295 2174 1511 2226; x_wconf 75' lang='lat' dir='ltr'><strong>Appianas</strong></span> <span class='ocrx_word' id='word_1_305' title='bbox 1544 2171 1716 2225; x_wconf 88' lang='lat' dir='ltr'><strong>quidem</strong></span> 
     </span>
     <span class='ocr_line' id='line_1_36' title="bbox 256 2225 1715 2282; baseline 0.003 -17"><span class='ocrx_word' id='word_1_306' title='bbox 256 2225 420 2277; x_wconf 76' lang='lat' dir='ltr'><strong>Syriae.</strong></span> <span class='ocrx_word' id='word_1_307' title='bbox 441 2241 483 2280; x_wconf 88' lang='lat' dir='ltr'><strong>p.</strong></span> <span class='ocrx_word' id='word_1_308' title='bbox 505 2232 597 2272; x_wconf 77' lang='lat'>126.</span> <span class='ocrx_word' id='word_1_309' title='bbox 616 2242 701 2282; x_wconf 87' lang='lat' dir='ltr'><strong>seq.</strong></span> <span class='ocrx_word' id='word_1_310' title='bbox 723 2241 772 2270; x_wconf 91' lang='lat' dir='ltr'><strong>et</strong></span> <span class='ocrx_word' id='word_1_311' title='bbox 789 2230 923 2270; x_wconf 56' lang='lat' dir='ltr'><strong>Vale-m</strong></span> <span class='ocrx_word' id='word_1_312' title='bbox 946 2232 1070 2270; x_wconf 64' lang='lat' dir='ltr'><strong>Max.</strong></span> <span class='ocrx_word' id='word_1_313' title='bbox 1091 2232 1130 2277; x_wconf 88' lang='lat'><strong>5,</strong></span> <span class='ocrx_word' id='word_1_314' title='bbox 1150 2235 1189 2273; x_wconf 89' lang='lat'><strong>7.</strong></span> <span class='ocrx_word' id='word_1_315' title='bbox 1211 2240 1294 2271; x_wconf 80' lang='lat' dir='ltr'><strong>ext.</strong></span> <span class='ocrx_word' id='word_1_316' title='bbox 1322 2236 1357 2272; x_wconf 93' lang='lat'><strong>1.</strong></span> <span class='ocrx_word' id='word_1_317' title='bbox 1381 2244 1475 2267; x_wconf 90' lang='lat' dir='ltr'><strong>cum</strong></span> <span class='ocrx_word' id='word_1_318' title='bbox 1498 2229 1715 2269; x_wconf 78' lang='lat' dir='ltr'><strong>Plutarcho</strong></span> 
     </span>
     <span class='ocr_line' id='line_1_37' title="bbox 255 2281 1716 2338; baseline 0.004 -20"><span class='ocrx_word' id='word_1_319' title='bbox 255 2281 439 2324; x_wconf 83' lang='lat' dir='ltr'><strong>faciunt</strong></span> <span class='ocrx_word' id='word_1_320' title='bbox 474 2284 612 2325; x_wconf 67' lang='lat' dir='ltr'><strong>Gnsu.</strong></span> <span class='ocrx_word' id='word_1_321' title='bbox 672 2286 860 2326; x_wconf 80' lang='lat' dir='ltr'><strong>Vexavit</strong></span> <span class='ocrx_word' id='word_1_322' title='bbox 882 2287 953 2326; x_wconf 90' lang='lat' dir='ltr'><strong>hic</strong></span> <span class='ocrx_word' id='word_1_323' title='bbox 983 2290 1101 2326; x_wconf 90' lang='lat' dir='ltr'><strong>locus</strong></span> <span class='ocrx_word' id='word_1_324' title='bbox 1122 2288 1395 2338; x_wconf 85' lang='lat' dir='ltr'><strong>iuter:‚pretes</strong></span> <span class='ocrx_word' id='word_1_325' title='bbox 1429 2295 1470 2324; x_wconf 92' lang='lat' dir='ltr'><strong>et</strong></span> <span class='ocrx_word' id='word_1_326' title='bbox 1491 2300 1591 2324; x_wconf 88' lang='lat' dir='ltr'><strong>sane</strong></span> <span class='ocrx_word' id='word_1_327' title='bbox 1609 2285 1716 2324; x_wconf 89' lang='lat' dir='ltr'><strong>hae-</strong></span> 
     </span>
     <span class='ocr_line' id='line_1_38' title="bbox 255 2337 1713 2396; baseline 0.001 -18"><span class='ocrx_word' id='word_1_328' title='bbox 255 2337 433 2378; x_wconf 82' lang='lat' dir='ltr'><strong>rendum</strong></span> <span class='ocrx_word' id='word_1_329' title='bbox 456 2349 520 2379; x_wconf 88' lang='lat' dir='ltr'><strong>est</strong></span> <span class='ocrx_word' id='word_1_330' title='bbox 549 2341 596 2379; x_wconf 90' lang='lat' dir='ltr'><strong>in</strong></span> <span class='ocrx_word' id='word_1_331' title='bbox 618 2356 684 2383; x_wconf 89' lang='lat' dir='ltr'><strong>eo.</strong></span> <span class='ocrx_word' id='word_1_332' title='bbox 748 2342 956 2394; x_wconf 80' lang='lat' dir='ltr'><strong>Graevius,</strong></span> <span class='ocrx_word' id='word_1_333' title='bbox 992 2357 1174 2396; x_wconf 91' lang='lat' dir='ltr'><strong>quocum</strong></span> <span class='ocrx_word' id='word_1_334' title='bbox 1198 2343 1303 2382; x_wconf 87' lang='lat' dir='ltr'><strong>facit</strong></span> <span class='ocrx_word' id='word_1_335' title='bbox 1330 2341 1578 2391; x_wconf 73' lang='lat' dir='ltr'><strong>Wielandus,</strong></span> <span class='ocrx_word' id='word_1_336' title='bbox 1610 2354 1713 2380; x_wconf 88' lang='lat' dir='ltr'><strong>cen-</strong></span> 
     </span>
     <span class='ocr_line' id='line_1_39' title="bbox 256 2394 1712 2454; baseline 0.002 -22"><span class='ocrx_word' id='word_1_337' title='bbox 256 2394 344 2432; x_wconf 89' lang='lat' dir='ltr'><strong>suit</strong></span> <span class='ocrx_word' id='word_1_338' title='bbox 365 2394 468 2436; x_wconf 70' lang='lat' dir='ltr'><strong>haec</strong></span> <span class='ocrx_word' id='word_1_339' title='bbox 488 2397 670 2451; x_wconf 79' lang='lat' dir='ltr'><strong>margini</strong></span> <span class='ocrx_word' id='word_1_340' title='bbox 694 2414 715 2438; x_wconf 90' lang='lat' dir='ltr'><strong>a</strong></span> <span class='ocrx_word' id='word_1_341' title='bbox 737 2399 949 2454; x_wconf 86' lang='lat' dir='ltr'><strong>Magistro</strong></span> <span class='ocrx_word' id='word_1_342' title='bbox 975 2399 1184 2452; x_wconf 85' lang='lat' dir='ltr'><strong>adscripta</strong></span> <span class='ocrx_word' id='word_1_343' title='bbox 1212 2413 1300 2438; x_wconf 86' lang='lat' dir='ltr'><strong>esse</strong></span> <span class='ocrx_word' id='word_1_344' title='bbox 1318 2397 1370 2437; x_wconf 89' lang='lat' dir='ltr'><strong>ad</strong></span> <span class='ocrx_word' id='word_1_345' title='bbox 1391 2397 1615 2437; x_wconf 87' lang='lat' dir='ltr'><strong>Perdiccae</strong></span> <span class='ocrx_word' id='word_1_346' title='bbox 1634 2411 1712 2435; x_wconf 88' lang='lat' dir='ltr'><strong>no-</strong></span> 
     </span>
     <span class='ocr_line' id='line_1_40' title="bbox 255 2453 1713 2511; baseline 0.002 -24"><span class='ocrx_word' id='word_1_347' title='bbox 255 2463 373 2501; x_wconf 87' lang='lat' dir='ltr'><strong>men,</strong></span> <span class='ocrx_word' id='word_1_348' title='bbox 409 2453 563 2511; x_wconf 87' lang='lat' dir='ltr'><strong>quibus</strong></span> <span class='ocrx_word' id='word_1_349' title='bbox 595 2455 861 2508; x_wconf 86' lang='lat' dir='ltr'><strong>inquirebat,</strong></span> <span class='ocrx_word' id='word_1_350' title='bbox 904 2472 1002 2495; x_wconf 88' lang='lat' dir='ltr'><strong>num</strong></span> <span class='ocrx_word' id='word_1_351' title='bbox 1041 2455 1112 2494; x_wconf 87' lang='lat' dir='ltr'><strong>hic</strong></span> <span class='ocrx_word' id='word_1_352' title='bbox 1142 2465 1250 2495; x_wconf 86' lang='lat' dir='ltr'><strong>esset</strong></span> <span class='ocrx_word' id='word_1_353' title='bbox 1281 2455 1352 2494; x_wconf 90' lang='lat' dir='ltr'><strong>ille</strong></span> <span class='ocrx_word' id='word_1_354' title='bbox 1383 2453 1628 2499; x_wconf 83' lang='lat' dir='ltr'><strong>Perdiccas;</strong></span> <span class='ocrx_word' id='word_1_355' title='bbox 1670 2461 1713 2491; x_wconf 88' lang='lat' dir='ltr'><strong>et</strong></span> 
     </span>
     <span class='ocr_line' id='line_1_41' title="bbox 257 2508 1708 2560; baseline -0.001 -11"><span class='ocrx_word' id='word_1_356' title='bbox 257 2514 314 2543; x_wconf 74' lang='lat' dir='ltr'><strong>lta</strong></span> <span class='ocrx_word' id='word_1_357' title='bbox 348 2510 403 2549; x_wconf 83' lang='grc' dir='ltr'><strong>εἰ</strong></span> <span class='ocrx_word' id='word_1_358' title='bbox 412 2508 461 2560; x_wconf 77' lang='grc' dir='ltr'><strong>δὴ</strong></span> <span class='ocrx_word' id='word_1_359' title='bbox 488 2510 608 2560; x_wconf 64' lang='grc' dir='ltr'><em>οὖτος</em></span> <span class='ocrx_word' id='word_1_360' title='bbox 634 2512 783 2559; x_wconf 85' lang='lat' dir='ltr'><strong>vertit,</strong></span> <span class='ocrx_word' id='word_1_361' title='bbox 817 2524 866 2551; x_wconf 89' lang='lat' dir='ltr'><strong>ut</strong></span> <span class='ocrx_word' id='word_1_362' title='bbox 895 2513 1047 2552; x_wconf 88' lang='lat' dir='ltr'><strong>Latini</strong></span> <span class='ocrx_word' id='word_1_363' title='bbox 1076 2511 1255 2551; x_wconf 85' lang='lat' dir='ltr'><strong>habent·</strong></span> <span class='ocrx_word' id='word_1_364' title='bbox 1299 2514 1422 2550; x_wconf 80' lang='lat' dir='ltr'><strong>visam</strong></span> <span class='ocrx_word' id='word_1_365' title='bbox 1454 2513 1488 2549; x_wconf 83' lang='lat' dir='ltr'><strong>si</strong></span> <span class='ocrx_word' id='word_1_366' title='bbox 1514 2509 1620 2548; x_wconf 82' lang='lat' dir='ltr'><strong>domi</strong></span> <span class='ocrx_word' id='word_1_367' title='bbox 1645 2511 1708 2547; x_wconf 81' lang='lat' dir='ltr'><strong>sit.</strong></span> 
     </span>
    </p>

    <p class='ocr_par' dir='ltr' id='par_1_6' title="bbox 257 2559 1710 2793">
     <span class='ocr_line' id='line_1_42' title="bbox 257 2559 1710 2620; baseline 0.003 -21"><span class='ocrx_word' id='word_1_368' title='bbox 257 2559 338 2600; x_wconf 86' lang='lat' dir='ltr'><strong>Sed</strong></span> <span class='ocrx_word' id='word_1_369' title='bbox 377 2564 414 2602; x_wconf 90' lang='lat' dir='ltr'><strong>si</strong></span> <span class='ocrx_word' id='word_1_370' title='bbox 448 2565 552 2606; x_wconf 87' lang='lat' dir='ltr'><strong>haec</strong></span> <span class='ocrx_word' id='word_1_371' title='bbox 580 2570 709 2620; x_wconf 81' lang='lat' dir='ltr'><strong>plane</strong></span> <span class='ocrx_word' id='word_1_372' title='bbox 750 2570 1028 2619; x_wconf 87' lang='lat' dir='ltr'><strong>omittantur,</strong></span> <span class='ocrx_word' id='word_1_373' title='bbox 1074 2566 1345 2607; x_wconf 85' lang='lat' dir='ltr'><strong>statuendum</strong></span> <span class='ocrx_word' id='word_1_374' title='bbox 1377 2576 1441 2606; x_wconf 89' lang='lat' dir='ltr'><strong>est</strong></span> <span class='ocrx_word' id='word_1_375' title='bbox 1467 2565 1710 2604; x_wconf 81' lang='lat' dir='ltr'><strong>Lucianum</strong></span> 
     </span>
     <span class='ocr_line' id='line_1_43' title="bbox 255 2619 1707 2675; baseline 0 -13"><span class='ocrx_word' id='word_1_376' title='bbox 255 2630 335 2665; x_wconf 69' lang='lat' dir='ltr'><strong>¹¹ss0</strong></span> <span class='ocrx_word' id='word_1_377' title='bbox 359 2619 409 2658; x_wconf 82' lang='lat' dir='ltr'><strong>de</strong></span> <span class='ocrx_word' id='word_1_378' title='bbox 433 2622 667 2675; x_wconf 89' lang='lat' dir='ltr'><strong>Antiocho,</strong></span> <span class='ocrx_word' id='word_1_379' title='bbox 698 2639 774 2665; x_wconf 87' lang='lat' dir='ltr'><strong>nec</strong></span> <span class='ocrx_word' id='word_1_380' title='bbox 793 2625 843 2665; x_wconf 80' lang='lat' dir='ltr'><strong>de</strong></span> <span class='ocrx_word' id='word_1_381' title='bbox 862 2625 1126 2672; x_wconf 71' lang='lat' dir='ltr'><strong>Stratonice,</strong></span> <span class='ocrx_word' id='word_1_382' title='bbox 1159 2638 1234 2664; x_wconf 88' lang='lat' dir='ltr'><strong>nec</strong></span> <span class='ocrx_word' id='word_1_383' title='bbox 1255 2623 1305 2662; x_wconf 91' lang='lat' dir='ltr'><strong>de</strong></span> <span class='ocrx_word' id='word_1_384' title='bbox 1325 2635 1463 2662; x_wconf 81' lang='lat' dir='ltr'><strong>amore</strong></span> <span class='ocrx_word' id='word_1_385' title='bbox 1482 2621 1707 2675; x_wconf 62' lang='lat' dir='ltr'><strong>constasse,</strong></span> 
     </span>
     <span class='ocr_line' id='line_1_44' title="bbox 258 2672 1708 2727; baseline 0 -13"><span class='ocrx_word' id='word_1_386' title='bbox 258 2672 330 2714; x_wconf 66' lang='lat' dir='ltr'><strong>sed</strong></span> <span class='ocrx_word' id='word_1_387' title='bbox 360 2676 599 2718; x_wconf 78' lang='lat' dir='ltr'><strong>Perdiccam</strong></span> <span class='ocrx_word' id='word_1_388' title='bbox 624 2681 845 2727; x_wconf 78' lang='lat' dir='ltr'><strong>attulisse,</strong></span> <span class='ocrx_word' id='word_1_389' title='bbox 877 2682 1091 2720; x_wconf 75' lang='lat' dir='ltr'><strong>hominem</strong></span> <span class='ocrx_word' id='word_1_390' title='bbox 1123 2679 1353 2719; x_wconf 85' lang='lat' dir='ltr'><strong>celebratae</strong></span> <span class='ocrx_word' id='word_1_391' title='bbox 1386 2676 1708 2726; x_wconf 76' lang='lat' dir='ltr'><strong>imbecillitatis,</strong></span> 
     </span>
     <span class='ocr_line' id='line_1_45' title="bbox 258 2733 1711 2795; baseline 0.002 -26"><span class='ocrx_word' id='word_1_392' title='bbox 258 2738 305 2768; x_wconf 86' lang='lat' dir='ltr'><strong>ut</strong></span> <span class='ocrx_word' id='word_1_393' title='bbox 329 2733 499 2774; x_wconf 83' lang='lat' dir='ltr'><strong>vocavit</strong></span> <span class='ocrx_word' id='word_1_394' title='bbox 527 2736 667 2777; x_wconf 70' lang='lat' dir='ltr'><strong>(Jeme-1</strong></span> <span class='ocrx_word' id='word_1_395' title='bbox 663 2755 725 2780; x_wconf 79' lang='lat' dir='ltr'><strong>us</strong></span> <span class='ocrx_word' id='word_1_396' title='bbox 789 2740 930 2795; x_wconf 78' lang='lat' dir='ltr'><strong>Atque</strong></span> <span class='ocrx_word' id='word_1_397' title='bbox 954 2739 1011 2778; x_wconf 76' lang='lat' dir='ltr'><strong>itu</strong></span> <span class='ocrx_word' id='word_1_398' title='bbox 1035 2741 1160 2791; x_wconf 78' lang='lat' dir='ltr'><strong>plane</strong></span> <span class='ocrx_word' id='word_1_399' title='bbox 1188 2751 1279 2777; x_wconf 88' lang='lat' dir='ltr'><strong>non</strong></span> <span class='ocrx_word' id='word_1_400' title='bbox 1295 2734 1444 2784; x_wconf 88' lang='lat' dir='ltr'><strong>video,</strong></span> <span class='ocrx_word' id='word_1_401' title='bbox 1478 2747 1550 2774; x_wconf 84' lang='lat' dir='ltr'><strong>cur</strong></span> <span class='ocrx_word' id='word_1_402' title='bbox 1570 2733 1711 2788; x_wconf 73' lang='lat' dir='ltr'><strong>Magi</strong></span> 
     </span>
    </p>
   </div>
  </div>
 </body>
</html>
