1834 3188
283 182 384 228 476
634 191 1396 222 ΛυΝοΤΑΤιοΝΕε

282 292 407 341 bant,
453 288 678 330 dicendum
701 289 833 330 fuisse
858 289 922 331 ἐπὶ
943 293 992 345 τῆ
1005 284 1116 341 ἠϊόνι
1145 287 1340 343 καθεζόμ
1329 307 1418 331 νον
1444 294 1494 357 τῇ
1509 288 1742 344 κυματῶδει.

281 351 372 388 Ms.
397 362 472 401 pro
491 348 555 389 ἐπὶ
573 364 643 399 την
665 344 879 399 κυματωδη
900 318 1086 385 scribit'
1070 347 1134 388 επὶ
1151 345 1224 399 τὴν
1243 360 1502 400 κυματωγην·
1535 349 1648 403 quod
1670 364 1742 387 ar-

282 414 486 470 gumento
512 413 596 453 est,
627 404 690 445 ἐπὶ
709 407 758 458 τῆ
776 400 888 455 ἠιόνι
917 416 1007 442 esse
1037 405 1243 467 glossam,
1277 413 1318 443 et
1345 403 1741 468 interpretationem

280 460 496 515 magistri,
529 473 634 530 quae
661 459 707 497 in
731 469 979 499 contextum
1006 459 1190 512 irrepsit.
1248 459 1435 500 Indubie
1452 460 1625 514 scripsit
1646 461 1743 500 Lu-

281 521 444 558 cianus:
475 518 553 569 ἔφη
573 533 648 585 γαρ
670 513 895 568 ἄνθρωπόν
921 533 1010 557 τινα
1031 516 1095 557 ἐπὶ
1112 515 1184 568 τὴν
1211 514 1451 571 κυματωγὴν
1467 515 1744 570 καθεζόμενον

279 572 467 628 ἇριθμεῖν
494 571 543 614 τὰ
571 571 745 625 κύματα,
776 572 885 612 dimit
914 575 1034 622 enim,
1078 572 1271 643 quendam
1302 576 1343 612 in
1377 573 1571 626 crepidine
1596 573 1743 613 littoris

280 630 517 680 consedisse,
548 640 591 668 ut
612 631 998 684 numerareifluctus.
1044 627 1271 684 Κυματωγὴ
1288 638 1350 669 est
1369 627 1471 682 ἠϊών
1488 628 1742 683 κυματῶὅης,

279 688 416 729 littus
441 685 556 738 quod
579 684 778 724 fluctibus
795 688 1002 738 pulsatur.
1064 685 1235 742 Hesych.
1258 685 1499 740 Κυματωγή,
1519 688 1651 740 ῥαχία,
1684 688 1743 728 αι’·

279 748 422 799 γιαλοῦ
446 740 702 797 ὖπεραγωγή.
761 742 876 780 Usus
899 742 1024 782 etiam
1046 740 1126 781 hac
1156 757 1260 782 voce
1277 743 1483 782 Lucianus
1502 752 1566 782 est
1587 743 1634 781 in
1655 742 1743 782 Ca·-

280 802 397 852 taplo
418 798 634 854 (Navigio
648 799 795 851 potius
817 813 853 837 c.
869 804 909 843 8.
924 801 960 850 ):
985 795 1201 854 Ἀπόξηροι
1219 800 1262 841 δέ
1281 801 1356 841 εἰσι
1372 800 1510 853 πέτραι
1531 800 1601 841 καὶ
1621 795 1745 850 ὀξεῖαι

277 855 635 926 παραθηγόμεναι
632 860 686 911 τῷ
703 853 915 908 κλυσματι,
946 856 1015 897 καὶ
1032 853 1318 909 φοβερωτατην
1335 862 1445 898 ποιεῖ
1464 855 1536 909 τὴν
1556 873 1746 910 κυματω-

277 911 378 968 γὴν,
420 914 487 954 καὶ
511 911 582 953 τὸν
608 913 709 965 ἠχον
740 913 879 974 μέγαν·
921 923 1031 951 erant
1060 929 1171 966 rupes
1200 912 1329 951 nudae
1360 923 1395 951 et
1425 929 1603 966 asperae,
1645 928 1744 967 quas

263 973 420 1025 fluctus
446 968 688 1023 pulsabant,
721 980 756 1008 ct
780 966 897 1008 υαῖἆε
924 968 1125 1008 Ῐιοννίὂίἶιε
1154 980 1235 1008 etat
1254 968 1332 1008 illa
1351 969 1506 1022 crepido
1527 979 1561 1007 et
1579 985 1745 1021 magnus

277 1028 469 1079 sttepitus.
529 1026 663 1063 Extat
693 1025 819 1063 etiam
850 1024 963 1077 apud
992 1025 1279 1064 Her‘odotum
1268 1041 1311 1063 1n
1337 1025 1557 1077 Calliope,
1587 1035 1635 1063 ut
1658 1024 1745 1062 du:-

278 1082 378 1120 dum
410 1080 598 1121 Budaeus
625 1080 889 1128 observavit,
933 1079 1046 1133 apud
1075 1095 1199 1134 quem
1232 1091 1371 1120 tamen
1408 1084 1515 1120 male
1542 1079 1743 1118 scribitur

275 1156 511 1193 κυματωγη,
546 1147 588 1176 et
610 1137 655 1175 in
675 1138 760 1177 Ms.
775 1138 952 1177 Luciani
971 1135 1186 1207 κ-υματογή.
1245 1137 1426 1176 Eusiatlz.
1447 1135 1499 1174 ad
1520 1136 1676 1188 Odyss.
1701 1133 1743 1186 ε’,

276 1196 461 1248 ἐπιωχαὶ,
493 1195 622 1247 ἐξοχαὶ
645 1210 746 1234 κατα
766 1211 860 1243 τους
881 1192 1078 1242 παλαιοὺς
1096 1196 1162 1235 καὶ
1180 1198 1340 1242 πλατεῖς
1360 1195 1547 1263 αἰγιαλοί.
1576 1191 1745 1245 μάλιστα

277 1253 319 1294 δὲ
349 1251 468 1293 τόποι
494 1252 645 1302 σκέπην
679 1251 845 1302 ἔχοντες
889 1252 991 1293 ἔνθα
1017 1252 1084 1291 καὶ
1112 1249 1188 1302 ι’ωή
1214 1252 1410 1299 τουτέστι,
1441 1247 1549 1302 πνοὴ
1578 1246 1745 1303 α’γνυται

275 1308 330 1361 μὴ
353 1309 502 1361 δυναμέ
485 1325 559 1376 Ἅνη
574 1305 724 1358 δηλαδὴ
746 1308 943 1377 προὶὲναι.
976 1304 1074 1348 καθ’
1095 1303 1310 1360 ομοιότητα
1330 1307 1371 1348 δὲ
1387 1303 1557 1354 τούτου,
1590 1306 1656 1347 καὶ
1672 1322 1745 1347 κυ-

275 1363 437 1420 ματωγὴ
460 1361 559 1417 παρ’
587 1361 794 1416 Ηροὸότῳ
816 1361 843 1417 ἦ
864 1361 962 1415 ακτὴ
982 1366 1083 1406 ἔνθα
1118 1363 1270 1436 δηλαδὴ
1288 1381 1336 1404 τα
1357 1361 1514 1416 κύματα
1533 1379 1741 1433 αγνυνται.

275 1424 454 1461 GnAizv.
516 1419 617 1461 Vid,
643 1420 814 1460 Timon.
834 1421 912 1459 sub
937 1420 1085 1459 finem:
1117 1420 1169 1473 μή
1186 1421 1318 1472 μέντοι
1339 1421 1377 1468 ἐς
1395 1419 1539 1487 βαθος,
1564 1436 1594 1460 ω
1613 1416 1740 1474 ’γαθὲ

274 1474 356 1519 αλλ
387 1476 485 1519 όσον
510 1477 550 1525 ἒς
570 1480 782 1530 βουβῶνας
810 1475 984 1530 ἕπεμβας
1012 1473 1148 1529 ολίγον
1173 1476 1253 1531 πρὸ
1284 1481 1357 1528 τῆς
1378 1473 1639 1528 κυματωδους
1655 1480 1741 1530 γῆς.

273 1534 362 1576 Ubi
388 1533 540 1572 itidem
572 1533 618 1570 in
642 1533 729 1571 Ms.
751 1533 911 1587 legitur
940 1531 1176 1586 κυματώγης
1207 1546 1284 1584 pro
1317 1531 1483 1570 duobus
1514 1532 1740 1584 postremis

274 1591 426 1630 verbis
486 1588 747 1628 Pronuntiat
775 1603 826 1627 ex
854 1589 1061 1628 Eustatlzio
1100 1591 1202 1628 Tan.
1235 1589 1384 1637 Faber,
1417 1591 1632 1641 vulgatam
1653 1602 1741 1627 esse

274 1651 495 1701 glossema.
566 1644 710 1693 Mihi,
754 1646 824 1682 cui
851 1645 1079 1684 Eustatlzius
1111 1645 1160 1683 ad
1202 1659 1370 1682 manum
1402 1658 1517 1682 nunc
1546 1658 1632 1683 non
1662 1653 1739 1695 est,

273 1703 464 1742 nondum
483 1702 636 1765 lique-t.
681 1701 828 1739 Locus
851 1715 872 1739 a
898 1700 1037 1740 Graez
1015 1717 1061 1740 ιο
1079 1701 1278 1739 laudatus
1303 1715 1390 1738 non
1412 1700 1456 1737 in
1477 1700 1656 1753 Cataplo
1678 1715 1741 1739 re-

272 1759 460 1813 peritur,
494 1757 566 1796 sed
597 1758 641 1794 in
663 1757 876 1811 Navigio:
908 1772 1051 1797 verum
1086 1758 1129 1795 in
1153 1771 1202 1795 eo
1235 1755 1346 1794 nihil
1369 1755 1521 1806 video,
1554 1755 1669 1809 quod
1689 1755 1741 1795 de

270 1816 417 1855 littore
442 1812 633 1866 intelligi
653 1813 894 1868 κυματωγὴν
912 1822 1052 1866 cogat.
1102 1812 1290 1852 Aliunde
1312 1811 1466 1852 habere
1485 1812 1596 1851 hanc
1616 1812 1741 1850 fabu-

269 1875 352 1911 lam
370 1870 567 1910 Aelianus
587 1869 778 1922 videtur,
813 1870 887 1922 qui
908 1870 1040 1919 XIII,
1069 1874 1130 1914 15
1154 1870 1252 1908 Var.
1274 1869 1386 1907 Hist.
1410 1883 1563 1907 nomen
1582 1869 1657 1906 isti
1675 1869 1739 1906 fa-

271 1939 348 1966 tuo
376 1927 482 1965 facit
505 1928 750 1968 Κοικυλίων.
812 1927 863 1965 G.
886 1928 949 1965 Μ.
974 1927 1022 1964 Ρ.
1047 1936 1088 1965 et
1113 1927 1167 1964 L.
1188 1922 1427 1978 κυματωγὴν
1452 1924 1632 1972 habent3
1664 1923 1738 1964 sed

270 1985 315 2023 in
341 1986 406 2023 M.
430 1998 553 2052 quem
576 1985 711 2021 solum
741 1982 833 2034 ipse
853 1982 1048 2035 inspexi,
1081 1983 1198 2034 prius
1221 1982 1361 2020 fuerat
1380 1983 1606 2033 κυματωδῆ.
1648 1981 1736 2020 Po-

269 2041 393 2096 lmen.
427 2056 537 2092 παρα
568 2036 642 2091 τὴν
672 2036 795 2089 ’ἥὶὸνα
822 2041 998 2088 παίζειν,
1031 2039 1159 2082 Strat
1182 2037 1215 2075 Ῑ.
1242 2052 1284 2090 p
1309 2041 1373 2080 28.
1411 2038 1579 2076 SOLAN.
1643 2042 1738 2078 Κυ-

268 2090 481 2150 ματωγὴν)
511 2095 605 2135 Etsi
628 2094 800 2133 Salanus
818 2095 1073 2132 Editionum
1096 2093 1323 2134 lectionem
1343 2093 1556 2147 κυιιατώδη
1576 2093 1736 2133 servari

268 2153 484 2201 maluerit,
518 2165 598 2205 ego
624 2150 696 2189 hic
720 2150 886 2190 Graevio
910 2160 950 2190 et
970 2152 1162 2205 quinque
1185 2150 1292 2190 Mss.
1315 2152 1462 2202 potius
1485 2148 1734 2199 auscultavi,

268 2210 371 2249 licet
390 2212 637 2247 alterutrum
658 2221 736 2259 pro
760 2209 1012 2260 glossemate
1035 2208 1171 2260 possit
1190 2205 1360 2256 haberi,
1393 2217 1442 2245 ut
1463 2207 1526 2248 ἐπι
1543 2210 1593 2261 τῇ
1611 2203 1735 2258 ἠϊόνι,

269 2277 342 2304 aut
367 2266 430 2307 ε’πι
446 2264 517 2317 τὴν
539 2261 780 2318 κυματωγὴν
801 2262 1061 2315 superfluum
1093 2264 1163 2304 sit.
1197 2264 1316 2301 RmT
1325 2279 1360 2301 z.
1422 2263 1578 2301 Lectio
1601 2279 1735 2313 κυμα-

267 2320 401 2376 τωγὴν
420 2320 521 2360 satis
541 2319 721 2358 fulcitur
740 2319 914 2371 optimis
938 2319 1223 2365 testimoniis,
1257 2330 1298 2358 et
1325 2319 1378 2357 iis
1401 2332 1593 2373 quoque,
1625 2330 1733 2369 quae

270 2378 321 2416 ad
340 2376 582 2417 Timonisl.
601 2378 630 2417 1.
653 2375 702 2413 ab
726 2375 1048 2414 Hemsierhusio
1039 2375 1244 2428 imprimis
1267 2384 1308 2414 et
1331 2377 1432 2415 Tan.
1446 2375 1577 2413 Fabro
1600 2372 1731 2412 adno-

268 2443 355 2472 tata
374 2443 489 2473 sunt.
550 2433 813 2471 Alterutrum
833 2446 933 2471 vero
954 2431 1128 2471 horum:
1161 2432 1224 2473 ἐπὶ
1241 2436 1291 2487 τῆ
1304 2428 1412 2483 ἠϊόνι
1433 2439 1474 2470 et
1494 2431 1556 2471 ἐπὶ
1573 2430 1645 2481 τὴν
1661 2446 1732 2470 κυ-

267 2489 480 2544 ματωγὴν,
514 2487 772 2553 superfluum
798 2502 904 2538 esse,
938 2497 999 2537 et,
1034 2498 1081 2526 ut
1107 2487 1294 2528 Graevius
1316 2489 1397 2536 ait,
1429 2500 1505 2539 p1o
1526 2486 1731 2538 interpre-

268 2547 433 2585 tatione
461 2544 653 2599 magistri
682 2543 948 2593 habendum,
981 2554 1069 2582 tum
1098 2544 1291 2583 lubenter
1319 2519 1568 2591 coricedam,
1600 2556 1730 2595 quum

269 2604 338 2639 vel
359 2600 691 2640 demonstratum
714 2599 848 2638 fuerit
869 2598 971 2653 ἦῑων
999 2610 1041 2640 et
1064 2597 1277 2655 κυματωγὴ
1305 2599 1408 2638 adeo
1431 2596 1539 2636 idem
1560 2597 1732 2651 signifi-

270 2670 387 2705 care,
419 2666 467 2693 ut
488 2657 532 2694 in
563 2671 650 2695 uno
683 2654 917 2709 eodemque
945 2660 1043 2695 loco
1075 2667 1297 2709 utrumque
1327 2653 1432 2707 poni
1463 2668 1550 2692 non
1575 2653 1730 2707 possit,

271 2715 338 2752 vel
362 2711 488 2752 etiam
522 2713 807 2764 explicatum,
841 2713 916 2766 qui
938 2712 1030 2752 fieri
1059 2712 1275 2766 potuerit,
1307 2719 1354 2749 ut
1378 2725 1399 2749 a
1417 2711 1684 2764 glossatore'
1667 2712 1732 2752 επὶ
