1834 3188
387 193 487 241 322
608 204 809 237 Lucum
844 201 1015 235 VERAE
1053 201 1320 234 HISTORIAE
1356 205 1447 235 Lm.
1488 208 1539 239 ιι.

244 322 279 356 p.
296 317 374 354 ²4⁰·
388 308 461 358 τῆς
480 302 613 356 ἑτέρας
632 306 705 357 γῆς
727 301 1013 356 συνενεχθέντα
1032 316 1100 352 μοι
1117 301 1161 342 ἓν
1183 303 1232 356 τῇ
1253 298 1451 360 θαλάττῃ,
1482 304 1549 345 καὶ
1567 300 1677 358 παρὰ
1699 301 1770 344 τόν

388 377 520 416 πλοῦν
548 373 590 414 ἕν
613 376 699 420 ταῖς
726 369 890 424 νήσοις,
933 369 1002 411 καὶ
1030 369 1072 411 ἐν
1092 373 1149 426 τῷ
1168 363 1275 423 ἆέρι,
1316 370 1383 412 καὶ
1405 369 1501 424 μετὰ
1516 376 1640 413 ταῦτα
1659 374 1697 418 ⁸)
1727 371 1772 412 ἒν

387 446 446 497 τῷ
464 439 592 496 κήτει,
625 441 691 481 καὶ
709 441 793 482 ἐπεὶ
815 437 1057 492 ἐξήλθομεν,
1099 435 1210 492 παρά
1230 455 1270 479 τε
1290 445 1373 487 τοῖςΙ
1399 437 1550 492 ἥρωσι,
1596 439 1662 481 καὶ
1686 443 1771 487 τοῖς

246 522 284 557 P·
298 521 375 554 ¹4²·
390 506 559 563 ὀνείροις
574 542 584 559 ,
624 509 690 550 καὶ
711 506 758 549 τὰ
780 511 980 549 τελευταῖα
995 539 1006 557 ,
1036 505 1146 562 παρὰ
1166 511 1248 554 τοῖς
1270 506 1568 560 Βουκεφάλοις,
1598 508 1668 549 καὶ
1686 511 1773 555 ταῖς

384 577 692 626 Ὀνοσκελέαις·
724 572 771 616 τὰ
792 571 835 616 δ’
857 575 920 616 ε’πὶ
938 579 1009 629 τῆς
1030 579 1127 631 γῆς,
1158 576 1200 617 ἐν
1220 580 1306 623 ταῖς
1334 575 1424 628 ἑξῆς
1449 578 1601 630 βίβλοις
1634 574 1771 630 διηγή-

392 658 526 701 σομαι.

439 751 480 792 s)
505 744 623 793 μετὰ
644 746 817 787 ταῦτα]
842 741 926 789 μετ’
947 742 1046 780 αὐτοὶ
1066 755 1168 790 2954.

391 841 581 888 tionem,
633 839 678 878 in
711 838 888 888 insulis,
940 847 982 878 et
1012 838 1057 877 in
1118 837 1231 891 apud
1260 837 1532 890 Bucephalos
1572 847 1614 876 et
1647 836 1775 875 Ono-

393 903 509 948 εέτε,
543 907 584 936 et
605 905 702 950 post
729 895 833 934 haec
858 896 903 933 in
936 905 1056 944 ceto,
1117 897 1292 934 sceleas:
1320 909 1427 946 quae
1446 893 1605 933 veroin
1626 891 1776 932 illaal-

392 964 435 994 et
453 969 548 993 cum
569 953 669 992 inde
688 952 1057 1002 exiissemus‚tum
1116 962 1198 990 tera
1238 955 1389 990 tellure
1424 961 1534 1004 gesta
1570 953 1672 999 sint,
1727 962 1776 987 ea

393 1010 508 1063 apud
527 1012 708 1058 Heroas,
742 1018 828 1047 tum
852 1009 963 1047 inter
984 1008 1059 1046 So·
1116 1008 1327 1062 proximis
1347 1007 1470 1046 libris
1492 1019 1734 1060 persequar.

393 1067 533 1119 mnia,
565 1067 753 1120 itemque
776 1075 960 1105 extrema
984 1064 1058 1104 ina
