1834 3188
332 198 435 247 316
823 205 1237 238 LUCIANI

189 320 318 366 P=¹56·
332 306 433 367 παρ’
461 305 598 363 ὀλίγον
629 304 807 349 ἐλθοῦσα
837 307 1134 359 κατενεχθῆναι.
1173 300 1479 360 ὑπερκύψαντες
1505 305 1548 350 δὲ
1574 303 1709 361 ἡμεῖς,

331 381 518 434 ἑωρῶμεν
537 372 669 432 βάθος
691 371 790 416 ὅσον
825 373 995 415 σταδίων
1011 374 1174 426 χιλίων,
1203 372 1310 427 μάλα
1335 372 1516 432 φοβερὸν
1540 377 1607 418 καὶ
1634 393 1713 418 πα-

330 446 508 504 ράδοξον
523 455 533 465 ·
564 438 730 495 εἱστήκει
751 439 827 496 γὰρ
848 438 893 483 τό
914 438 1024 497 ὕδωρ
1049 438 1181 497 ὥςπερ
1204 443 1485 497 μεμερισμένον
1498 455 1508 465 ·
1537 444 1711 499 περιβλέ-

329 531 473 564 ποντες
495 512 537 555 δὲ
547 542 560 562 ,
594 507 750 564 ὁρῶμεν
769 506 870 552 κατὰ
891 506 997 560 δεξιὰ
1015 504 1065 552 οὗ
1084 507 1195 552 πάνυ
1213 509 1429 565 πόῤῥωθεν
1448 507 1498 562 ¹¹)
1529 513 1713 568 γέφυραν

327 581 613 637 ἐπεζευγμένην
634 575 671 631 i)
699 576 849 627 ’ὕδατος
872 575 1149 628 συνάπτοντος
1175 576 1224 620 τὰ
1241 576 1393 634 πελάγη
1408 576 1508 621 κατὰ
1527 579 1600 633 τὴν
1628 581 1712 623 ε’πι-

328 651 505 706 φάνειαν
517 682 529 700 ,
559 643 637 704 κᾲκ
657 641 706 698 k)
737 650 810 700 τῆς
826 645 960 701 ἑτέρας
976 643 1180 700 θαλάττης
1199 647 1241 696 ἒς
1255 643 1328 700 τὴν
1347 646 1483 703 ἑτέραν
1504 648 1713 704 διαρᾇον-

327 737 411 770 τος.
439 714 757 773 προςελάσαντες
776 708 852 757 οὖν
869 718 954 764 ταῖς
973 712 1150 766 κώπαις,
1182 711 1274 757 κατ’
1293 716 1422 760 έκεῖνο
1439 710 1483 765 1)
1511 713 1711 769 παρεδρά-

327 804 481 844 μομεν,
509 786 579 828 καὶ
597 781 693 838 μετὰ
714 786 863 837 πολλῆς
883 778 1061 838 ἀγωνίας
1090 778 1364 838 ἐπεράσαμεν,
1404 779 1553 826 οὔποτε
1580 798 1712 838 προς-

247 857 302 899 44
328 853 588 911 δοκήσαντες.
623 847 878 895 Τοῦντεῦθεν
894 850 950 901 ⁴3)
975 847 1083 904 ἡμᾶς
1098 846 1305 904 ὗπεδέχετο
1323 849 1493 906 πέλαγός
1506 867 1546 894 τε
1561 867 1712 906 προςη-

327 925 416 976 νὲς,
445 923 515 966 καὶ
534 924 662 975 νῆσος
683 914 735 962 οὕ
756 914 926 974 μεγάλη,
957 915 1190 974 εὖπρόςιτος
1210 920 1288 969 ¹¹¹),
1319 919 1615 973 συνοικουμένη
1634 915 1684 974 ¹¹)
1699 931 1712 943 ·

323 994 514 1049 ἐνέμοντο
546 990 590 1035 δὲ
618 983 748 1042 αὐτὴν
779 984 995 1041 ἅνθρωποι
1021 984 1182 1044 ἄγριοι,
1233 986 1515 1042 Βουκέφαλοι,
1565 986 1713 1042 κέρατα

414 1109 597 1153 quuntm,
622 1113 666 1139 ex
683 1104 775 1149 Aug.
792 1101 988 1136 restituere
1029 1100 1159 1143 lacuit,
1183 1101 1409 1135 assentiente
1425 1099 1618 1146 Schaffero
1627 1100 1714 1134 Me-

413 1155 496 1188 lett.
516 1164 554 1197 p.
575 1151 633 1197 96.
652 1149 717 1195 qui
745 1149 792 1183 ab
819 1160 845 1183 α
861 1157 992 1192 praece
1020 1152 1105 1181 ente
1129 1147 1260 1181 elisam
1286 1158 1364 1180 esse
1384 1146 1624 1192 negationem
1643 1157 1712 1180 su-

412 1200 596 1245 spicatur.
641 1196 689 1240 h)
713 1190 1096 1240 περιβλέποντες
1118 1191 1187 1236 δὲ,
1212 1189 1401 1238 ὁρῶμεν
1423 1188 1545 1227 κατα
1567 1192 1709 1235 δεξιοὶ

413 1241 473 1281 οὐ
503 1242 628 1279 πάνυ
650 1238 933 1287 πόῤῥωθεν]
973 1240 1095 1284 Vulgo
1125 1239 1200 1273 sic:
1237 1241 1380 1285 περιβλ.
1403 1237 1444 1274 δὲ
1460 1237 1558 1274 κατὰ
1587 1238 1707 1282 δεξιᾶ,

415 1288 564 1336 ὁρῶμεν
582 1286 797 1334 πόῤῥωθεν.
851 1283 908 1322 Οὔ
922 1282 1023 1321 πάνυ
1042 1285 1272 1320 interserunt
1291 1285 1412 1320 Codd.
1433 1295 1535 1331 2954.
1556 1285 1652 1330 Aug.
1672 1289 1712 1318 et

415 1338 527 1372 Gorl.
552 1336 712 1381 probata
732 1333 859 1367 Belino
888 1337 928 1366 et
957 1331 1146 1376 Schaefero
1172 1344 1210 1378 p.
1231 1344 1289 1377 97.
1314 1336 1352 1365 et
1373 1338 1529 1377 recepta
1547 1343 1571 1365 a
1591 1331 1708 1364 sclam.

413 1384 538 1417 Iidem
559 1382 618 1415 illi
637 1380 754 1415 Codd.
773 1384 961 1413 mutatum
977 1378 1180 1411 verborum
1201 1378 1372 1412 ordinem
1392 1377 1594 1420 dederunt,
1618 1387 1710 1422 pro-

410 1429 588 1464 bantibus
613 1427 759 1461 iisdem.
808 1425 881 1459 Sed
898 1422 994 1460 κατὰ
1009 1424 1136 1468 δεξίοιν
1156 1424 1193 1457 in
1215 1433 1315 1469 2954.
1335 1423 1437 1469 quod
1454 1424 1570 1458 Schm.
1585 1423 1625 1456 in
1643 1423 1708 1458 δε-

409 1472 497 1519 ξιοὶν
518 1479 708 1508 mutatum
736 1471 907 1515 admisit,
931 1470 1098 1505 referens
1122 1470 1163 1502 in
1180 1469 1290 1503 Tom.
1308 1471 1358 1503 Π.
1378 1481 1417 1514 p.
1435 1470 1546 1503 XLV.
1569 1469 1624 1502 sie
1651 1474 1709 1502 et-

409 1523 488 1556 iam
514 1521 557 1553 in
586 1522 681 1563 Aug.
715 1524 752 1551 et
776 1517 885 1550 Gorl.
911 1516 1008 1560 legi,
1053 1527 1170 1560 quum
1198 1516 1415 1559 Augustano
1444 1520 1548 1549 certe
1574 1514 1707 1548 Codici

409 1566 624 1611 Scltaejkrus
647 1566 675 1598 1.
702 1564 727 1598 l.
752 1561 847 1598 κατοὶ
876 1559 978 1605 δεξιοὶ
1010 1561 1210 1595 adscribat.
1274 1562 1365 1595 Uter
1392 1561 1530 1596 rectius
1558 1560 1707 1602 tradat,

407 1625 487 1647 non
510 1611 697 1646 definiam.
724 1608 920 1654 Quidquid
938 1613 1064 1642 autem
1085 1608 1152 1650 sit,
1177 1619 1199 1640 a
1222 1606 1373 1651 vulgata
1390 1607 1553 1640 lectione
1572 1606 1613 1639 in
1633 1605 1708 1640 hac

407 1658 562 1705 quidem
581 1668 675 1690 voce
694 1667 773 1688 non
794 1655 973 1699 putabam
988 1652 1240 1687 recedendum
1263 1663 1352 1687 esse.
1379 1651 1556 1686 cetorum
1575 1652 1709 1684 Sohae-

399 1707 507 1752 serus
534 1703 670 1737 maluit
691 1700 728 1736 δ’
752 1700 946 1746 ἑωρῶμεν,
972 1700 1234 1745 quamobrem,
1259 1709 1338 1731 non
1363 1698 1476 1743 plane
1501 1697 1705 1742 perspicia,

406 1752 446 1792 i)
473 1747 845 1794 ἐπεζευγμένην]
878 1742 980 1787 ὖπεζ.
997 1747 1092 1790 Aug.
1163 1744 1211 1788 k)
1236 1742 1351 1789 κᾴκ]
1385 1742 1426 1779 ἐκ
1443 1743 1542 1777 idem
1571 1754 1703 1787 repro-

405 1799 521 1832 bante
546 1796 748 1840 Schaffem.
809 1794 846 1835 l)
873 1788 977 1827 naz-²
1001 1790 1187 1834 ε’κεῖνο]
1213 1790 1346 1834 „Nihil
1366 1790 1428 1823 hic
1447 1790 1591 1824 variare
1607 1790 1702 1824 Edd„

404 1848 519 1876 notat
547 1840 740 1874 Solanus.“
808 1840 851 1879 *)
876 1836 1200 1878 τούντεῦθεν]
1225 1836 1401 1872 ἐντεῦθεν
1420 1845 1522 1881 2954.
1543 1842 1579 1869 et
1597 1847 1703 1879 30¹¹*

403 1891 469 1932 m)
496 1884 811 1930 εὖπρόςιτος]
836 1881 1113 1930 ,,εὕπροςίτως]
1146 1885 1204 1917 Ita
1230 1893 1308 1917 esse
1331 1883 1372 1916 in
1400 1884 1432 1915 J.
1461 1882 1515 1915 ΓΙ.
1534 1883 1578 1914 Β.
1597 1893 1631 1915 2.
1654 1882 1704 1915 H,

405 1938 491 1968 Par.
511 1940 548 1968 et
565 1935 602 1968 S.
621 1939 728 1966 notat
749 1932 919 1966 Solanus.
968 1931 1093 1964 Etiam
1111 1928 1195 1962 Ald.
1219 1941 1249 1962 1.
1271 1931 1331 1972 (et
1350 1929 1411 1970 2.)
1428 1926 1484 1960 sic
1504 1927 1638 1971 habet,
1664 1933 1702 1960 et

403 1982 493 2013 Fr.“
539 1979 612 2014 Sed
634 1979 898 2021 conjecturam
920 1976 1045 2010 ,Solani
1069 1980 1107 2009 et
1129 1975 1273 2008 Gesneri
1297 1973 1524 2007 confirmant
1550 1974 1643 2017 Aug.
1663 1979 1702 2008 et

402 2026 514 2061 Gorl.
563 2026 622 2062 Cf.
641 2025 780 2061 Adnot.
826 2024 877 2068 n)
902 2033 924 2060 σ
934 2035 957 2058 υ
966 2034 989 2059 ν
1000 2035 1021 2060 ο
1036 2036 1049 2058 ι
1059 2034 1081 2057 κ
1093 2033 1114 2057 ο
1124 2033 1148 2056 v
1157 2033 1183 2067 μ
1193 2018 1210 2056 ἑ
1221 2032 1242 2055 ν
1253 2020 1303 2066 η]
1330 2018 1443 2057 {vom-
1463 2019 1561 2062 conj.
1579 2020 1698 2054 Reitz,

1035 2134 1152 2182 geret
1175 2125 1398 2179 utriusque
1417 2122 1561 2177 pelagi
1587 2136 1701 2161 sum-

1034 2197 1123 2222 mas
1155 2196 1273 2231 oras,
1315 2190 1359 2220 et
1389 2194 1443 2220 ex
1471 2193 1560 2218 uno
1590 2178 1698 2218 mari

1035 2240 1079 2278 in
1099 2242 1278 2277 alterum
1296 2235 1575 2276 transfluetet,
1594 2235 1699 2274 Huo

313 2132 392 2171 bus
422 2146 501 2172 non
526 2131 655 2170 facile
689 2129 831 2179 stetit,
881 2142 978 2168 cum

312 2203 461 2243 parum
493 2186 724 2236 abfuisset,
767 2186 870 2241 quin
896 2183 979 2224 de—

311 2247 510 2285 ferretur.
569 2243 664 2282 Nos
689 2256 790 2282 vero
824 2240 977 2294 capiti-

311 2300 391 2340 bus
424 2299 632 2354 porrectis
663 2298 976 2352 despicientes,

312 2356 578 2410 profundum
617 2354 866 2396 videbamus
907 2354 977 2392 vel

312 2413 432 2452 mille
470 2411 732 2463 stadiorum,
785 2408 976 2450 terribile

313 2468 541 2508 admodum
587 2478 716 2522 atque
754 2465 977 2507 admiran-

313 2523 429 2564 dum.
467 2524 617 2564 Stabat
639 2524 752 2563 enim
773 2525 892 2561 velut
914 2520 974 2559 tli-

313 2579 405 2618 visa
430 2594 549 2634 aqua.
610 2578 977 2631 Circumspicien-

315 2644 377 2674 tes
394 2635 565 2676 videmus
589 2636 644 2675 cul
665 2636 849 2675 dextram
867 2633 976 2673 Ῐιαιιιῑ

316 2690 529 2730 admodum
548 2692 691 2743 procul
708 2701 881 2744 pontem
907 2691 977 2728 in-

316 2750 509 2800 junctum
534 2762 585 2788 ex
612 2762 734 2801 aqua,
751 2761 857 2800 quae
884 2750 977 2797 jun-

1035 2295 1169 2350 igitur
1191 2295 1401 2348 agitantes
1419 2293 1551 2331 navim
1568 2290 1696 2329 remis

1033 2365 1205 2392 cursum
1226 2350 1444 2399 fleximus,
1475 2348 1696 2400 multoque

1033 2407 1179 2448 labore
1191 2406 1445 2459 trajecimus,
1461 2400 1575 2457 quod
1587 2416 1697 2440 nun-

1035 2479 1160 2518 quam
1189 2473 1519 2516 speraveramus0
1578 2458 1696 2497 Hinc

1034 2520 1208 2572 excepit
1239 2532 1317 2557 nos
1347 2529 1459 2554 mare
1480 2513 1696 2567 placidum

1036 2586 1079 2617 et
1113 2576 1254 2614 insula
1284 2586 1371 2611 nou
1398 2584 1576 2624 magna,
1618 2585 1695 2610 ac..

1036 2646 1156 2672 cessu
1174 2629 1330 2677 facilis,
1364 2626 1570 2665 habitata.
1604 2627 1693 2666 Ha-

1036 2687 1190 2727 bebant
1230 2685 1345 2723 illam
1383 2682 1578 2722 homiues
1620 2684 1694 2722 fe..

1037 2744 1087 2793 ri,
1101 2740 1334 2795 Buceplmli
1355 2740 1649 2792 [Τιιιινίςῐρίιεε
1659 2740 1691 2791 ],
