1834 3188
414 218 468 249 m
501 216 666 248 VERAE
704 214 975 245 ms'ronmu
1011 215 1103 246 Lm.
1142 216 1195 246 11.
1433 203 1533 249 669

71 331 231 366 κεισαν,
265 314 449 354 diximus
470 313 524 354 ad>
545 320 579 358 1.
605 314 701 355 Ver.
725 314 837 355 Hist.
859 328 893 353 c.
920 319 984 358 13.
1033 313 1100 353 Ita
1118 323 1160 353 et
1177 313 1458 366 Jungermann.
1479 313 1534 352 ad

72 374 202 426 Long.
224 374 335 412 Past.
357 376 452 415 220.
476 370 637 424 εὔχοντο
662 381 703 409 et
719 371 890 423 ηὔχοντο
909 370 1152 423 promiscue
1177 371 1329 418 scribi,
1363 370 1534 422 aliaque

71 430 230 469 similia
262 429 407 478 docet,
443 437 485 466 et
511 429 668 466 frustra
696 427 805 466 illud
832 426 1019 480 εὔχοντο,
1053 425 1170 480 quod
1200 442 1266 479 ap.
1291 427 1421 480 Long.
1443 427 1531 466 III.

70 501 111 539 p.
135 491 201 529 94.
226 485 386 525 editum
409 484 696 536 conspicitur,
729 483 774 521 in
799 482 970 538 ηὔχοντο
990 483 1170 532 mutari,
1205 483 1413 522 observat.
1452 483 1535 522 Im-

69 558 137 582 mo
163 543 260 597 quia
284 541 496 594 κατηγόρει
519 550 560 579 et
582 539 836 594 κατηγόρηκα
870 540 975 579 locis
999 539 1049 578 ab
1079 539 1228 579 Solano
1262 541 1403 578 citatis
1434 540 1535 580 No-

70 609 155 638 ster
177 599 339 651 ubique
363 598 484 647 dixit,
502 606 622 635 tanto
643 597 784 634 minus
809 596 986 636 debebat
1008 595 1052 634 id
1077 611 1191 635 nunc
1212 607 1394 643 mutare;
1428 598 1533 651 quin

69 666 111 695 et
132 656 293 709 reliqua
315 657 405 706 ejus
429 653 673 692 testimonia
697 662 844 691 contra
865 654 1003 706 ipsum
1028 653 1210 693 faciunt.
1251 653 1309 691 Et
1333 652 1533 703 Graevius,

68 711 121 750 ad
142 713 277 753 Mort.
301 712 417 749 Dial.
440 710 625 750 XXVII.
648 711 680 763 ξ.
694 714 733 752 7.
754 709 786 748 f.
808 709 860 748 ad
881 709 1008 748 verba
1031 710 1178 751 ἑαυτοῦ
1193 707 1406 764 κατηγόρει
1424 709 1534 763 φθά-

67 784 140 817 σας
169 767 335 822 aliquid
367 775 697 814 commentatus,
730 764 792 803 ibi
820 775 960 804 tamen
985 765 1035 805 de
1066 765 1262 806 addendo
1286 777 1531 822 augmento,

67 826 148 865 etsi
174 834 339 877 tempus
361 824 528 875 imperf.
548 832 590 860 et
616 822 677 860 ibi
700 831 784 871 est,
816 822 928 860 nihil
950 822 1075 862 dixit.
1119 825 1282 864 Rmrz.

184 882 284 935 Pag.
299 885 394 924 282.
415 882 440 920 l.
466 884 502 921 1.
537 882 630 919 Nfiv
653 880 724 932 μὲν
743 875 864 920 αὐτὸν
886 876 1076 930 πιόμενον
1092 885 1164 921 τοῦ
1183 878 1422 935 ἐλλεβόρου)
1456 881 1530 923 Th.

64 939 233 991 DIagist.
257 953 292 979 v.
313 939 467 989 πίομαι.
499 937 669 976 somn.
727 935 811 976 Sed
834 934 1044 990 ἐλλεβόρου
1063 935 1276 990 adspirate
1299 936 1413 990 apud
1427 938 1532 977 leo-

62 1011 167 1034 mam
190 994 380 1034 invenio.
412 993 579 1032 Ram-z.

174 1050 279 1091 Ead.
300 1053 328 1089 1.
349 1055 389 1093 6.
439 1050 646 1099 Τοςαῦτα)
687 1049 757 1088 Sic
788 1063 865 1102 pro
894 1054 1082 1101 τοιαῦτα,
1125 1049 1241 1105 quod
1272 1059 1336 1090 est
1366 1050 1413 1089 in
1445 1050 1529 1092 Ed.

57 1107 229 1156 Reiizii,
261 1104 553 1158 reponendum
585 1120 637 1144 ex
667 1106 774 1146 Mss.
803 1107 938 1160 Regg.
968 1111 1092 1151 2954.
1126 1117 1168 1147 et
1198 1113 1323 1151 3011.
1359 1108 1532 1146 monuit

60 1155 235 1204 Belinus.
296 1162 378 1202 Sed
399 1163 458 1200 ita
489 1165 572 1215 jam
595 1163 798 1216 scriptum
821 1162 1077 1202 offendimus
1102 1164 1145 1201 in
1165 1163 1246 1203 Ed.
1270 1164 1322 1202 B.
1351 1166 1389 1207 4.
1419 1174 1461 1204 et
1486 1164 1531 1204 S.

61 1222 159 1262 Bm.
219 1222 279 1259 Et
304 1219 347 1257 in
378 1219 579 1271 reliquis,
616 1233 720 1272 quas
751 1220 973 1268 consului,
1007 1220 1205 1259 omnibus
1231 1219 1342 1259 Edd,
1402 1219 1533 1260 Vide-

63 1287 134 1316 tur
156 1277 298 1331 itaque
317 1275 527 1314 Reitziano
548 1281 712 1317 τοιαῦτα
732 1290 847 1316 error
869 1276 1041 1329 quidam
1065 1275 1246 1317 subesse.
1286 1278 1445 1320 LGm.

177 1332 281 1372 Ead.
310 1335 339 1373 l.
374 1336 439 1376 10.
487 1333 592 1387 Περὶ
625 1333 816 1389 προεδρ.)
859 1333 988 1374 Conf.
1024 1334 1144 1372 Dial.
1176 1342 1300 1376 mort.
1331 1334 1436 1376 XII.
1469 1349 1532 1388 pr.

63 1391 232 1430 SOLAN.

175 1445 279 1486 Eacl.
302 1448 330 1484 1.
356 1450 420 1489 12.
464 1442 589 1501 Παρὰ
620 1450 763 1502 Κῦρον
791 1444 862 1489 τόν
897 1447 1051 1503 Πέρσ.)
1084 1446 1159 1487 Th.
1181 1447 1302 1501 Mag.
1333 1462 1374 1489 v.
1397 1447 1533 1503 Παρᾶ.

62 1504 230 1544 SOLAN.

175 1560 271 1612 Pag.
292 1561 388 1603 283.
411 1561 439 1598 1.
462 1563 499 1602 1.
536 1553 691 1613 Οὗτος)
724 1559 794 1598 Sic
813 1561 909 1614 lego
931 1574 1009 1612 pro
1035 1557 1158 1613 οὕτω,
1192 1560 1307 1614 quod
1326 1561 1370 1599 in
1397 1561 1536 1600 omni-

64 1619 141 1656 bus
173 1616 248 1654 hic
279 1616 460 1668 reperio.
495 1616 660 1657 SOLAN,
721 1616 979 1658 Falsissime.
1043 1615 1159 1658 Οὕτω
1182 1627 1266 1656 est:
1301 1629 1403 1669 ium,
1436 1621 1534 1672 qui-

63 1677 135 1713 hus
155 1675 370 1726 cns-positis,-
403 1686 527 1724 quem
556 1673 792 1725 particulae
823 1671 929 1714 οὕτω
954 1688 1097 1723 usum,
1131 1674 1207 1727 qui
1236 1673 1276 1712 ei
1296 1675 1534 1713 communis

64 1740 129 1770 est
157 1743 251 1768 cum
275 1729 373 1767 Lat.
391 1731 475 1778 sic,
507 1727 638 1767 hodie
666 1743 790 1767 nemo
821 1729 1006 1782 ignorat.
1066 1729 1255 1768 Facilius
1281 1740 1422 1771 autem
1452 1744 1531 1784 pro

64 1785 258 1841 sequenti
282 1785 323 1826 δὲ
345 1799 366 1824 e
391 1784 529 1825 Codd.
551 1785 716 1839 aliquot
736 1784 887 1823 admisi
909 1784 978 1838 δή.
1007 1786 1168 1826 Lmrm.

176 1841 281 1881 Eacl.
299 1844 328 1881 1.
349 1847 414 1883 12.
448 1840 585 1882 Πύλαι
603 1846 729 1882 πᾶσαι
747 1839 962 1891 μονόξυλοι
979 1840 1298 1895 κινναμώμινοι)
1330 1843 1536 1884 Benedic—

68 1913 152 1940 tus:
180 1909 317 1953 portae
337 1913 390 1938 ex
408 1897 492 1937 solo
517 1900 755 1937 cinnamomi
776 1897 898 1950 ligno.
957 1898 1065 1937 Item
1089 1899 1199 1937 infra
1215 1930 1227 1948 ‚
1262 1901 1317 1948 εἰς
1339 1904 1444 1941 ναῦν
1465 1918 1536 1954 4⁶⁰-

66 1955 260 2006 νόξυλον,
308 1957 440 1993 navim
469 1953 598 1993 solido
630 1970 683 1994 ex
712 1953 819 2006 ligno
856 1957 1084 2009 conflatam.
1161 1954 1283 2008 Quae
1313 1956 1533 1996 versiones

69 2028 193 2066 quam
214 2013 304 2050 sint
337 2010 562 2060 absurdae,
596 2009 720 2049 docet
743 2012 857 2062 ipse,
892 2025 984 2048 cum
1007 2011 1150 2049 statim
1172 2013 1302 2065 βωμοὶ
1322 2011 1537 2064 μονόλιθοι

68 2071 220 2108 vertit:
243 2085 296 2108 ex
319 2084 394 2107 uno
419 2066 562 2119 lapide.
621 2066 672 2106 Id
696 2066 808 2105 enim
829 2069 944 2113 vult,
977 2067 1058 2105 ista
1079 2082 1166 2106 non
1187 2083 1275 2107 esse
1296 2070 1536 2122 composita

67 2141 120 2165 ex
141 2125 314 2173 frustis,
348 2122 421 2162 sed
444 2138 496 2162 ex
515 2137 601 2161 una
622 2122 739 2162 trabe
763 2132 805 2161 et
827 2133 1046 2178 segmento
1067 2122 1230 2164 arboris
1253 2134 1336 2164 tam
1357 2140 1536 2180 magnae

65 2191 243 2222 exsecta.
278 2181 424 2219 Gnos.

176 2237 276 2291 Pag.
295 2240 390 2281 284.
412 2237 440 2274 l·
464 2241 502 2280 3.
536 2236 708 2293 Πηχέων
737 2233 879 2278 ἕκατόν
907 2236 1151 2291 βασιλικῶν)
1182 2236 1281 2280 Vid.
1307 2252 1433 2292 supra
1455 2237 1534 2278 Ca·

66 2297 169 2348 tapl.
191 2308 282 2345 cap.
309 2299 373 2337 16.
406 2294 575 2333 SoLAN.

182 2350 283 2389 Eacl.
306 2354 335 2390 l.
358 2355 397 2393 6.
440 2347 638 2398 Πυὲλοις)
674 2344 856 2399 Πύελος,
884 2346 1063 2405 ὄρυγμα,
1095 2349 1270 2404 ἒμβατή,
1302 2351 1404 2393 ἔνθα
1434 2350 1534 2395 ἄπο·

68 2405 270 2450 λούονται.
329 2406 535 2459 Aristoph.
558 2405 700 2446 Schol.
729 2405 863 2446 Vct-st.
926 2406 1022 2449 Vid.
1045 2407 1180 2461 Hipp.
1205 2422 1237 2446 c.
1263 2413 1300 2451 6.
1332 2408 1502 2450 somn.

183 2462 286 2505 Ibssd.
324 2461 522 2514 Ἐσθῆτι)
564 2463 609 2501 Si
641 2461 865 2515 pristinam
895 2463 1135 2502 versionem
1161 2464 1387 2517 respicias,
1426 2480 1534 2519 quae

67 2519 264 2569 habebat,
284 2530 444 2558 utuntur
462 2530 587 2557 autem
608 2519 777 2557 vestibus
791 2521 996 2572 purpureis
1018 2529 1110 2569 etc.,
1133 2529 1293 2557 statuas
1313 2521 1456 2572 ἐσθῆσι
1474 2524 1535 2563 le-

71 2576 274 2630 gendum,
306 2586 355 2614 ut
384 2576 592 2614 referatur
623 2574 675 2613 ad
703 2574 947 2628 πορφύροις.
1007 2574 1091 2614 Sed
1117 2586 1165 2613 ut
1187 2577 1448 2616 constructio
1471 2579 1533 2617 sic

71 2631 223 2670 evadat
249 2632 443 2679 facilior,
475 2646 619 2671 sensus
647 2640 784 2670 tamen
810 2631 890 2670 erit
919 2630 1128 2670 deterior:
1161 2631 1272 2670 nam*
1291 2629 1402 2672 nihil
1426 2634 1532 2673 adeo

68 2688 220 2726 mirum
241 2689 374 2734 foret,
410 2689 444 2725 si
472 2698 606 2727 vestes
637 2697 802 2726 tantum
826 2701 1064 2740 purpureae
1092 2686 1313 2740 dicantur3
1346 2689 1418 2730 sed
1444 2705 1529 2729 ma-

67 2745 132 2799 gis
154 2744 330 2799 ruitum,
360 2759 605 2785 aranearum
637 2746 738 2783 telas
758 2743 870 2797 ipsas
897 2756 987 2783 esse
1012 2758 1270 2802 purpurea55
1299 2749 1442 2802 quales
1465 2750 1531 2795 la:-
