1834 3188
420 171 1115 208 TYRANNICIDA.
1356 160 1456 207 329

79 278 284 331 φθείρων,
315 274 380 317 ἐπὶ
396 271 439 315 τὸ
460 268 683 325 κεφάλαιον
703 267 800 313 αὐτὸ
820 274 900 312 τῶν
918 270 1044 325 ἔργων
1065 270 1179 324 ι’έμην
1196 272 1214 291 a
1227 271 1242 321 )
1257 302 1267 321 ,
1300 270 1366 312 ἐπὶ
1385 269 1507 323 τῆνΡ-
1524 279 1600 318 145·

78 342 208 398 μόνην
229 348 301 395 τῆς
321 344 561 397 τυραννίδος
583 337 698 394 ἰσχῦν
711 370 722 387 ,
762 339 825 381 ἐπὶ
847 336 921 392 τήν
941 335 1141 380 ὑπόθεσιν
1159 343 1241 380 τῶν
1259 335 1460 391 ἡμετέρων

80 416 313 465 συμφορῶν.
347 412 414 453 καὶ
431 408 591 458 ἐπιστὰς
605 413 662 465 τῷ
676 413 746 460 τῆς
768 402 1020 461 ἀκροπόλεως
1040 410 1225 461 φρουρίῳ
1238 442 1248 458 ,
1274 408 1342 449 καὶ
1362 404 1460 448 ἰδών

77 485 269 536 γεννικῶς
291 476 546 532 ἇμυνόμενον
571 477 638 518 καὶ
661 472 962 527 α’νθιστάμενον
977 506 987 522 ,
1031 480 1196 525 πολλοῖς
1223 472 1461 530 τραύμασιν,

80 546 190 602 ὅμως
215 543 440 590 ἀπέκτεινα.
502 546 585 586 Καὶ
601 543 629 597 ἦ
649 545 718 598 μὲν
737 544 926 597 τυραννὶς
946 542 1026 597 ἤδη
1048 543 1278 601 καθῄρητο,
1310 544 1376 584 καὶ
1394 543 1458 584 πέ-
1487 543 1514 582 8

80 633 152 667 ρας
169 614 244 669 εἶχέ
261 632 329 669 μοι
351 614 395 657 τὸ
415 611 630 722 τόλμημα,ὁ
653 613 722 654 καὶ
746 610 788 654 τὸ
810 606 882 652 ἄπ’
906 612 1085 663 ἐκείνου,
1118 609 1266 661 πάντες
1286 606 1388 665 ἦμεν
1414 606 1462 663 b)

607 681 791 735 ογὲρων
820 680 874 720 ε’τι
902 677 1045 732 μόνος,
1079 678 1278 731 ἄνοπλος,
1311 678 1466 734 ἀποβε-

80 751 239 806 βληκώς
262 749 355 800 τούς
376 747 578 803 φύλακας,
622 745 882 795 ἀπολωλεκώς
912 745 982 789 τὸν
1009 749 1132 803 μέγαν
1156 750 1310 791 ἐκεῖνον
1337 744 1466 790 αὐτοῦ

79 817 337 874 δορυφόρον,
367 821 534 873 ἔρημος,
567 812 664 860 οὐδὲ
687 817 872 871 γενναίας
900 815 954 856 ἔτι
977 813 1107 870 χειρὸς
1130 813 1254 866 ἄξιος.
1286 819 1465 860 ἐνταῦθα

78 891 220 930 τοίνυν
240 885 343 941 πρὸς
361 883 555 939 ἐμαυτὸν,
587 878 620 925 αἶ
639 881 786 936 ἄνδρες
809 884 1014 934 δικασταὶ,
1044 882 1093 924 τὰ
1112 890 1278 926 τοιαῦτα
1298 882 1465 941 ἐλογιζό-

79 680 283 738 ἐλεύθεροι
295 716 305 734 ,
349 685 517 726 ἐλείπετο
546 677 582 722 δ’

79 973 161 1010 μην
184 956 247 1010 ⁰),
279 949 401 995 πάντ’
422 954 500 1007 ἔχει
522 970 591 1007 μοι
611 956 765 1004 καλῶς,
795 951 926 993 πάντα
955 952 1196 1006 πέπρακται,
1228 951 1358 995 πάντα
1388 971 1466 994 κα-

75 1021 289 1080 τώρθωται
308 1019 352 1072 ¹¹)
372 1052 383 1071 ,
415 1023 504 1062 τίνα
530 1019 582 1062 ἂν
613 1016 889 1072 ὄπερίλοιπος
916 1024 1133 1074 κολασθείη
1163 1020 1334 1076 τρόπους
1366 1023 1466 1074 ἐμοῦ
1479 1022 1605 1070 p.146·

75 1092 146 1147 μὲν
164 1090 240 1148 γὰρ
259 1087 423 1140 ἀνάξιός
443 1090 546 1140 ἐστι,
588 1089 655 1130 καὶ
680 1093 753 1142 τῆς
780 1090 878 1142 ἐμῆς
904 1091 1057 1138 δεξιᾶς,
1099 1090 1166 1131 καὶ
1198 1088 1366 1143 μάλιστα
1394 1086 1463 1132 ἐπ

73 1163 173 1217 ε’ργῳ
196 1164 385 1216 λαμπρῷ,
427 1158 495 1198 καὶ
515 1174 707 1214 νεανικω,
742 1158 808 1198 καὶ
826 1160 993 1213 γενναίῳ
1014 1156 1289 1214 ἀνῃρημένος,
1321 1175 1468 1199 marocz-

80 1227 238 1282 σχύνων
273 1225 326 1269 xc}
315 1227 466 1278 κείνην
487 1227 533 1276 e)
573 1242 647 1279 την
675 1239 852 1280 σφαγην.
891 1215 1005 1275 αξιον
1031 1228 1073 1268 δέ
1100 1244 1187 1268 τινα
1215 1230 1277 1268 δεῖ
1303 1229 1467 1279 ζητῆσαι

80 1296 248 1351 δι’μιον,
289 1291 388 1337 ἄλλα
419 1309 516 1348 μετα
541 1310 615 1347 την
645 1308 881 1349 συμφοραν,
913 1294 1013 1348 μηδὲ
1043 1312 1119 1348 την
1145 1292 1269 1348 αὐτὴν
1299 1297 1468 1349 medai-

126 1401 170 1442 a)
197 1398 358 1442 ἱέμην]
384 1395 445 1430 Sic
463 1401 564 1430 recte
584 1399 700 1430 Reitz.
723 1402 760 1429 et
776 1402 931 1430 recentt.
952 1408 1022 1441 pro
1048 1408 1114 1440 eo,
1141 1397 1242 1442 quod
1262 1403 1350 1431 vett.
1367 1396 1464 1432 Edd.

167 1442 469 1487 11εὼεηῖ,ιέμην
516 1443 733 1477 Vid.D1'all.
764 1444 878 1476 Deor.
907 1445 1000 1487 XII,
1032 1455 1061 1477 1
1093 1424 1219 1489 ibique
1248 1445 1374 1478 adnot.
1400 1454 1468 1475 no-

172 1497 287 1523 stram
306 1491 414 1522 Pom.
438 1490 488 1523 11.
506 1501 541 1532 p.
565 1500 645 1532 321.
668 1500 724 1533 sq.
772 1489 821 1530 b)
847 1469 1000 1541 ἦμεν]
1012 1491 1070 1522 Ita
1087 1492 1169 1534 Bip.
1193 1495 1229 1522 et
1250 1491 1363 1522 Schm.
1377 1516 1385 1531 ‚
1410 1490 1468 1530 ju-

171 1537 284 1570 bente
301 1536 445 1576 Belum,
473 1547 491 1568 e
509 1546 610 1578 3011.
632 1541 668 1567 et
687 1535 794 1569 Gorl.
821 1535 996 1580 rescripsi
1020 1547 1090 1580 pro
1111 1536 1210 1590 vulg.
1234 1535 1313 1579 μέν
1362 1536 1403 1578 c)
1429 1534 1469 1569 ἐ-

169 1580 457 1626 λογιζόμην]
484 1582 541 1614 Ita
564 1590 671 1636 2955.
702 1587 741 1614 et
766 1592 869 1625 3011.
900 1582 1000 1625 vulg.
1027 1579 1258 1626 ἐλογισάμην.
1321 1583 1368 1624 d)
1394 1594 1471 1616 κα-

174 1630 456 1672 τώρθωται]
483 1626 723 1681 κατόρθωται
749 1628 790 1661 Β.
815 1640 845 1664 1.
867 1640 900 1673 3.
923 1631 1040 1661 Reitz.
1069 1635 1107 1661 et
1136 1635 1292 1662 recentt.
1321 1629 1468 1662 vitiose.

174 1676 329 1709 Rectam
355 1675 517 1707 sormam
540 1674 657 1707 tuitae
685 1680 772 1706 sunt
791 1676 833 1710 A,
859 1688 888 1710 1.
908 1681 944 1708 et
965 1687 996 1708 2.

1047 1675 1094 1708 Et
1119 1675 1220 1732 infr-23
1240 1687 1270 1708 c.
1293 1685 1346 1719 75.
1367 1680 1470 1708 recte

175 1721 213 1753 in
228 1721 398 1754 omnibus
417 1721 554 1765 legitur
564 1718 800 1765 κατώρθωσε.

851 1721 891 1764 e)
918 1717 1180 1770 κᾷκείνην]
1204 1719 1352 1756 ἐκείνων
1366 1729 1468 1766 2955·

83 1815 215 1845 staret
245 1804 484 1855 trucidato,
527 1805 579 1845 ad
606 1807 748 1860 ipsum
805 1821 961 1861 magno
981 1807 1056 1847 illo
1078 1822 1155 1848 suo
1175 1807 1372 1858 satellite,
1401 1807 1471 1846 de-

85 1871 215 1915 caput
259 1877 431 1915 operum
467 1863 554 1911 ivi,
596 1863 647 1902 ad
675 1877 750 1901 so-
808 1873 966 1914 sertus,
998 1864 1102 1901 forti
1127 1879 1254 1903 manu
1280 1867 1359 1915 jam
1384 1878 1473 1902 non

83 1923 171 1960 lum
209 1918 338 1957 robur
380 1919 649 1972 tyrannidis,
696 1917 749 1957 ad
808 1919 990 1971 amplius
1012 1920 1181 1974 dignus.

87 1975 374 2015 calamitatum
409 1987 647 2015 nostrarum
684 1990 751 2014 ar-
808 1977 936 2024 talia,
970 1976 1155 2029 judiceS,

88 2032 641 2086 gumentum.1mminens
668 2031 748 2087 igi·
810 2032 1009 2087 guabam.

1232 1921 1317 1958 Hic
1337 1920 1473 1974 igitur

1195 1976 1309 2029 apud
1331 1992 1395 2015 me
1431 1991 1476 2014 a-

1069 2034 1184 2073 Bene
1212 2036 1293 2087 jam
1314 2032 1474 2072 habent

88 2098 157 2127 tur
176 2086 279 2124 huic
300 2087 406 2126 arcis
429 2089 565 2141 ipsius
591 2088 751 2141 praesi-

90 2144 186 2192 dio,
240 2143 390 2182 videns
432 2144 552 2183 illum
580 2145 752 2184 fortiter

88 2214 166 2254 pro
185 2213 228 2238 se
248 2211 591 2253 propugnantem
613 2210 656 2239 et
691 2214 752 2239 re-

91 2258 330 2305 sistentem,
389 2257 535 2294 multis
566 2254 753 2295 vulneri·

91 2313 194 2362 bus,
236 2312 434 2352 interfeci
466 2323 620 2352 tamen.
678 2313 753 2350 At·

93 2383 177 2424 que
220 2369 309 2421 ipsa
348 2367 523 2422 ‚quidem
561 2368 755 2421 tyrannis

95 2429 176 2479 jam
210 2424 423 2464 destructa
467 2434 576 2475 erat,
631 2425 755 2463 finem

95 2499 206 2521 suum
225 2481 378 2520 habuit
398 2495 513 2520 meus
551 2480 657 2519 mihi
688 2495 756 2519 co-

99 2547 235 2578 natus.
293 2537 359 2576 Ab
378 2553 427 2577 eo
447 2536 547 2575 inde
566 2548 757 2590 tempore

100 2607 244 2633 omnes
261 2608 421 2633 eramus
439 2593 582 2632 liberi:
614 2607 758 2646 super·

100 2659 189 2688 erat
215 2664 343 2688 senex
375 2654 515 2696 solus,
562 2650 758 2700 inermis,

102 2705 263 2743 amissis
298 2706 573 2755 custodibus,
606 2707 760 2746 amisso

810 2088 918 2127 mihi
950 2090 1117 2128 omnia:
1150 2091 1340 2143 perfecta
1374 2097 1476 2127 sunt

813 2146 978 2186 omnia:
1010 2146 1222 2194 feliciter,
1267 2156 1316 2184 ut
1350 2158 1478 2198 opor-

810 2202 951 2249 tebat,
1014 2203 1157 2242 omnia
1212 2211 1303 2241 acta
1362 2209 1478 2240 sunt.

813 2257 1183 2310 Quemadmodum
1237 2257 1477 2297 vindicabi-

813 2323 882 2351 tur
914 2314 988 2354 ille
1019 2315 1230 2354 relictus?
1271 2314 1348 2352 Me
1383 2312 1477 2366 qui..

816 2368 930 2420 dem,
977 2382 1019 2411 et
1048 2371 1126 2409 hac
1160 2370 1305 2409 dextra
1337 2370 1478 2422 indig-

816 2439 894 2463 nus
916 2437 1003 2476 est,
1038 2427 1220 2465 maxime
1240 2427 1275 2463 si
1296 2435 1392 2478 post
1416 2425 1478 2462 fa·

817 2481 939 2520 cinus
972 2483 1030 2521 ita
1063 2486 1240 2531 clarum,
1284 2491 1324 2520 et
1356 2485 1479 2534 juve—

817 2539 930 2588 nile,
962 2548 1003 2577 et
1037 2553 1286 2593 generosum
1319 2536 1478 2576 interfi-

820 2595 970 2642 ciatur,
1003 2607 1044 2633 et
1063 2596 1178 2632 illam
1199 2607 1368 2648 quoque
1390 2607 1478 2631 cae-

820 2650 912 2690 dem
935 2649 1201 2691 dehonestet.
1263 2651 1481 2702 Quaeren-

820 2707 897 2745 dus
935 2717 1073 2745 autem
1113 2717 1178 2745 est
1218 2705 1373 2760 dignus
1404 2706 1480 2744 illo
