1834 3188
239 217 341 267 632
602 222 1360 257 ΛυΝοτΔτιοΝΕε

241 324 356 382 quod
379 324 513 364 libros
547 337 692 363 omnes
723 321 915 371 obsedit,
953 322 1008 364 ἔτι
1029 321 1185 364 πολέων
1208 326 1361 375 σχῆμα,
1395 322 1705 363 inconcinnum

240 383 462 438 profecto,
486 380 561 420 ubi
584 380 653 431 id,
687 379 804 434 quod
825 381 1103 431 conjunctum
1127 387 1211 428 est,
1243 393 1395 432 nempe
1412 383 1708 433 Συρακουσίων

241 441 403 492 λιμένα,
425 437 609 487 indicat,
644 436 824 476 transire
843 438 925 489 jam
948 434 1000 474 ad
1028 434 1120 490 ipsa
1142 435 1375 490 singularia
1397 439 1590 491 exempla
1611 452 1707 478 auc-

242 507 390 536 torem.
465 494 660 535 Breviter
692 490 920 534 Ἐπιπολών
956 496 1087 545 σχῆμα
1123 491 1350 546 legendum
1382 507 1494 545 esse,
1537 507 1584 533 ac
1614 494 1707 534 sine

244 551 512 592 dubitatione
544 552 659 590 inter
684 550 860 590 Luciani
889 548 1014 588 verba
1043 547 1358 601 recipiendum,
1392 550 1519 604 pauci
1548 550 1608 590 ita
1643 554 1711 590 vel

244 609 341 649 duri
368 617 492 646 erunt
520 605 571 647 ad
603 606 707 646 haec
739 605 903 654 studia,
938 608 1006 645 vel
1034 614 1118 645 tam
1151 606 1331 656 morosi,
1365 606 1472 660 quin
1492 607 1621 646 nobis
1647 622 1710 646 as-

244 666 500 706 sentiantur.
570 662 790 703 Describit
822 661 1053 704 Ἐπιπολοόν
1089 666 1214 716 σχῆμα
1254 662 1502 720 Thucydides
1528 664 1614 715 VI,
1643 669 1710 709 96.

243 732 448 775 tanquam
468 722 619 775 χωρίου
647 717 913 772 ἀποκρήμνου
939 736 979 761 τε
1001 719 1069 761 καὶ
1088 716 1188 773 ὑπὲρ
1218 723 1289 772 τῆς
1308 720 1462 769 πόλεως
1486 715 1614 770 εὗθῦς
1631 738 1713 763 κει·

243 780 369 833 μένου
388 795 423 819 κ.
443 796 474 819 τ.
499 784 532 821 λ.
590 776 759 817 Nomen
787 775 1046 830 Epipolarum
1076 776 1234 816 servari
1263 786 1385 816 tanto
1416 777 1549 831 magis
1571 776 1646 817 hic
1669 787 1713 818 et:

242 849 370 888 supra
399 833 570 883 debuit,
604 848 698 874 cum
736 834 863 872 etiam
897 833 1038 872 Livius
1069 832 1181 871 hanc
1212 834 1514 886 Syracusarum
1547 843 1712 889 partem

243 891 384 946 patrio
414 905 530 931 more
559 890 785 944 appellarit
812 890 950 939 XXV,
981 894 1060 939 24,
1090 894 1131 933 4.
1165 890 1304 930 GnsN.
1371 889 1560 930 Gesnerus
1584 905 1736 944 prae-v

242 952 353 988 clare
382 946 610 1001 legendum
641 957 782 986 censet
801 943 1043 988 Ἐπιπολῶν.
1101 945 1321 986 Describit
1340 956 1480 986 autem
1504 947 1712 1004 Thucydi-

244 1004 311 1044 cles
333 1002 563 1045 Ἐπιπολῶν
595 1008 724 1057 σχῆμα
753 1003 829 1042 lib.
854 1004 940 1052 VI,
972 1008 1039 1047 96.
1076 1012 1119 1041 et
1152 1003 1209 1041 ita
1238 1001 1429 1057 quidem,
1461 1012 1510 1041 ut
1537 1003 1617 1043 hac
1643 1004 1712 1043 de-

244 1062 483 1114 scriptione
515 1061 669 1100 omissa
696 1059 876 1100 historia
904 1074 989 1098 non
1020 1069 1166 1114 posset
1196 1059 1393 1114 intelligi.
1468 1060 1602 1113 Supra
1631 1064 1713 1114 jam

241 1121 334 1170 ejus
361 1117 621 1157 mentionem
654 1117 757 1156 fecit
781 1131 813 1155 c.
833 1122 898 1161 38.
917 1125 959 1155 et
992 1116 1064 1155 hic
1093 1116 1235 1154 statim
1260 1118 1551 1169 Συρακουσίων
1576 1119 1713 1170 λιμένα

243 1173 376 1215 addit.
435 1174 520 1212 Pro
541 1174 678 1228 λιμένα
710 1173 755 1212 in
781 1182 963 1212 mentem
988 1172 1108 1212 venit
1137 1176 1328 1225 λειμῶνα·
1360 1187 1456 1211 nam
1479 1172 1625 1213 eodem
1648 1188 1714 1212 ca-

242 1231 333 1284 pite
366 1230 479 1283 prati
511 1229 558 1268 fit
590 1230 765 1269 mentio.
828 1229 909 1269 Sed
942 1227 1054 1269 nihil
1078 1227 1146 1267 his
1174 1243 1293 1282 opus,
1352 1230 1423 1268 De
1445 1239 1571 1282 portu
1591 1230 1716 1282 Syra-

242 1298 403 1325 cusano
437 1287 490 1328 cf,
510 1287 562 1325 D’
579 1285 721 1326 Orvill.
753 1284 805 1325 ad
830 1285 977 1326 Char-it.
999 1300 1042 1340 p.
1064 1290 1159 1330 370.
1187 1286 1260 1339 qui
1291 1295 1473 1324 testatur
1493 1286 1531 1324 J.
1560 1286 1715 1327 Mark-

242 1343 408 1383 landum
430 1343 556 1382 etiam
580 1346 720 1397 legere
737 1340 968 1384 Ἐπιπολῶν
990 1348 1139 1396 σχῆμα,
1172 1341 1375 1397 additque
1392 1343 1444 1381 D’
1460 1342 1612 1384 Orvc‘ll:
1645 1343 1718 1382 di·-

240 1416 322 1453 gna
339 1400 534 1457 proficio,
567 1401 603 1441 si
629 1416 707 1454 qua
727 1399 823 1450 alia,
859 1411 1048 1440 contextu
1070 1398 1301 1439 emendatio.
1333 1400 1454 1438 Run.
1515 1402 1601 1439 Tot
1622 1399 1718 1439 tali-

244 1457 407 1511 busque
429 1457 533 1495 viris
567 1457 611 1495 in
636 1456 746 1496 idem
776 1456 986 1509 judicium
1016 1456 1401 1504 convenientibus,
1435 1454 1487 1494 ad
1512 1470 1617 1509 quos
1641 1471 1715 1494 ac·-

245 1512 403 1553 cedunt
434 1513 561 1552 etiam
592 1512 735 1553 Censor
766 1513 886 1552 Edit.
921 1512 1052 1553 Reitz.
1088 1513 1134 1550 in
1159 1512 1302 1552 Novv.
1337 1513 1450 1554 Actt.
1482 1512 1644 1551 Erudd.
1677 1527 1714 1555 a,

246 1575 369 1614 1745.
393 1584 434 1623 p.
456 1574 551 1614 243.
584 1569 648 1619 (J.
669 1570 780 1623 Aug.
803 1570 982 1621 Ernesti)
1022 1568 1126 1609 Guil.
1151 1569 1356 1621 Largius,
1390 1569 1590 1608 Halensis
1614 1569 1715 1607 Phi-

243 1629 429 1680 lologus,
463 1635 505 1664 et
525 1626 785 1664 recentiores
811 1626 1076 1677 interpretes,
1097 1624 1262 1663 Belinus
1283 1636 1325 1663 et
1356 1624 1613 1674 Wielanclius,
1639 1627 1715 1664 vix

245 1681 480 1720 hodiernus
500 1681 675 1721 Luc-iani
694 1681 833 1720 editor
855 1681 1073 1720 caecitatis
1092 1681 1334 1733 stuporisve
1354 1691 1498 1719 notam
1519 1681 1714 1735 effugiat,

247 1739 324 1791 qui
361 1738 501 1776 adhuc
543 1738 774 1777 lectionem
810 1737 997 1789 ineptam
1032 1736 1144 1776 tueri
1180 1737 1225 1774 in
1256 1738 1445 1776 animum
1480 1737 1716 1788 induxerit,

244 1795 491 1847 praesertim
520 1804 650 1847 quum
680 1794 736 1835 ἔτι
767 1803 809 1834 et
836 1795 901 1838 ἐπὶ
923 1793 1091 1847 saepius
1116 1807 1139 1831 a
1160 1792 1345 1832 librariis
1366 1802 1603 1847 permutata
1627 1808 1718 1835 esse

246 1860 426 1890 constet.
457 1851 614 1890 anvr.

359 1907 458 1960 Pag.
480 1910 576 1950 225.
599 1909 678 1950 l.2.
708 1902 785 1949 'Eo
800 1905 978 1959 ικότα]
1011 1907 1152 1961 Igitur
1171 1921 1226 1946 ne
1247 1916 1411 1946 veteres
1434 1906 1603 1960 quidem
1631 1921 1718 1946 cre·

247 1963 466 2012 diderunt‚
501 1963 730 2014 orationes,
764 1978 868 2017 quas
890 1965 933 2001 in
959 1963 1180 2002 historicis
1198 1964 1402 2016 legimus,
1436 1963 1486 2001 ab
1511 1963 1616 2015 ipsis
1642 1963 1718 2002 ho·

246 2019 433 2060 minibus
467 2021 542 2058 tali
577 2018 706 2059 modo
737 2020 871 2059 fuisse
903 2020 1082 2058 habitas.
1145 2019 1341 2058 Ceterum
1373 2018 1487 2057 haud
1516 2019 1630 2069 scio,
1661 2034 1716 2058 an

248 2077 330 2115 ista
352 2076 463 2116 ratio
497 2075 715 2117 orationes
748 2076 941 2133 fingendi
969 2077 1016 2115 in
1043 2075 1251 2115 historico
1283 2074 1433 2116 debeat
1468 2075 1714 2129 improbari.

247 2134 370 2174 Run.
586 2160 589 2162 -

359 2189 460 2231 Ead.
483 2193 512 2229 1.
534 2195 574 2234 8.
589 2187 697 2240 ’Έξω
726 2193 801 2231 τοῦ
821 2190 921 2237 δικ.)
955 2188 1024 2228 Sic
1047 2188 1270 2242 intelligo:
1307 2203 1393 2228 non
1415 2188 1643 2228 habebitur
1667 2189 1718 2228 il·

245 2248 380 2286 larum
401 2247 452 2285 ab
475 2246 672 2285 auditore
697 2248 765 2284 vel
784 2248 943 2284 lectore
963 2246 1088 2294 ratio,
1104 2254 1152 2282 ut
1173 2245 1248 2298 qui
1267 2260 1335 2285 eas
1359 2249 1426 2285 vel
1450 2248 1576 2300 plane
1590 2246 1716 2284 omis-

247 2306 466 2352 surus,·vel
491 2302 690 2358 indignas
711 2301 975 2354 judicaturus
996 2302 1065 2350 sit,
1084 2302 1240 2354 quibus
1259 2303 1536 2341 assentiatur:
1571 2316 1716 2356 quem·

249 2359 477 2398 admodum
500 2362 661 2412 'nempe
691 2358 975 2398 accusationis
1007 2368 1131 2397 extra
1157 2358 1346 2397 tribunal
1376 2362 1566 2411 prolatae
1598 2361 1716 2396 nulla

248 2413 429 2455 habetur
449 2430 471 2454 a
495 2416 636 2468 judice
658 2415 773 2453 bono
802 2415 946 2454 ratio.'
962 2412 1100 2455 Gnsn.
1165 2414 1351 2454 Gesnerus
1370 2418 1501 2464 male,
1535 2415 1713 2468 opinorz

249 2470 426 2526 alioquin
450 2484 567 2511 extra
587 2471 764 2511 tribunal
780 2483 881 2520 sunt,
906 2471 932 2511 i.
957 2487 990 2512 e.
1009 2481 1056 2509 ut
1079 2471 1123 2508 in
1149 2481 1248 2510 nota
1270 2472 1478 2524 explicat:
1511 2495 1563 2502 —-
1595 2469 1712 2524 (Jam

249 2528 439 2569 czitantur
461 2529 588 2568 verba
604 2528 761 2567 Gesner-i
781 2528 906 2567 modo
927 2526 1062 2581 lecta)
1095 2527 1295 2568 Rectius:
1329 2528 1528 2582 quoniam
1551 2527 1708 2576 ἐκεῖνοι,

249 2583 338 2622 scil.
366 2586 521 2626 ἔπαινοι
541 2595 583 2623 et
602 2583 725 2640 ψόγοι
753 2584 795 2620 in
822 2584 1027 2631 historia,
1061 2598 1146 2621 non
1181 2586 1222 2621 in
1252 2584 1415 2635 judicio
1435 2592 1558 2630 sunt,
1596 2581 1713 2621 ideo-

251 2652 334 2690 que
364 2641 512 2694 inepto
542 2644 639 2683 loco
671 2639 942 2682 adhibentur.
1005 2640 1131 2681 Conf.
1172 2640 1371 2680 Wielamli
1400 2638 1550 2679 versiO.
1592 2639 1711 2680 Run.

250 2695 362 2734 Satis
394 2698 560 2735 scilicet
591 2698 760 2748 prolixe
794 2697 891 2744 ille,
936 2709 1186 2749 quamquam
1219 2711 1338 2745 vere,
1382 2695 1709 2746 interpretatur:

252 2750 363 2790 Denn
388 2751 441 2790 ἆα
466 2752 526 2791 elie
550 2752 775 2794 Gesckickee
798 2753 901 2793 Ῐεεὲησ
925 2752 1210 2793 Gericlusslelle
1229 2755 1301 2802 ist,
1331 2767 1389 2791 wo
1420 2750 1601 2791 reclnlieh
1632 2767 1715 2791 un·-
