1834 3188
378 215 1186 249 1NHERMOT1MUM.
1418 208 1517 253 417

52 316 158 356 haec
176 314 335 355 Graeca
352 312 580 366 adscripsit
594 323 733 364 recte,
765 314 935 354 vicissim
955 313 1066 353 nobis
1079 325 1334 368 proponatur.
1368 317 1516 359 GRON.

50 371 292 427 Ἀνάλογον)
324 369 592 423 Αηαῖοςὶανη,
627 370 719 410 sive
737 372 1059 423 proportionem
1084 372 1411 423 Geometricam,
1446 389 1517 413 co-

51 430 166 484 gita,
198 438 247 466 ut
271 441 314 466 se
334 427 462 465 habet
481 445 506 467 α
523 425 733 480 Aethiops
750 427 824 465 ille
846 427 973 467 domo
1007 442 1226 481 nunquam
1254 443 1444 482 egressus
1465 430 1519 470 ad

49 490 77 541 β
99 485 305 539 judicium
333 482 554 523 ferendum
587 482 638 522 de
671 486 814 522 colore
847 494 1087 524 exterarum
1120 483 1336 538 gentium;
1378 486 1440 526 sic
1474 502 1520 527 se

13 587 17 591 .
52 542 180 581 habet
197 560 220 596 y
247 540 541 580 Hermotimus
569 540 740 594 ignarus
761 539 1016 592 reliquarum
1043 551 1249 580 sectarum
1274 542 1325 580 ad
1349 545 1371 584 ὃ
1401 543 1519 581 arbi—

51 599 179 637 trium
203 597 255 636 de
280 597 420 636 sectis.
480 598 565 635 Ista
591 596 792 635 adnotare
817 597 1100 649 suppuderet‚
1134 598 1219 636 nisi
1242 601 1307 637 vel
1332 596 1517 638 virorum

52 654 273 693 doctorum
295 654 403 692 circa
425 652 537 691 Hunc
554 656 696 692 locum
719 662 896 691 conatus
920 653 1216 703 ostenderent,
1249 656 1412 709 negligi
1433 671 1518 695 sae.-

52 726 105 764 pe
126 709 339 750 eruditum
365 710 484 747 illum
516 719 822 762 geometrarum
847 713 1089 760 pulverem;
1123 720 1164 749 et
1187 710 1326 750 orbem
1353 712 1518 752 discen.-

50 768 95 805 di
118 767 340 820 antiquum
360 766 546 804 truncari
569 765 697 804 etiam
722 767 890 804 saeculo
916 776 1088 817 nostro,
1118 767 1302 806 subinde
1326 768 1521 809 observa-

49 837 149 863 rem.
184 824 321 862 GESN.
1298 844 1303 849 -

162 880 260 931 Pag.
285 883 352 921 47.
372 881 400 918 1.
417 883 457 922 2.
498 879 698 927 Πολλοῖς)
729 877 811 916 Pro
837 883 998 927 πολλοῖς
1022 879 1149 917 nimis
1172 882 1336 919 mallem
1362 874 1519 933 ἄλλοις,

46 945 90 974 et
114 935 174 974 ita
196 935 408 974 transtuli.
471 933 558 987 Qui
584 934 734 980 novit,
766 935 982 988 quomodo
1001 935 1045 973 in
1066 938 1191 977 MSS.
1217 938 1349 976 seculi
1375 938 1452 975 IX·
1477 948 1521 977 et:

47 993 102 1031 X.
125 990 386 1029 distrahatur
411 990 624 1029 interdum
649 1008 674 1031 α
696 990 818 1030 litera
834 1019 847 1037 ‚
878 1006 964 1030 non
988 991 1312 1044 improbabilem
1340 996 1519 1046 conjec—

47 1058 184 1087 turam
205 1046 390 1089 habebit,
453 1047 537 1086 Cui
563 1061 650 1085 non
673 1049 812 1099 placet
829 1047 992 1102 aliquid
1017 1049 1191 1099 mutari,-
1226 1049 1300 1089 ille
1322 1049 1368 1088 in
1388 1050 1519 1089 inter-

45 1103 286 1157 pretatione
315 1113 461 1144 nostra
493 1103 620 1142 facile
653 1103 746 1142 aliis
766 1103 1002 1144 substituet
1025 1105 1182 1145 multos.
1216 1106 1354 1147 GESN.
1422 1104 1517 1145 Imo

43 1160 194 1213 vulgus.
254 1161 363 1199 Sunt
381 1161 494 1201 enim
517 1159 560 1199 h.
579 1163 607 1198 1.
630 1162 672 1201 οἵ
687 1162 850 1209 πολλοὶ,
884 1163 952 1214 qui
974 1177 1050 1200 non
1066 1173 1155 1200 sunt
1178 1162 1328 1213 Stoici,
1358 1171 1406 1200 ut
1424 1162 1513 1202 Vit.

44 1219 168 1258 Auct.
193 1232 228 1256 c.
256 1219 324 1260 25.
357 1220 426 1271 qui
458 1233 535 1256 non
565 1227 655 1254 sunt
678 1216 931 1269 philosophi,
965 1219 1110 1257 Somn.
1137 1223 1228 1270 cap.
1255 1223 1319 1261 12.
1350 1217 1518 1272 quinon

45 1283 134 1312 sunt
152 1274 306 1314 cruditi.
366 1273 518 1325 Neque
540 1272 645 1311 adeo
668 1287 777 1325 opus
797 1283 860 1313 est
895 1273 1052 1313 Gesncri
1072 1273 1270 1328 alioquin
1294 1274 1409 1313 haud
1430 1275 1519 1313 im-

46 1328 262 1383 probabili
291 1332 550 1383 conjectura.
582 1329 741 1367 Lemu-

158 1386 258 1427 Eacl.
276 1389 306 1424 1.
326 1390 366 1428 4.
403 1382 509 1426 Οὐδὲ
537 1384 723 1437 πώποτε)
767 1385 896 1427 Conf.
934 1386 1037 1427 infr.
1072 1386 1157 1441 Qu.
1189 1383 1307 1428 Hist.
1340 1384 1517 1428 Conscr.

47 1457 83 1483 ο,
102 1446 172 1486 29.
198 1457 259 1494 pr.
294 1442 465 1480 Somn.

158 1498 264 1539 Eacl.
285 1501 310 1539 l.
332 1502 372 1542 5·
414 1500 460 1538 Τί
479 1495 618 1551 βούλει
638 1488 782 1551 (irione.
802 1495 931 1554 αὕτςὸς
960 1496 1006 1541 τὸ
1023 1492 1114 1554 ἄλ.)
1145 1499 1326 1539 Excidit
1347 1501 1518 1540 notatio

46 1568 252 1608 personae
280 1554 546 1609 Ἑρμοτίμου,
578 1554 744 1594 scilicet
772 1557 929 1607 fuisse,
961 1552 1097 1613 αὕτῷ;
1124 1553 1285 1612 Ἑρμότ.
1306 1557 1352 1601 vd
1376 1555 1521 1611 ἅληθὲ-

47 1626 205 1655 στατον.
237 1612 450 1651 MAncm.

158 1668 258 1709 Eacl.
283 1671 312 1707 1.
335 1673 374 1711 6.
406 1671 546 1709 ΕΡΜ.
563 1665 608 1709 τὸ
627 1659 781 1720 ciana.)
813 1666 886 1708 W.
908 1679 1043 1718 recte,
1077 1671 1141 1708 uti
1161 1684 1217 1710 ex
1239 1668 1415 1725 punctis
1434 1670 1520 1710 col-

45 1725 177 1780 ligere
199 1734 287 1765 est:
323 1724 446 1763 aliter
465 1724 577 1762 enim
600 1738 686 1763 non
710 1729 818 1764 solet
838 1726 911 1766 ille
930 1725 1095 1767 Codex.
1155 1727 1209 1765 In
1229 1728 1404 1781 reliquis
1428 1728 1520 1765 Lu-

46 1782 172 1821 ciano
197 1778 376 1819 absurde
406 1779 667 1820 tribuuntur.
700 1782 869 1820 SOLAN.
932 1782 1033 1820 Non
1067 1783 1201 1835 ipsam
1227 1781 1300 1821 hic
1328 1785 1522 1822 Hermo—

48 1838 143 1876 timi
173 1848 396 1890 personam
429 1837 634 1888 apposuit
656 1838 900 1887 Lucianus,
939 1836 1055 1891 quod
1089 1839 1353 1892 aliquamdiu
1388 1848 1521 1892 puta-

50 1893 169 1933 bam:
201 1892 275 1932 sed
301 1893 391 1945 ipse
411 1893 608 1943 Lycinus
624 1926 634 1942 ‚
669 1893 773 1945 quid
795 1894 1042 1947 responderi
1067 1896 1203 1946 possit
1224 1908 1302 1949 pro
1328 1893 1520 1934 Hermo—

50 1951 154 1989 timo
176 1959 373 2001 occupat.
434 1948 727 1987 Hermotimus
752 1951 841 2003 ipse
860 1958 1006 2003 stupet
1028 1950 1096 1989 hic
1112 1979 1123 2001 ,
1159 1962 1199 1990 et
1223 1961 1321 2004 post
1342 1954 1519 2005 longum

50 2005 216 2046 demum
237 2005 401 2058 Lycini
422 2018 656 2044 sermonem
678 2005 778 2044 satis
798 2005 1003 2054 breviter,
1038 2022 1116 2046 nec
1140 2008 1279 2046 minus
1312 2011 1419 2046 male
1450 2019 1522 2045 re-

50 2061 247 2116 spondet.
290 2063 427 2103 ΟΕΞΝ,
488 2062 623 2100 Recte
643 2063 813 2114 quidem
838 2054 1100 2101 Hermotimi
1136 2078 1357 2115 personam
1387 2060 1521 2101 inseri

50 2119 192 2158 voluit
215 2117 413 2168 Solanus,·
445 2116 515 2156 secl
540 2117 583 2154 in
606 2133 734 2171 marg.
759 2119 793 2160 J.
819 2128 1054 2171 notaverat,
1072 2120 1112 2158 id
1136 2120 1295 2158 factum
1315 2134 1367 2157 ex
1388 2133 1523 2171 punc·

52 2177 132 2225 tis,
167 2188 272 2229 quae
296 2173 340 2210 in
370 2173 476 2212 Cod.
497 2174 570 2211 W.
592 2173 619 2211 i.
645 2188 678 2212 e.
707 2177 922 2225 llsmiano,
966 2187 1129 2216 exstare
1162 2177 1213 2215 ad
1240 2172 1522 2228 designandas

53 2245 256 2286 personas
279 2232 429 2267 solent.
492 2230 542 2266 In
572 2244 698 2282 marg.
721 2231 831 2280 Hag.
856 2247 955 2271 vero
977 2234 1171 2284 scripsit,
1202 2247 1244 2271 se
1264 2232 1307 2270 id
1334 2247 1386 2270 ex
1411 2227 1519 2269 Cod.

53 2291 116 2328 M.
139 2288 306 2326 habere.
339 2287 503 2323 Rufrz.
564 2286 710 2324 Nlulto
741 2288 872 2339 magis
896 2288 1001 2325 mihi
1029 2289 1206 2338 Cesum-i,
1243 2302 1367 2341 quam
1401 2287 1524 2325 Mar-

55 2345 161 2395 cdii,
196 2343 335 2383 Soluni
362 2352 401 2379 et
436 2342 598 2389 lleilzii,
641 2344 1014 2396 recentiorumque
1047 2346 1273 2383 Editorum
1305 2354 1346 2382 et
1372 2344 1522 2381 ,inter-

56 2411 243 2455 prelum,
276 2399 387 2436 ratio
410 2396 588 2443 ar1·i‹let;
624 2399 868 2448 praesertim
900 2415 1026 2451 quum
1053 2402 1124 2439 illa
1155 2402 1359 2439 libroruin
1387 2399 1525 2437 omni-

58 2473 126 2495 um
151 2467 238 2495 tum
263 2455 544 2506 scriptorum,
580 2464 666 2491 tum
695 2454 1017 2506 impressorum,
1052 2458 1307 2495 auctoritate
1332 2456 1521 2501 nitatur,

62 2522 241 2565 excepto
265 2514 374 2549 forte
394 2524 481 2548 uno
506 2510 666 2548 Codice
699 2511 767 2549 w.
789 2512 986 2564 Stupenti
1019 2514 1287 2551 Hermotimo
1321 2521 1363 2550 et
1396 2508 1527 2548 ‹lubi-

62 2568 170 2607 tanti
190 2582 328 2608 secum
352 2566 559 2605 succurrit
579 2566 721 2604 statim
749 2567 944 2618 Lycinus
977 2569 1066 2620 ipse
1089 2568 1205 2606 illius
1226 2571 1323 2606 loco
1348 2581 1527 2619 respon-

64 2624 189 2673 dens,
232 2637 340 2677 quae
369 2622 648 2674 probabiliter
681 2625 762 2675 jam
797 2624 1052 2676 respondere
1082 2633 1265 2676 poterat.
1324 2621 1454 2677 Quod
1483 2632 1528 2662 et

64 2695 151 2721 vox
174 2677 322 2732 δηλαδὴ
343 2678 519 2717 innuere
545 2678 715 2718 videtur
737 2688 778 2718 et
802 2679 917 2732 quod
951 2680 1061 2718 infra
1087 2681 1267 2735 legitur:
1308 2678 1337 2733 ἢ
1354 2680 1529 2732 νομίζεις

64 2747 146 2778 etc.
178 2751 283 2791 quae
302 2748 378 2787 pro
401 2733 576 2775 arbitrio
600 2749 693 2782 suo,
719 2749 833 2775 nunc
861 2736 986 2776 etiam
1009 2739 1138 2790 justo,
1163 2745 1383 2776 mutarunt
1405 2735 1530 2776 Sola-

113 2805 262 2837 Lucian.
292 2801 371 2836 Vol.
401 2803 466 2835 [V.
1165 2790 1208 2831 1.)
1229 2791 1256 2832 d
