1834 3188
411 177 1212 211 ιΝΗΕΒΜοΤιΜυΜ.
1450 165 1550 210 429

90 292 292 333 gnoscere
319 287 460 332 queat,
501 277 670 317 cuinam
695 275 994 330 antagonistae
1021 274 1216 314 solitaria
1238 273 1311 313 illa
1336 272 1551 327 obtigerit.

87 337 270 376 SonAN.

202 402 306 442 Εαιῖ.
334 405 363 443 l.
389 407 454 445 12.
498 402 736 455 Κυνοκὲφ.)
775 400 941 439 Horum
974 398 1127 451 figuras
1167 398 1205 436 si
1239 398 1384 439 videre
1413 398 1550 450 lubet,

93 458 163 499 adi
185 461 381 500 Mensam
402 459 578 498 Isiaeam
603 459 804 512 Pignorii,
836 466 879 495 et
899 456 1145 496 Kircherum.
1179 457 1349 496 SOLAN.

207 539 310 592 Pag.
330 541 445 582 66.1.
466 544 506 582 2.
546 538 793 590 Φιλοσοφίας
824 536 943 586 πέρι)
973 536 1063 576 Jam
1096 544 1210 574 recte
1238 544 1280 573 et
1312 544 1555 573 constanter

95 595 157 634 sic
174 595 510 648 praepositionis
534 605 710 634 accentu
733 602 908 646 propter
933 591 1219 644 anastrophen
1238 600 1402 630 mutato
1424 591 1554 630 exhie

94 650 197 692 bent
218 651 311 692 edd.
343 651 473 692 Conf.
488 665 614 704 supra
639 649 915 702 e.20.ibique
928 647 1156 686 adductum
1172 647 1357 690 Jensinm.
1388 649 1502 686 an
1517 664 1554 687 z,

206 729 312 770 End.
329 732 356 770 l.
378 736 416 774 3.
454 732 631 779 Πασῶν)
665 729 800 767 Notat
829 727 1000 766 solanus
1020 727 1063 764 in
1084 728 1156 767 W.
1180 727 1359 779 reperiri
1392 727 1555 775 πασῶν,

95 786 300 839 additque
337 786 380 823 id
410 801 577 833 verum;
625 785 839 824 editiones
878 793 1017 821 autem
1051 796 1180 834 prave
1211 780 1373 825 πάντων
1403 786 1556 837 legere.

95 842 226 899 Quod
245 843 441 892 mirabar,
475 857 568 880 cum
589 841 693 880 Jcns.
714 841 758 878 in
778 841 959 879 Ferculo
980 839 1090 880 liter.
1113 853 1209 893 pag.
1225 843 1321 884 245.
1342 839 1418 878 ubi
1437 843 1554 879 lectt.

93 900 222 953 hujus
244 898 418 937 Codicis
447 898 499 937 ad
518 899 711 937 Hermot.
742 895 1006 949 pertinentes
1040 896 1227 947 profert,
1260 905 1343 934 tam
1376 896 1556 934 notabi-÷

93 959 174 996 lem
199 955 480 994 variationem
517 963 592 992 aut
617 953 925 993 correctionem
960 951 1164 990 omiserit.
1224 953 1289 991 Re
1316 966 1418 991 vero
1448 966 1558 990 exa-

94 1012 275 1058 minata,
311 1025 404 1049 cum
431 1010 583 1050 Solano
615 1009 739 1050 credo
770 1013 912 1050 πασῶν
933 1007 1180 1061 legendum,
1215 1009 1314 1062 quia
1342 1008 1559 1061 intelligi-

95 1078 165 1107 tur
190 1065 318 1118 ὁδῶν,
352 1067 402 1106 de
430 1067 586 1121 quibus
612 1081 739 1120 supra
761 1066 872 1120 egit,
907 1074 948 1104 et
976 1079 1077 1103 mox
1108 1079 1229 1117 agere
1258 1074 1427 1119 pergen
1462 1079 1558 1102 nam

93 1124 238 1163 statim
275 1123 472 1176 sequitur
500 1128 594 1177 μιᾶς
625 1122 852 1176 ἀπείρατοι,
886 1131 927 1161 et
955 1144 1012 1152 --
1041 1117 1184 1175 τῖρίστη
1215 1123 1360 1172 ἐκείνη.
1419 1121 1478 1158 Et
1497 1135 1560 1172 pr.

96 1181 133 1234 ᾗ.
154 1195 241 1234 seq.
261 1183 355 1232 μίαν
387 1182 424 1230 ἐξ
448 1178 614 1221 ἁπασῶν
645 1177 752 1221 ὁδόν.
813 1180 905 1219 Jam
939 1192 1109 1231 quoque
1138 1177 1245 1216 illud
1276 1176 1409 1234 αὐτῷ,
1441 1176 1559 1229 qumi

97 1241 297 1291 vulgatae
330 1233 463 1278 αὐτῶν
501 1246 714 1289 praestare
735 1245 926 1288 putares,
968 1244 1122 1286 sponte
1150 1233 1355 1273 concidit.
1428 1231 1559 1286 Quod

95 1294 206 1333 enim
229 1294 271 1332 S.
294 1289 405 1349 αὐτῷ
425 1296 562 1346 legat,
595 1302 637 1330 et
659 1307 710 1331 ex
742 1307 789 1331 ea
811 1292 944 1330 Amst.
969 1289 1012 1327 id
1039 1304 1259 1341 operarum
1287 1298 1454 1328 tantum
1479 1287 1560 1327 ab*

93 1349 306 1389 erratione
326 1351 485 1388 factum
509 1347 661 1399 (πρᾶος
696 1349 795 1401 quia
823 1349 866 1385 in
892 1346 1088 1385 versione
1108 1346 1244 1398 ejusd.
1268 1346 1452 1396 Latina,
1483 1359 1560 1384 ae-

93 1420 176 1459 que
197 1420 245 1444 ac
265 1406 310 1442 in
335 1405 464 1444 Paris.
486 1415 624 1444 tamen
647 1404 806 1457 legitur
824 1404 873 1442 ab
891 1402 986 1442 illis.
1045 1402 1248 1452 Interim,
1282 1403 1318 1441 si
1337 1402 1433 1456 quis
1456 1399 1558 1443 πάν.

91 1478 171 1503 των
193 1460 245 1499 ad
267 1461 362 1500 viae
386 1461 537 1510 duces,
571 1460 622 1499 de
645 1460 802 1512 quibus
828 1474 976 1511 supra,
1008 1459 1163 1497 referre
1189 1459 1319 1505 velit,
1354 1458 1470 1511 quod
1490 1463 1559 1499 λε·-

91 1516 242 1573 γόμενα
268 1514 350 1559 ὑπὸ
383 1522 463 1558 τῶν
492 1514 597 1559 ὁδῶν
628 1517 885 1555 insolentius
919 1513 1138 1565 videatur,
1172 1524 1214 1553 et
1242 1515 1338 1554 viae
1360 1529 1391 1553 s.
1418 1524 1559 1554 sectae

93 1575 164 1614 hic
193 1589 279 1613 non
313 1583 363 1612 ut
391 1587 602 1626 personae
631 1576 859 1625 loquentes
884 1569 1166 1620 inducantur,
1199 1586 1286 1610 non
1314 1574 1396 1622 jam
1427 1570 1559 1608 nimis

92 1644 346 1685 repugnem3
381 1629 454 1669 sed
485 1630 559 1683 qui
579 1633 718 1670 πασῶν
749 1628 984 1681 praeferet,
1017 1641 1095 1679 pro
1115 1624 1197 1668 ὑπὸ
1226 1631 1340 1681 legat
1357 1625 1481 1681 ὑπὲρ,
1514 1636 1560 1666 et

91 1690 154 1728 sic
178 1687 319 1725 omnia
342 1689 467 1739 plana
486 1696 625 1726 erunt.
653 1686 817 1723 RmTz.
878 1684 966 1738 Qui
986 1688 1129 1725 πασῶν
1149 1684 1344 1736 scripsit,
1377 1698 1465 1722 non
1488 1696 1560 1722 co-

92 1743 250 1800 gitavit
284 1742 479 1794 proxime
519 1739 646 1791 ὁδῶν,
690 1741 763 1780 sed
795 1745 1076 1793 φιλοσοφιῶν,
1119 1755 1172 1779 ex
1203 1739 1559 1780 antecedentibus

93 1800 262 1841 scilicet
285 1800 531 1850 φιλοσοφίας
547 1800 658 1851 πέρι,
689 1795 832 1849 ἥντινα
853 1797 1171 1849 φιλοσοφητέον,
1204 1797 1445 1848 repetitum.
1477 1795 1561 1833 At-

93 1858 170 1912 qui
193 1870 279 1894 non
304 1855 389 1892 fuit
413 1855 449 1893 is
473 1855 678 1894 Lucianus
711 1854 827 1906 ipse,
860 1853 932 1892 sed
964 1856 1186 1905 argutulus
1215 1852 1386 1905 quidam
1414 1852 1560 1899 homo,

93 1927 217 1968 quem
248 1910 484 1950 offenderet
511 1910 689 1952 πάντων.
730 1910 781 1948 ad
805 1910 1131 1951 Substantivum
1158 1909 1413 1948 femininum
1446 1910 1561 1947 rela-

94 1981 199 2010 tum.
261 1970 469 2021 Legamus
497 1965 577 2009 ὑπὸ
604 1964 789 2016 πάντων,
824 1967 1198 2019 intelligamusque
1226 1964 1502 2018 philosophos,
1536 1977 1561 2002 e

94 2042 201 2067 voce
223 2027 469 2077 φιλοσοφίας
484 2024 580 2062 illos
599 2024 725 2063 facile
747 2022 1035 2062 deducendos.
1074 2022 1146 2061 Sic
1164 2022 1300 2060 Diall.
1320 2023 1454 2061 Deor.
1479 2019 1560 2064 VI,

94 2089 136 2127 2.
159 2083 202 2120 in
227 2078 376 2128 αὐτούς
406 2080 600 2134 intellige
628 2076 897 2130 ἀνθρώπους,
932 2079 976 2116 in
1007 2093 1112 2118 vocc
1144 2075 1465 2131 φιλανθρώπους
1489 2079 1561 2114 la-

96 2147 247 2179 tentes.
279 2135 388 2174 lbid·
402 2145 507 2175 extr.
524 2141 640 2177 τοῦτο
665 2136 850 2189 pertinet
866 2134 918 2173 ad
941 2149 1088 2173 vocem
1111 2136 1223 2187 ἔρως.
1256 2134 1558 2173 Diall.Mortt.

97 2195 207 2245 XII,
230 2198 270 2236 4.
285 2189 429 2239 Ἕζλλᾶς
447 2192 676 2243 praecedit,
709 2203 751 2231 et
771 2192 904 2233 αὐτῶν
925 2191 984 2243 (i.
1009 2207 1044 2231 e.
1059 2189 1285 2243 Ἑλλήνων)
1306 2192 1407 2228 illuc
1430 2189 1564 2226 refer-

97 2263 178 2292 tur.
240 2249 447 2288 Similiter
469 2249 602 2297 XIII,
632 2253 670 2290 2.
701 2247 989 2296 κολακεύοντες
1017 2247 1068 2286 ad
1094 2247 1234 2295 Ἑλλὰς
1265 2244 1560 2292 referendum3

96 2309 216 2356 XIV,
251 2313 286 2349 1.
318 2301 450 2351 οὐδεὶς
477 2303 528 2341 acl
566 2300 767 2354 οἰόμενοι·
811 2306 906 2353 XV,
940 2310 979 2346 2.
1012 2305 1143 2357 ἐκείνη
1178 2304 1229 2342 ad
1266 2300 1484 2355 ὄοκάριον,
1518 2308 1561 2338 et

96 2364 317 2411 XXVIII,
340 2367 377 2404 2.
408 2358 554 2408 ἀθλίας
584 2360 706 2408 οὔσας
726 2361 776 2398 ad
807 2360 851 2401 τὸ
876 2367 1122 2414 γυναικεῖον.
1183 2360 1378 2398 Eundem
1402 2358 1489 2396 fere
1514 2356 1559 2393 in

98 2419 269 2460 modum
298 2418 347 2456 de
366 2417 492 2463 hujus
518 2417 651 2454 nostri
675 2417 759 2454 loci
782 2417 967 2456 lectione
980 2422 1118 2457 πασῶν
1144 2414 1375 2467 rejicienda
1398 2412 1538 2464 judica
1558 2441 1560 2443 >

98 2477 252 2517 vitVir
273 2473 464 2515 eruditus
480 2473 521 2509 in
545 2487 718 2511 censura
730 2472 950 2511 Editionis
963 2473 1100 2513 Reitz,
1115 2474 1257 2512 Novv.
1276 2467 1561 2509 Actt.Erudd‚

102 2546 135 2573 a.
169 2536 289 2576 1745.
324 2545 363 2583 p.
396 2534 488 2572 242.
515 2542 576 2581 sq.
640 2528 807 2581 Quodsi
839 2528 978 2566 adhuc
1010 2527 1207 2576 fluctues,
1240 2527 1310 2565 adi
1342 2524 1560 2579 sequentis

102 2601 190 2639 cap.
215 2588 409 2632 initium,
444 2585 517 2622 ubi
539 2584 585 2625 τὰ
605 2582 685 2625 ὕπὸ
702 2582 866 2626 πάντων
887 2583 1078 2638 λεγόμενα
1103 2585 1384 2623 illustrantur.
1430 2579 1562 2633 Quod

102 2653 240 2683 autem
271 2640 539 2683 Schmicclerus
568 2641 611 2678 in
637 2641 752 2680 Varr.
778 2642 919 2679 Lectt.
944 2640 994 2678 ad
1019 2640 1059 2679 h.
1081 2643 1108 2679 l.
1138 2644 1278 2681 πασῶν
1308 2639 1437 2677 refert
1466 2652 1559 2675 cum

103 2699 211 2739 Cod.
245 2701 319 2739 W.
350 2698 503 2738 habere
532 2696 668 2737 videri
701 2696 838 2736 Codd.
872 2696 1053 2745 Pariss.,
1096 2696 1140 2735 id
1174 2696 1317 2736 nescio
1348 2692 1561 2749 equidem,
