<?xml version="1.0" encoding="UTF-8"?>
<!DOCTYPE html PUBLIC "-//W3C//DTD XHTML 1.0 Transitional//EN"
    "http://www.w3.org/TR/xhtml1/DTD/xhtml1-transitional.dtd">
<html xmlns="http://www.w3.org/1999/xhtml" xml:lang="en" lang="en">
 <head>
  <title>
</title>
<meta http-equiv="Content-Type" content="text/html;charset=utf-8" />
  <meta name='ocr-system' content='tesseract 3.04.00' />
  <meta name='ocr-capabilities' content='ocr_page ocr_carea ocr_par ocr_line ocrx_word'/>
</head>
<body>
  <div class='ocr_page' id='page_1' title='image "./operagraecaetlat04luciuoft_0556.png"; bbox 0 0 1834 3188; ppageno 0'>
   <div class='ocr_carea' id='block_1_1' title="bbox 278 188 1385 237">
    <p class='ocr_par' dir='ltr' id='par_1_1' title="bbox 278 188 1385 237">
     <span class='ocr_line' id='line_1_1' title="bbox 278 188 1385 237; baseline -0.005 0"><span class='ocrx_word' id='word_1_1' title='bbox 278 188 378 237; x_wconf 78' lang='lat'>516</span> <span class='ocrx_word' id='word_1_2' title='bbox 628 199 1385 234; x_wconf 71' lang='lat' dir='ltr'><strong>ADNOTATIONES</strong></span> 
     </span>
    </p>
   </div>
   <div class='ocr_carea' id='block_1_2' title="bbox 316 299 1671 314">
    <p class='ocr_par' dir='ltr' id='par_1_2' title="bbox 316 299 1671 314">
     <span class='ocr_line' id='line_1_2' title="bbox 316 299 1671 314; baseline 0.001 -5"><span class='ocrx_word' id='word_1_3' title='bbox 316 303 559 314; x_wconf 31' lang='grc' dir='ltr'>’.φῄς-,ΓΜ</span> <span class='ocrx_word' id='word_1_4' title='bbox 571 299 1641 312; x_wconf 34' lang='grc' dir='ltr'>ψή-ψεΜΜ--η-ῂ-,ὴνβ-</span> <span class='ocrx_word' id='word_1_5' title='bbox 1661 307 1671 310; x_wconf 90' lang='grc'><strong>-</strong></span> 
     </span>
    </p>
   </div>
   <div class='ocr_carea' id='block_1_3' title="bbox 388 469 1735 641">
    <p class='ocr_par' dir='ltr' id='par_1_3' title="bbox 388 469 1735 641">
     <span class='ocr_line' id='line_1_3' title="bbox 448 469 1563 522; baseline 0.001 -1"><span class='ocrx_word' id='word_1_6' title='bbox 448 471 529 521; x_wconf 85' lang='lat' dir='ltr'>IN</span> <span class='ocrx_word' id='word_1_7' title='bbox 564 470 943 519; x_wconf 90' lang='lat' dir='ltr'><strong>SCYTHAM</strong></span> <span class='ocrx_word' id='word_1_8' title='bbox 978 469 1117 517; x_wconf 90' lang='lat' dir='ltr'>SEU</span> <span class='ocrx_word' id='word_1_9' title='bbox 1152 471 1563 522; x_wconf 87' lang='lat' dir='ltr'>HOSPITEM.</span> 
     </span>
     <span class='ocr_line' id='line_1_4' title="bbox 388 585 1735 641; baseline 0.001 -13"><span class='ocrx_word' id='word_1_10' title='bbox 388 587 486 641; x_wconf 75' lang='lat' dir='ltr'>Pag.</span> <span class='ocrx_word' id='word_1_11' title='bbox 515 589 654 632; x_wconf 87' lang='lat'>150.1.</span> <span class='ocrx_word' id='word_1_12' title='bbox 682 592 719 630; x_wconf 89' lang='lat'>1.</span> <span class='ocrx_word' id='word_1_13' title='bbox 760 588 1029 635; x_wconf 70' lang='grc' dir='ltr'>ΣΚΥΘΗΣ)</span> <span class='ocrx_word' id='word_1_14' title='bbox 1071 585 1308 639; x_wconf 49' lang='lat' dir='ltr'>mogiane&amp;</span> <span class='ocrx_word' id='word_1_15' title='bbox 1372 588 1532 628; x_wconf 70' lang='lat' dir='ltr'>Habita</span> <span class='ocrx_word' id='word_1_16' title='bbox 1555 603 1654 629; x_wconf 71' lang='lat' dir='ltr'>vero</span> <span class='ocrx_word' id='word_1_17' title='bbox 1691 590 1735 629; x_wconf 75' lang='lat' dir='ltr'>in</span> 
     </span>
    </p>
   </div>
   <div class='ocr_carea' id='block_1_4' title="bbox 270 643 1806 2782">
    <p class='ocr_par' dir='ltr' id='par_1_4' title="bbox 273 643 1806 1585">
     <span class='ocr_line' id='line_1_5' title="bbox 276 643 1738 697; baseline 0 -14"><span class='ocrx_word' id='word_1_18' title='bbox 276 644 561 693; x_wconf 85' lang='lat' dir='ltr'>Macedonia,</span> <span class='ocrx_word' id='word_1_19' title='bbox 596 653 637 682; x_wconf 92' lang='lat' dir='ltr'>et</span> <span class='ocrx_word' id='word_1_20' title='bbox 659 643 851 697; x_wconf 85' lang='lat' dir='ltr'>quidem,</span> <span class='ocrx_word' id='word_1_21' title='bbox 884 653 932 681; x_wconf 87' lang='lat' dir='ltr'>ut</span> <span class='ocrx_word' id='word_1_22' title='bbox 951 645 1234 695; x_wconf 82' lang='lat' dir='ltr'>conjecturam</span> <span class='ocrx_word' id='word_1_23' title='bbox 1257 645 1433 695; x_wconf 79' lang='lat' dir='ltr'>feceris,</span> <span class='ocrx_word' id='word_1_24' title='bbox 1466 645 1738 685; x_wconf 87' lang='lat' dir='ltr'>Thessaloni-</span> 
     </span>
     <span class='ocr_line' id='line_1_6' title="bbox 277 701 1742 756; baseline -0.001 -15"><span class='ocrx_word' id='word_1_25' title='bbox 277 718 363 741; x_wconf 95' lang='lat' dir='ltr'>cae.</span> <span class='ocrx_word' id='word_1_26' title='bbox 420 702 613 739; x_wconf 81' lang='lat' dir='ltr'>Patescet</span> <span class='ocrx_word' id='word_1_27' title='bbox 635 701 795 754; x_wconf 74' lang='lat' dir='ltr'>legenti</span> <span class='ocrx_word' id='word_1_28' title='bbox 826 715 865 753; x_wconf 93' lang='lat' dir='ltr'>p.</span> <span class='ocrx_word' id='word_1_29' title='bbox 887 703 981 744; x_wconf 77' lang='lat'>540.</span> <span class='ocrx_word' id='word_1_30' title='bbox 1002 709 1043 738; x_wconf 84' lang='lat' dir='ltr'>et</span> <span class='ocrx_word' id='word_1_31' title='bbox 1062 714 1145 752; x_wconf 88' lang='lat' dir='ltr'>seq.</span> <span class='ocrx_word' id='word_1_32' title='bbox 1179 702 1389 741; x_wconf 80' lang='lat' dir='ltr'>MAncrL.</span> <span class='ocrx_word' id='word_1_33' title='bbox 1453 702 1589 756; x_wconf 85' lang='lat' dir='ltr'>Quam</span> <span class='ocrx_word' id='word_1_34' title='bbox 1611 703 1742 742; x_wconf 73' lang='lat' dir='ltr'>Mar-</span> 
     </span>
     <span class='ocr_line' id='line_1_7' title="bbox 277 756 1745 811; baseline -0.001 -12"><span class='ocrx_word' id='word_1_35' title='bbox 277 759 392 799; x_wconf 80' lang='lat' dir='ltr'>cilius</span> <span class='ocrx_word' id='word_1_36' title='bbox 409 757 607 811; x_wconf 78' lang='lat' dir='ltr'>paginam</span> <span class='ocrx_word' id='word_1_37' title='bbox 630 756 815 805; x_wconf 82' lang='lat' dir='ltr'>indicat,</span> <span class='ocrx_word' id='word_1_38' title='bbox 850 771 894 795; x_wconf 89' lang='lat' dir='ltr'>ea</span> <span class='ocrx_word' id='word_1_39' title='bbox 914 767 977 795; x_wconf 87' lang='lat' dir='ltr'>est</span> <span class='ocrx_word' id='word_1_40' title='bbox 993 757 1208 796; x_wconf 81' lang='lat' dir='ltr'>Parisinae</span> <span class='ocrx_word' id='word_1_41' title='bbox 1229 757 1457 809; x_wconf 84' lang='lat' dir='ltr'><strong>editionis,</strong></span> <span class='ocrx_word' id='word_1_42' title='bbox 1490 759 1520 799; x_wconf 84' lang='lat' dir='ltr'>i.</span> <span class='ocrx_word' id='word_1_43' title='bbox 1538 773 1572 797; x_wconf 88' lang='lat' dir='ltr'>e.</span> <span class='ocrx_word' id='word_1_44' title='bbox 1596 759 1745 798; x_wconf 72' lang='lat' dir='ltr'>Astro-</span> 
     </span>
     <span class='ocr_line' id='line_1_8' title="bbox 275 812 1742 869; baseline 0 -16"><span class='ocrx_word' id='word_1_45' title='bbox 275 819 362 869; x_wconf 84' lang='lat' dir='ltr'>lo-g.</span> <span class='ocrx_word' id='word_1_46' title='bbox 390 829 411 853; x_wconf 86' lang='lat' dir='ltr'>a</span> <span class='ocrx_word' id='word_1_47' title='bbox 436 828 469 853; x_wconf 84' lang='lat' dir='ltr'>c,</span> <span class='ocrx_word' id='word_1_48' title='bbox 495 818 534 857; x_wconf 87' lang='lat'>4.</span> <span class='ocrx_word' id='word_1_49' title='bbox 558 813 608 851; x_wconf 89' lang='lat' dir='ltr'>ad</span> <span class='ocrx_word' id='word_1_50' title='bbox 638 818 699 855; x_wconf 85' lang='lat' dir='ltr'>lO.</span> <span class='ocrx_word' id='word_1_51' title='bbox 760 812 841 852; x_wconf 89' lang='lat' dir='ltr'>Sed</span> <span class='ocrx_word' id='word_1_52' title='bbox 864 827 1033 863; x_wconf 82' lang='lat' dir='ltr'>vereor,</span> <span class='ocrx_word' id='word_1_53' title='bbox 1066 823 1115 852; x_wconf 89' lang='lat' dir='ltr'>ut</span> <span class='ocrx_word' id='word_1_54' title='bbox 1140 827 1338 852; x_wconf 89' lang='lat' dir='ltr'>numerus</span> <span class='ocrx_word' id='word_1_55' title='bbox 1358 825 1470 855; x_wconf 84' lang='lat' dir='ltr'>recte</span> <span class='ocrx_word' id='word_1_56' title='bbox 1492 816 1548 855; x_wconf 86' lang='lat' dir='ltr'>sit</span> <span class='ocrx_word' id='word_1_57' title='bbox 1572 826 1742 869; x_wconf 54' lang='lat' dir='ltr'>expresss</span> 
     </span>
     <span class='ocr_line' id='line_1_9' title="bbox 276 869 1742 926; baseline -0.001 -16"><span class='ocrx_word' id='word_1_58' title='bbox 276 885 360 911; x_wconf 80' lang='lat' dir='ltr'>sus.</span> <span class='ocrx_word' id='word_1_59' title='bbox 392 872 555 908; x_wconf 69' lang='lat' dir='ltr'>Rmm.</span> <span class='ocrx_word' id='word_1_60' title='bbox 615 870 707 908; x_wconf 90' lang='lat' dir='ltr'>Nec</span> <span class='ocrx_word' id='word_1_61' title='bbox 731 869 836 906; x_wconf 83' lang='lat' dir='ltr'>mihi</span> <span class='ocrx_word' id='word_1_62' title='bbox 857 870 1015 923; x_wconf 87' lang='lat' dir='ltr'>liquet,</span> <span class='ocrx_word' id='word_1_63' title='bbox 1049 885 1170 923; x_wconf 87' lang='lat' dir='ltr'>quem</span> <span class='ocrx_word' id='word_1_64' title='bbox 1194 870 1412 910; x_wconf 77' lang='lat' dir='ltr'>Marc-ilius</span> <span class='ocrx_word' id='word_1_65' title='bbox 1432 871 1742 926; x_wconf 82' lang='lat' dir='ltr'>significaverit</span> 
     </span>
     <span class='ocr_line' id='line_1_10' title="bbox 277 925 1742 978; baseline 0 -11"><span class='ocrx_word' id='word_1_66' title='bbox 277 931 442 975; x_wconf 81' lang='lat' dir='ltr'>locum,</span> <span class='ocrx_word' id='word_1_67' title='bbox 485 925 597 964; x_wconf 86' lang='lat' dir='ltr'>unde</span> <span class='ocrx_word' id='word_1_68' title='bbox 629 934 793 978; x_wconf 80' lang='lat' dir='ltr'>pateret</span> <span class='ocrx_word' id='word_1_69' title='bbox 818 925 1148 965; x_wconf 81' lang='lat' dir='ltr'>Thessalonicae</span> <span class='ocrx_word' id='word_1_70' title='bbox 1179 926 1287 964; x_wconf 87' lang='lat' dir='ltr'>hanc</span> <span class='ocrx_word' id='word_1_71' title='bbox 1320 928 1617 967; x_wconf 81' lang='lat' dir='ltr'>recitationem</span> <span class='ocrx_word' id='word_1_72' title='bbox 1651 941 1742 967; x_wconf 82' lang='lat' dir='ltr'>esse</span> 
     </span>
     <span class='ocr_line' id='line_1_11' title="bbox 275 981 1742 1036; baseline -0.001 -14"><span class='ocrx_word' id='word_1_73' title='bbox 275 984 480 1022; x_wconf 84' lang='lat' dir='ltr'>habitam.</span> <span class='ocrx_word' id='word_1_74' title='bbox 542 981 668 1021; x_wconf 88' lang='lat' dir='ltr'>Certe</span> <span class='ocrx_word' id='word_1_75' title='bbox 689 981 952 1021; x_wconf 63' lang='lat' dir='ltr'>Ilffacedoniczc</span> <span class='ocrx_word' id='word_1_76' title='bbox 975 991 1102 1034; x_wconf 89' lang='lat' dir='ltr'>caput</span> <span class='ocrx_word' id='word_1_77' title='bbox 1119 982 1445 1036; x_wconf 82' lang='lat' dir='ltr'>intelligendum</span> <span class='ocrx_word' id='word_1_78' title='bbox 1465 999 1553 1024; x_wconf 86' lang='lat' dir='ltr'>esse</span> <span class='ocrx_word' id='word_1_79' title='bbox 1571 1016 1582 1036; x_wconf 88' lang='lat'><strong><em>‚</em></strong></span> <span class='ocrx_word' id='word_1_80' title='bbox 1615 984 1742 1036; x_wconf 68' lang='lat' dir='ltr'>docet</span> 
     </span>
     <span class='ocr_line' id='line_1_12' title="bbox 277 1036 1744 1094; baseline -0.001 -16"><span class='ocrx_word' id='word_1_81' title='bbox 277 1048 404 1091; x_wconf 84' lang='lat' dir='ltr'>caput</span> <span class='ocrx_word' id='word_1_82' title='bbox 425 1043 464 1081; x_wconf 84' lang='lat'>9.</span> <span class='ocrx_word' id='word_1_83' title='bbox 494 1038 570 1076; x_wconf 91' lang='lat' dir='ltr'>sub</span> <span class='ocrx_word' id='word_1_84' title='bbox 593 1052 653 1091; x_wconf 87' lang='lat' dir='ltr'>pr.</span> <span class='ocrx_word' id='word_1_85' title='bbox 678 1036 931 1091; x_wconf 75' lang='grc' dir='ltr'><em>Προςλαλιᾶν</em></span> <span class='ocrx_word' id='word_1_86' title='bbox 953 1048 1092 1077; x_wconf 87' lang='lat' dir='ltr'>autem</span> <span class='ocrx_word' id='word_1_87' title='bbox 1110 1053 1198 1077; x_wconf 88' lang='lat' dir='ltr'>esse</span> <span class='ocrx_word' id='word_1_88' title='bbox 1219 1038 1333 1077; x_wconf 91' lang='lat' dir='ltr'>hunc</span> <span class='ocrx_word' id='word_1_89' title='bbox 1353 1040 1545 1080; x_wconf 89' lang='lat' dir='ltr'>libellum</span> <span class='ocrx_word' id='word_1_90' title='bbox 1568 1040 1744 1094; x_wconf 76' lang='lat' dir='ltr'>negavit</span> 
     </span>
     <span class='ocr_line' id='line_1_13' title="bbox 282 1094 1744 1148; baseline -0.002 -11"><span class='ocrx_word' id='word_1_91' title='bbox 282 1095 527 1137; x_wconf 76' lang='lat' dir='ltr'>Wielamlius</span> <span class='ocrx_word' id='word_1_92' title='bbox 546 1095 805 1147; x_wconf 82' lang='lat' dir='ltr'>argumentis</span> <span class='ocrx_word' id='word_1_93' title='bbox 831 1094 1001 1147; x_wconf 88' lang='lat' dir='ltr'>quidem</span> <span class='ocrx_word' id='word_1_94' title='bbox 1023 1094 1248 1133; x_wconf 89' lang='lat' dir='ltr'>admodum</span> <span class='ocrx_word' id='word_1_95' title='bbox 1280 1095 1533 1148; x_wconf 82' lang='lat' dir='ltr'>subtilibus,</span> <span class='ocrx_word' id='word_1_96' title='bbox 1565 1111 1644 1136; x_wconf 91' lang='lat' dir='ltr'>nec</span> <span class='ocrx_word' id='word_1_97' title='bbox 1674 1098 1744 1134; x_wconf 86' lang='lat' dir='ltr'>fa·-</span> 
     </span>
     <span class='ocr_line' id='line_1_14' title="bbox 276 1149 1745 1203; baseline -0.003 -12"><span class='ocrx_word' id='word_1_98' title='bbox 276 1153 359 1191; x_wconf 85' lang='lat' dir='ltr'>cile</span> <span class='ocrx_word' id='word_1_99' title='bbox 384 1150 642 1191; x_wconf 83' lang='lat' dir='ltr'>refellendis.</span> <span class='ocrx_word' id='word_1_100' title='bbox 703 1149 886 1189; x_wconf 87' lang='lat' dir='ltr'>Videtur</span> <span class='ocrx_word' id='word_1_101' title='bbox 906 1151 1018 1189; x_wconf 90' lang='lat' dir='ltr'>enim</span> <span class='ocrx_word' id='word_1_102' title='bbox 1039 1151 1184 1203; x_wconf 87' lang='lat' dir='ltr'>potius</span> <span class='ocrx_word' id='word_1_103' title='bbox 1219 1150 1388 1190; x_wconf 85' lang='lat' dir='ltr'>libellus</span> <span class='ocrx_word' id='word_1_104' title='bbox 1414 1167 1503 1192; x_wconf 89' lang='lat' dir='ltr'>esse</span> <span class='ocrx_word' id='word_1_105' title='bbox 1533 1167 1745 1192; x_wconf 85' lang='lat' dir='ltr'>commen-</span> 
     </span>
     <span class='ocr_line' id='line_1_15' title="bbox 277 1206 1747 1262; baseline 0 -15"><span class='ocrx_word' id='word_1_106' title='bbox 277 1206 409 1261; x_wconf 82' lang='lat' dir='ltr'>dandi</span> <span class='ocrx_word' id='word_1_107' title='bbox 430 1207 498 1245; x_wconf 86' lang='lat' dir='ltr'>sui</span> <span class='ocrx_word' id='word_1_108' title='bbox 518 1220 664 1245; x_wconf 87' lang='lat' dir='ltr'>caussa</span> <span class='ocrx_word' id='word_1_109' title='bbox 693 1220 714 1243; x_wconf 90' lang='lat' dir='ltr'>a</span> <span class='ocrx_word' id='word_1_110' title='bbox 733 1206 916 1247; x_wconf 83' lang='lat' dir='ltr'>Luciano</span> <span class='ocrx_word' id='word_1_111' title='bbox 951 1208 1102 1245; x_wconf 85' lang='lat' dir='ltr'>missus</span> <span class='ocrx_word' id='word_1_112' title='bbox 1127 1207 1180 1246; x_wconf 88' lang='lat' dir='ltr'>ad</span> <span class='ocrx_word' id='word_1_113' title='bbox 1200 1218 1406 1260; x_wconf 84' lang='lat' dir='ltr'>patronos</span> <span class='ocrx_word' id='word_1_114' title='bbox 1443 1208 1529 1247; x_wconf 89' lang='lat' dir='ltr'>duo</span> <span class='ocrx_word' id='word_1_115' title='bbox 1563 1209 1747 1262; x_wconf 89' lang='lat' dir='ltr'>optimos</span> 
     </span>
     <span class='ocr_line' id='line_1_16' title="bbox 276 1262 1745 1318; baseline 0.001 -17"><span class='ocrx_word' id='word_1_116' title='bbox 276 1263 489 1304; x_wconf 82' lang='lat' dir='ltr'>maximos</span> <span class='ocrx_word' id='word_1_117' title='bbox 512 1262 944 1312; x_wconf 86' lang='lat' dir='ltr'>Thessalonicenses,</span> <span class='ocrx_word' id='word_1_118' title='bbox 978 1278 1066 1315; x_wconf 85' lang='lat' dir='ltr'>cap.</span> <span class='ocrx_word' id='word_1_119' title='bbox 1095 1269 1160 1306; x_wconf 87' lang='lat'>11.</span> <span class='ocrx_word' id='word_1_120' title='bbox 1186 1263 1396 1306; x_wconf 80' lang='lat' dir='ltr'>laudatos.</span> <span class='ocrx_word' id='word_1_121' title='bbox 1459 1264 1544 1304; x_wconf 89' lang='lat' dir='ltr'>Cui</span> <span class='ocrx_word' id='word_1_122' title='bbox 1571 1264 1745 1318; x_wconf 88' lang='lat' dir='ltr'>quidem</span> 
     </span>
     <span class='ocr_line' id='line_1_17' title="bbox 275 1318 1746 1375; baseline -0.001 -15"><span class='ocrx_word' id='word_1_123' title='bbox 275 1320 561 1373; x_wconf 83' lang='lat' dir='ltr'>scriptionum</span> <span class='ocrx_word' id='word_1_124' title='bbox 591 1318 735 1373; x_wconf 82' lang='lat' dir='ltr'>generi</span> <span class='ocrx_word' id='word_1_125' title='bbox 764 1319 890 1357; x_wconf 88' lang='lat' dir='ltr'>etiam</span> <span class='ocrx_word' id='word_1_126' title='bbox 916 1319 1225 1368; x_wconf 78' lang='lat' dir='ltr'>Harmonides‚</span> <span class='ocrx_word' id='word_1_127' title='bbox 1267 1322 1466 1372; x_wconf 82' lang='lat' dir='ltr'>proxime</span> <span class='ocrx_word' id='word_1_128' title='bbox 1489 1321 1746 1375; x_wconf 79' lang='lat' dir='ltr'>praecedens</span> 
     </span>
     <span class='ocr_line' id='line_1_18' title="bbox 273 1373 1746 1427; baseline -0.001 -11"><span class='ocrx_word' id='word_1_129' title='bbox 273 1377 472 1427; x_wconf 85' lang='lat' dir='ltr'>libellus,</span> <span class='ocrx_word' id='word_1_130' title='bbox 515 1373 800 1415; x_wconf 87' lang='lat' dir='ltr'>accensendus</span> <span class='ocrx_word' id='word_1_131' title='bbox 833 1385 908 1416; x_wconf 79' lang='lat' dir='ltr'>est,</span> <span class='ocrx_word' id='word_1_132' title='bbox 971 1375 1069 1416; x_wconf 86' lang='lat' dir='ltr'>Vid.</span> <span class='ocrx_word' id='word_1_133' title='bbox 1110 1376 1306 1416; x_wconf 75' lang='lat' dir='ltr'>Wielaml.</span> <span class='ocrx_word' id='word_1_134' title='bbox 1340 1376 1385 1415; x_wconf 91' lang='lat' dir='ltr'>in</span> <span class='ocrx_word' id='word_1_135' title='bbox 1415 1387 1516 1417; x_wconf 89' lang='lat' dir='ltr'>nota</span> <span class='ocrx_word' id='word_1_136' title='bbox 1549 1377 1602 1417; x_wconf 87' lang='lat' dir='ltr'>ad</span> <span class='ocrx_word' id='word_1_137' title='bbox 1629 1376 1746 1415; x_wconf 86' lang='lat' dir='ltr'>hunc</span> 
     </span>
     <span class='ocr_line' id='line_1_19' title="bbox 275 1433 1749 1486; baseline 0 -14"><span class='ocrx_word' id='word_1_138' title='bbox 275 1433 376 1476; x_wconf 80' lang='lat' dir='ltr'>dial.</span> <span class='ocrx_word' id='word_1_139' title='bbox 401 1433 452 1471; x_wconf 89' lang='lat' dir='ltr'>ab</span> <span class='ocrx_word' id='word_1_140' title='bbox 474 1433 568 1484; x_wconf 88' lang='lat' dir='ltr'>ipso</span> <span class='ocrx_word' id='word_1_141' title='bbox 598 1446 765 1471; x_wconf 85' lang='lat' dir='ltr'>versum</span> <span class='ocrx_word' id='word_1_142' title='bbox 789 1434 909 1471; x_wconf 88' lang='lat' dir='ltr'>Tom.</span> <span class='ocrx_word' id='word_1_143' title='bbox 937 1433 1014 1473; x_wconf 92' lang='lat' dir='ltr'>IV.</span> <span class='ocrx_word' id='word_1_144' title='bbox 1037 1447 1077 1486; x_wconf 87' lang='lat' dir='ltr'>p.</span> <span class='ocrx_word' id='word_1_145' title='bbox 1099 1435 1197 1477; x_wconf 80' lang='lat'>305.</span> <span class='ocrx_word' id='word_1_146' title='bbox 1231 1435 1382 1472; x_wconf 78' lang='lat' dir='ltr'>collata</span> <span class='ocrx_word' id='word_1_147' title='bbox 1411 1448 1505 1472; x_wconf 87' lang='lat' dir='ltr'>cum</span> <span class='ocrx_word' id='word_1_148' title='bbox 1527 1434 1631 1485; x_wconf 79' lang='lat' dir='ltr'>alia,</span> <span class='ocrx_word' id='word_1_149' title='bbox 1673 1448 1749 1472; x_wconf 86' lang='lat' dir='ltr'>ea·—</span> 
     </span>
     <span class='ocr_line' id='line_1_20' title="bbox 273 1486 1806 1544; baseline 0.001 -17"><span class='ocrx_word' id='word_1_150' title='bbox 273 1486 357 1544; x_wconf 71' lang='lat' dir='ltr'>qu&#39;e</span> <span class='ocrx_word' id='word_1_151' title='bbox 380 1489 577 1542; x_wconf 88' lang='lat' dir='ltr'>ampliori</span> <span class='ocrx_word' id='word_1_152' title='bbox 598 1503 638 1539; x_wconf 85' lang='lat' dir='ltr'>p.</span> <span class='ocrx_word' id='word_1_153' title='bbox 663 1493 759 1532; x_wconf 80' lang='lat'>321.</span> <span class='ocrx_word' id='word_1_154' title='bbox 782 1488 828 1526; x_wconf 89' lang='lat' dir='ltr'>in</span> <span class='ocrx_word' id='word_1_155' title='bbox 851 1502 934 1541; x_wconf 88' lang='lat' dir='ltr'>qua</span> <span class='ocrx_word' id='word_1_156' title='bbox 955 1499 1095 1528; x_wconf 83' lang='lat' dir='ltr'>tamen</span> <span class='ocrx_word' id='word_1_157' title='bbox 1117 1499 1302 1528; x_wconf 83' lang='lat' dir='ltr'>extrema</span> <span class='ocrx_word' id='word_1_158' title='bbox 1323 1504 1401 1542; x_wconf 84' lang='lat' dir='ltr'>pro</span> <span class='ocrx_word' id='word_1_159' title='bbox 1424 1490 1579 1529; x_wconf 76' lang='lat' dir='ltr'>Zeuxis</span> <span class='ocrx_word' id='word_1_160' title='bbox 1599 1491 1744 1529; x_wconf 88' lang='lat' dir='ltr'>nescio</span> <span class='ocrx_word' id='word_1_161' title='bbox 1804 1507 1806 1509; x_wconf 48' lang='lat'>&gt;</span> 
     </span>
     <span class='ocr_line' id='line_1_21' title="bbox 275 1544 1511 1585; baseline -0.001 0"><span class='ocrx_word' id='word_1_162' title='bbox 275 1560 329 1585; x_wconf 80' lang='lat' dir='ltr'>an</span> <span class='ocrx_word' id='word_1_163' title='bbox 349 1545 531 1584; x_wconf 85' lang='lat' dir='ltr'>scribere</span> <span class='ocrx_word' id='word_1_164' title='bbox 563 1544 807 1585; x_wconf 70' lang='lat' dir='ltr'>Wielamlius</span> <span class='ocrx_word' id='word_1_165' title='bbox 829 1546 1014 1585; x_wconf 84' lang='lat' dir='ltr'>voluerit</span> <span class='ocrx_word' id='word_1_166' title='bbox 1037 1545 1321 1584; x_wconf 49' lang='lat' dir='ltr'>Harmonia-es.</span> <span class='ocrx_word' id='word_1_167' title='bbox 1353 1547 1511 1584; x_wconf 66' lang='lat' dir='ltr'>Lmzm.</span> 
     </span>
    </p>

    <p class='ocr_par' dir='ltr' id='par_1_5' title="bbox 270 1597 1749 1881">
     <span class='ocr_line' id='line_1_22' title="bbox 389 1597 1748 1657; baseline -0.001 -16"><span class='ocrx_word' id='word_1_168' title='bbox 389 1601 493 1641; x_wconf 79' lang='lat' dir='ltr'>Eacl.</span> <span class='ocrx_word' id='word_1_169' title='bbox 519 1604 546 1639; x_wconf 82' lang='lat' dir='ltr'>l.</span> <span class='ocrx_word' id='word_1_170' title='bbox 568 1607 608 1644; x_wconf 78' lang='grc'>2.</span> <span class='ocrx_word' id='word_1_171' title='bbox 650 1605 822 1653; x_wconf 77' lang='grc' dir='ltr'><strong><em>Πρῶτος</em></strong></span> <span class='ocrx_word' id='word_1_172' title='bbox 835 1597 1098 1657; x_wconf 78' lang='grc' dir='ltr'><strong>Ἀνάχαρσις)</strong></span> <span class='ocrx_word' id='word_1_173' title='bbox 1141 1600 1241 1642; x_wconf 83' lang='lat' dir='ltr'>Vid.</span> <span class='ocrx_word' id='word_1_174' title='bbox 1266 1601 1392 1654; x_wconf 84' lang='lat' dir='ltr'>hujus</span> <span class='ocrx_word' id='word_1_175' title='bbox 1418 1603 1550 1642; x_wconf 87' lang='lat' dir='ltr'>vitam</span> <span class='ocrx_word' id='word_1_176' title='bbox 1571 1610 1614 1641; x_wconf 87' lang='lat' dir='ltr'>et</span> <span class='ocrx_word' id='word_1_177' title='bbox 1635 1601 1748 1655; x_wconf 85' lang='lat' dir='ltr'>Epi-</span> 
     </span>
     <span class='ocr_line' id='line_1_23' title="bbox 273 1656 1748 1711; baseline 0 -14"><span class='ocrx_word' id='word_1_178' title='bbox 273 1658 471 1711; x_wconf 78' lang='lat' dir='ltr'>taphium</span> <span class='ocrx_word' id='word_1_179' title='bbox 493 1656 605 1710; x_wconf 86' lang='lat' dir='ltr'>apud</span> <span class='ocrx_word' id='word_1_180' title='bbox 624 1656 846 1697; x_wconf 52' lang='lat' dir='ltr'>Lab-tium.</span> <span class='ocrx_word' id='word_1_181' title='bbox 881 1658 1025 1700; x_wconf 73' lang='lat' dir='ltr'>CocN.</span> <span class='ocrx_word' id='word_1_182' title='bbox 1087 1660 1284 1711; x_wconf 80' lang='grc' dir='ltr'>Πρῶτος)</span> <span class='ocrx_word' id='word_1_183' title='bbox 1318 1658 1392 1699; x_wconf 90' lang='lat' dir='ltr'>Sic</span> <span class='ocrx_word' id='word_1_184' title='bbox 1421 1667 1555 1707; x_wconf 82' lang='lat' dir='ltr'>recte,</span> <span class='ocrx_word' id='word_1_185' title='bbox 1598 1668 1641 1697; x_wconf 86' lang='lat' dir='ltr'>et</span> <span class='ocrx_word' id='word_1_186' title='bbox 1666 1672 1748 1710; x_wconf 87' lang='lat' dir='ltr'>pa-</span> 
     </span>
     <span class='ocr_line' id='line_1_24' title="bbox 273 1712 1749 1766; baseline 0.001 -12"><span class='ocrx_word' id='word_1_187' title='bbox 273 1725 337 1755; x_wconf 78' lang='lat' dir='ltr'>tet</span> <span class='ocrx_word' id='word_1_188' title='bbox 357 1715 436 1753; x_wconf 91' lang='lat' dir='ltr'>hac</span> <span class='ocrx_word' id='word_1_189' title='bbox 455 1712 712 1753; x_wconf 81' lang='lat' dir='ltr'>narratione.</span> <span class='ocrx_word' id='word_1_190' title='bbox 772 1715 987 1754; x_wconf 85' lang='lat' dir='ltr'>Mendose</span> <span class='ocrx_word' id='word_1_191' title='bbox 1003 1715 1047 1752; x_wconf 91' lang='lat' dir='ltr'>in</span> <span class='ocrx_word' id='word_1_192' title='bbox 1070 1715 1165 1753; x_wconf 89' lang='lat' dir='ltr'>aliis</span> <span class='ocrx_word' id='word_1_193' title='bbox 1182 1718 1355 1766; x_wconf 81' lang='grc' dir='ltr'><strong><em>πρῶτον.</em></strong></span> <span class='ocrx_word' id='word_1_194' title='bbox 1387 1714 1565 1755; x_wconf 70' lang='lat' dir='ltr'>Bounn.</span> <span class='ocrx_word' id='word_1_195' title='bbox 1628 1719 1749 1765; x_wconf 70' lang='lat'><em>11003·</em></span> 
     </span>
     <span class='ocr_line' id='line_1_25' title="bbox 271 1768 1746 1824; baseline 0.001 -16"><span class='ocrx_word' id='word_1_196' title='bbox 271 1788 340 1819; x_wconf 74' lang='grc' dir='ltr'>τος</span> <span class='ocrx_word' id='word_1_197' title='bbox 371 1768 637 1809; x_wconf 86' lang='lat' dir='ltr'>emendatum</span> <span class='ocrx_word' id='word_1_198' title='bbox 671 1768 715 1806; x_wconf 92' lang='lat' dir='ltr'>in</span> <span class='ocrx_word' id='word_1_199' title='bbox 750 1769 800 1808; x_wconf 92' lang='lat' dir='ltr'>B.</span> <span class='ocrx_word' id='word_1_200' title='bbox 827 1776 866 1813; x_wconf 81' lang='grc'>2.</span> <span class='ocrx_word' id='word_1_201' title='bbox 901 1772 992 1810; x_wconf 87' lang='lat' dir='ltr'>Par.</span> <span class='ocrx_word' id='word_1_202' title='bbox 1014 1772 1057 1810; x_wconf 89' lang='lat' dir='ltr'>S.</span> <span class='ocrx_word' id='word_1_203' title='bbox 1084 1780 1127 1811; x_wconf 84' lang='lat' dir='ltr'>et</span> <span class='ocrx_word' id='word_1_204' title='bbox 1147 1771 1280 1810; x_wconf 86' lang='lat' dir='ltr'>Amst.</span> <span class='ocrx_word' id='word_1_205' title='bbox 1339 1771 1392 1810; x_wconf 88' lang='lat' dir='ltr'>In</span> <span class='ocrx_word' id='word_1_206' title='bbox 1426 1770 1746 1824; x_wconf 85' lang='lat' dir='ltr'>antiquioribus</span> 
     </span>
     <span class='ocr_line' id='line_1_26' title="bbox 270 1825 1043 1881; baseline 0.005 -16"><span class='ocrx_word' id='word_1_207' title='bbox 270 1841 401 1881; x_wconf 83' lang='lat' dir='ltr'>prave</span> <span class='ocrx_word' id='word_1_208' title='bbox 425 1825 644 1880; x_wconf 83' lang='lat' dir='ltr'>legebatur</span> <span class='ocrx_word' id='word_1_209' title='bbox 665 1831 838 1876; x_wconf 80' lang='grc' dir='ltr'><strong><em>πρῶτον.</em></strong></span> <span class='ocrx_word' id='word_1_210' title='bbox 871 1828 1043 1869; x_wconf 79' lang='lat' dir='ltr'><strong>SOLAN.</strong></span> 
     </span>
    </p>

    <p class='ocr_par' dir='ltr' id='par_1_6' title="bbox 272 1879 1745 2105">
     <span class='ocr_line' id='line_1_27' title="bbox 386 1879 1745 1937; baseline 0 -17"><span class='ocrx_word' id='word_1_211' title='bbox 386 1883 492 1923; x_wconf 75' lang='lat' dir='ltr'>Ibicl.</span> <span class='ocrx_word' id='word_1_212' title='bbox 528 1879 793 1937; x_wconf 64' lang='grc' dir='ltr'>Ἀνάχαρσις)</span> <span class='ocrx_word' id='word_1_213' title='bbox 833 1884 1042 1923; x_wconf 85' lang='lat' dir='ltr'>Meminit</span> <span class='ocrx_word' id='word_1_214' title='bbox 1074 1883 1201 1936; x_wconf 87' lang='lat' dir='ltr'>hujus</span> <span class='ocrx_word' id='word_1_215' title='bbox 1237 1882 1409 1923; x_wconf 72' lang='lat' dir='ltr'>Galenus</span> <span class='ocrx_word' id='word_1_216' title='bbox 1441 1882 1487 1921; x_wconf 87' lang='lat' dir='ltr'>in</span> <span class='ocrx_word' id='word_1_217' title='bbox 1519 1900 1660 1937; x_wconf 82' lang='grc' dir='ltr'><em>προτρ.</em></span> <span class='ocrx_word' id='word_1_218' title='bbox 1692 1881 1745 1921; x_wconf 81' lang='lat' dir='ltr'>ad</span> 
     </span>
     <span class='ocr_line' id='line_1_28' title="bbox 272 1938 1745 1992; baseline -0.001 -14"><span class='ocrx_word' id='word_1_219' title='bbox 272 1940 409 1979; x_wconf 90' lang='lat' dir='ltr'>Artes.</span> <span class='ocrx_word' id='word_1_220' title='bbox 446 1940 616 1977; x_wconf 63' lang='lat' dir='ltr'>Vons‘r.</span> <span class='ocrx_word' id='word_1_221' title='bbox 676 1938 798 1992; x_wconf 84' lang='lat' dir='ltr'>Quae</span> <span class='ocrx_word' id='word_1_222' title='bbox 827 1939 879 1979; x_wconf 91' lang='lat' dir='ltr'>de</span> <span class='ocrx_word' id='word_1_223' title='bbox 909 1939 1200 1978; x_wconf 86' lang='lat' dir='ltr'>Anacharside</span> <span class='ocrx_word' id='word_1_224' title='bbox 1230 1939 1301 1978; x_wconf 84' lang='lat' dir='ltr'>hic</span> <span class='ocrx_word' id='word_1_225' title='bbox 1332 1939 1483 1987; x_wconf 87' lang='lat' dir='ltr'>habet,</span> <span class='ocrx_word' id='word_1_226' title='bbox 1517 1949 1745 1978; x_wconf 83' lang='lat' dir='ltr'>narrantur</span> 
     </span>
     <span class='ocr_line' id='line_1_29' title="bbox 273 1993 1744 2050; baseline -0.001 -16"><span class='ocrx_word' id='word_1_227' title='bbox 273 1995 400 2035; x_wconf 88' lang='lat' dir='ltr'>etiam</span> <span class='ocrx_word' id='word_1_228' title='bbox 433 1994 544 2048; x_wconf 86' lang='lat' dir='ltr'>apud</span> <span class='ocrx_word' id='word_1_229' title='bbox 566 1994 672 2035; x_wconf 81' lang='lat' dir='ltr'>Plut.</span> <span class='ocrx_word' id='word_1_230' title='bbox 697 2009 737 2048; x_wconf 90' lang='lat' dir='ltr'>p.</span> <span class='ocrx_word' id='word_1_231' title='bbox 759 2001 827 2039; x_wconf 73' lang='lat'>26.</span> <span class='ocrx_word' id='word_1_232' title='bbox 847 1997 896 2036; x_wconf 88' lang='lat' dir='ltr'>F.</span> <span class='ocrx_word' id='word_1_233' title='bbox 919 2006 961 2035; x_wconf 92' lang='lat' dir='ltr'>et</span> <span class='ocrx_word' id='word_1_234' title='bbox 980 1998 1100 2050; x_wconf 71' lang='lat' dir='ltr'><em>Diog.</em></span> <span class='ocrx_word' id='word_1_235' title='bbox 1123 1997 1261 2038; x_wconf 76' lang='lat' dir='ltr'>La&#39;e&#39;rt.</span> <span class='ocrx_word' id='word_1_236' title='bbox 1321 1993 1405 2036; x_wconf 89' lang='lat' dir='ltr'>Sed</span> <span class='ocrx_word' id='word_1_237' title='bbox 1438 1996 1574 2035; x_wconf 84' lang='lat' dir='ltr'>aliter.</span> <span class='ocrx_word' id='word_1_238' title='bbox 1634 1996 1744 2034; x_wconf 87' lang='lat' dir='ltr'>Item</span> 
     </span>
     <span class='ocr_line' id='line_1_30' title="bbox 273 2051 1110 2105; baseline 0.001 -14"><span class='ocrx_word' id='word_1_239' title='bbox 273 2066 342 2105; x_wconf 87' lang='lat' dir='ltr'>ap.</span> <span class='ocrx_word' id='word_1_240' title='bbox 366 2051 520 2092; x_wconf 80' lang='lat' dir='ltr'>Herod.</span> <span class='ocrx_word' id='word_1_241' title='bbox 544 2051 629 2098; x_wconf 92' lang='lat' dir='ltr'>IV,</span> <span class='ocrx_word' id='word_1_242' title='bbox 650 2057 717 2095; x_wconf 89' lang='lat'>46.</span> <span class='ocrx_word' id='word_1_243' title='bbox 741 2066 782 2105; x_wconf 87' lang='lat' dir='ltr'>p.</span> <span class='ocrx_word' id='word_1_244' title='bbox 813 2056 905 2096; x_wconf 60' lang='lat'>155,</span> <span class='ocrx_word' id='word_1_245' title='bbox 938 2051 1110 2093; x_wconf 81' lang='lat' dir='ltr'>SOLAN.</span> 
     </span>
    </p>

    <p class='ocr_par' dir='ltr' id='par_1_7' title="bbox 272 2106 1747 2275">
     <span class='ocr_line' id='line_1_31' title="bbox 384 2106 1747 2162; baseline -0.004 -11"><span class='ocrx_word' id='word_1_246' title='bbox 384 2108 535 2148; x_wconf 67' lang='lat' dir='ltr'>Eud-1·</span> <span class='ocrx_word' id='word_1_247' title='bbox 556 2109 595 2151; x_wconf 68' lang='lat'>50</span> <span class='ocrx_word' id='word_1_248' title='bbox 634 2106 694 2149; x_wconf 79' lang='grc' dir='ltr'>Οὐ</span> <span class='ocrx_word' id='word_1_249' title='bbox 721 2113 793 2150; x_wconf 84' lang='grc' dir='ltr'>τοῦ</span> <span class='ocrx_word' id='word_1_250' title='bbox 820 2112 912 2162; x_wconf 73' lang='grc' dir='ltr'><em>βασ.</em></span> <span class='ocrx_word' id='word_1_251' title='bbox 939 2110 1107 2162; x_wconf 80' lang='grc' dir='ltr'>γένους)</span> <span class='ocrx_word' id='word_1_252' title='bbox 1149 2109 1248 2148; x_wconf 79' lang='lat' dir='ltr'>Hoc</span> <span class='ocrx_word' id='word_1_253' title='bbox 1277 2123 1300 2147; x_wconf 90' lang='lat' dir='ltr'>a</span> <span class='ocrx_word' id='word_1_254' title='bbox 1327 2109 1514 2148; x_wconf 82' lang='lat' dir='ltr'>Luciano</span> <span class='ocrx_word' id='word_1_255' title='bbox 1543 2106 1747 2146; x_wconf 62' lang='lat' dir='ltr'>observa*-</span> 
     </span>
     <span class='ocr_line' id='line_1_32' title="bbox 272 2163 1746 2219; baseline -0.001 -16"><span class='ocrx_word' id='word_1_256' title='bbox 272 2173 388 2215; x_wconf 82' lang='lat' dir='ltr'>tum,</span> <span class='ocrx_word' id='word_1_257' title='bbox 426 2164 552 2218; x_wconf 86' lang='lat' dir='ltr'>quia,</span> <span class='ocrx_word' id='word_1_258' title='bbox 580 2178 701 2216; x_wconf 88' lang='lat' dir='ltr'>quem</span> <span class='ocrx_word' id='word_1_259' title='bbox 723 2165 987 2215; x_wconf 86' lang='lat' dir='ltr'>nominavit,</span> <span class='ocrx_word' id='word_1_260' title='bbox 1018 2165 1275 2204; x_wconf 87' lang='lat' dir='ltr'>Anacharsis</span> <span class='ocrx_word' id='word_1_261' title='bbox 1308 2180 1330 2205; x_wconf 90' lang='lat' dir='ltr'>e</span> <span class='ocrx_word' id='word_1_262' title='bbox 1358 2164 1628 2219; x_wconf 48' lang='lat' dir='ltr'>regiajstirpe</span> <span class='ocrx_word' id='word_1_263' title='bbox 1656 2163 1746 2203; x_wconf 79' lang='lat' dir='ltr'>erat</span> 
     </span>
     <span class='ocr_line' id='line_1_33' title="bbox 273 2219 1282 2275; baseline 0.002 -15"><span class='ocrx_word' id='word_1_264' title='bbox 273 2220 495 2260; x_wconf 86' lang='lat' dir='ltr'>oriundus.</span> <span class='ocrx_word' id='word_1_265' title='bbox 557 2219 656 2260; x_wconf 87' lang='lat' dir='ltr'>Vid.</span> <span class='ocrx_word' id='word_1_266' title='bbox 679 2220 833 2260; x_wconf 78' lang='lat' dir='ltr'>Herod.</span> <span class='ocrx_word' id='word_1_267' title='bbox 859 2236 901 2275; x_wconf 87' lang='lat' dir='ltr'>p.</span> <span class='ocrx_word' id='word_1_268' title='bbox 926 2226 1020 2265; x_wconf 87' lang='lat'>155.</span> <span class='ocrx_word' id='word_1_269' title='bbox 1047 2223 1076 2260; x_wconf 84' lang='lat' dir='ltr'>f.</span> <span class='ocrx_word' id='word_1_270' title='bbox 1110 2222 1282 2262; x_wconf 71' lang='lat' dir='ltr'>SOLAN.</span> 
     </span>
    </p>

    <p class='ocr_par' dir='ltr' id='par_1_8' title="bbox 272 2272 1744 2443">
     <span class='ocr_line' id='line_1_34' title="bbox 385 2272 1742 2330; baseline -0.002 -14"><span class='ocrx_word' id='word_1_271' title='bbox 385 2276 491 2316; x_wconf 76' lang='lat' dir='ltr'><strong><em>Ibid.</em></strong></span> <span class='ocrx_word' id='word_1_272' title='bbox 514 2272 628 2326; x_wconf 66' lang='lat' dir='ltr'>⁵⁸52v)</span> <span class='ocrx_word' id='word_1_273' title='bbox 661 2278 912 2330; x_wconf 88' lang='lat' dir='ltr'>Turparunt</span> <span class='ocrx_word' id='word_1_274' title='bbox 938 2277 1121 2317; x_wconf 88' lang='lat' dir='ltr'>editores</span> <span class='ocrx_word' id='word_1_275' title='bbox 1143 2278 1304 2317; x_wconf 89' lang='lat' dir='ltr'>novitii</span> <span class='ocrx_word' id='word_1_276' title='bbox 1326 2278 1532 2317; x_wconf 86' lang='lat' dir='ltr'>sinceram</span> <span class='ocrx_word' id='word_1_277' title='bbox 1553 2286 1742 2316; x_wconf 85' lang='lat' dir='ltr'>veterum</span> 
     </span>
     <span class='ocr_line' id='line_1_35' title="bbox 272 2331 1744 2390; baseline 0.001 -19"><span class='ocrx_word' id='word_1_278' title='bbox 272 2331 513 2372; x_wconf 88' lang='lat' dir='ltr'>editionum</span> <span class='ocrx_word' id='word_1_279' title='bbox 535 2333 789 2384; x_wconf 87' lang='lat' dir='ltr'>lectionem,</span> <span class='ocrx_word' id='word_1_280' title='bbox 823 2333 924 2372; x_wconf 90' lang='lat' dir='ltr'>dum</span> <span class='ocrx_word' id='word_1_281' title='bbox 949 2333 1180 2387; x_wconf 83' lang='lat' dir='ltr'>dederunt,</span> <span class='ocrx_word' id='word_1_282' title='bbox 1213 2333 1261 2376; x_wconf 77' lang='grc' dir='ltr'>οὗ</span> <span class='ocrx_word' id='word_1_283' title='bbox 1284 2341 1356 2377; x_wconf 81' lang='grc' dir='ltr'>τοῦ</span> <span class='ocrx_word' id='word_1_284' title='bbox 1375 2337 1587 2390; x_wconf 77' lang='grc' dir='ltr'><em>βασιλικοῦ</em></span> <span class='ocrx_word' id='word_1_285' title='bbox 1604 2333 1744 2387; x_wconf 78' lang='grc' dir='ltr'><strong><em>γένους</em></strong></span> 
     </span>
     <span class='ocr_line' id='line_1_36' title="bbox 273 2385 940 2443; baseline -0.003 -12"><span class='ocrx_word' id='word_1_286' title='bbox 273 2385 346 2442; x_wconf 63' lang='grc' dir='ltr'>ὃν,</span> <span class='ocrx_word' id='word_1_287' title='bbox 376 2404 528 2442; x_wconf 86' lang='lat' dir='ltr'>nempe</span> <span class='ocrx_word' id='word_1_288' title='bbox 550 2386 598 2431; x_wconf 75' lang='grc' dir='ltr'>ὂν</span> <span class='ocrx_word' id='word_1_289' title='bbox 613 2404 690 2443; x_wconf 91' lang='lat' dir='ltr'>pro</span> <span class='ocrx_word' id='word_1_290' title='bbox 715 2387 784 2431; x_wconf 67' lang='grc' dir='ltr'>ὤν.</span> <span class='ocrx_word' id='word_1_291' title='bbox 814 2390 940 2431; x_wconf 79' lang='lat' dir='ltr'><strong>JENS.</strong></span> 
     </span>
    </p>

    <p class='ocr_par' dir='ltr' id='par_1_9' title="bbox 272 2445 1744 2543">
     <span class='ocr_line' id='line_1_37' title="bbox 384 2445 1744 2503; baseline -0.001 -18"><span class='ocrx_word' id='word_1_292' title='bbox 384 2445 488 2485; x_wconf 78' lang='lat' dir='ltr'>Ead.</span> <span class='ocrx_word' id='word_1_293' title='bbox 513 2448 542 2484; x_wconf 89' lang='lat' dir='ltr'>l.</span> <span class='ocrx_word' id='word_1_294' title='bbox 565 2450 604 2491; x_wconf 90' lang='grc'>6.</span> <span class='ocrx_word' id='word_1_295' title='bbox 639 2445 962 2503; x_wconf 78' lang='grc' dir='ltr'><em>Πιλοφορικῶν)</em></span> <span class='ocrx_word' id='word_1_296' title='bbox 995 2446 1104 2501; x_wconf 78' lang='lat' dir='ltr'>Quis</span> <span class='ocrx_word' id='word_1_297' title='bbox 1126 2447 1211 2487; x_wconf 81' lang='lat' dir='ltr'>hoc</span> <span class='ocrx_word' id='word_1_298' title='bbox 1238 2445 1558 2496; x_wconf 74' lang='lat' dir='ltr'>memoraverit,</span> <span class='ocrx_word' id='word_1_299' title='bbox 1590 2459 1655 2484; x_wconf 79' lang='lat' dir='ltr'>me</span> <span class='ocrx_word' id='word_1_300' title='bbox 1674 2447 1744 2484; x_wconf 83' lang='lat' dir='ltr'>la·-</span> 
     </span>
     <span class='ocr_line' id='line_1_38' title="bbox 272 2502 548 2543; baseline 0.018 -5"><span class='ocrx_word' id='word_1_301' title='bbox 272 2508 349 2541; x_wconf 83' lang='lat' dir='ltr'>tet.</span> <span class='ocrx_word' id='word_1_302' title='bbox 379 2502 548 2543; x_wconf 78' lang='lat' dir='ltr'>SOLAN.</span> 
     </span>
    </p>

    <p class='ocr_par' dir='ltr' id='par_1_10' title="bbox 275 2556 1742 2665">
     <span class='ocr_line' id='line_1_39' title="bbox 388 2556 1742 2611; baseline 0.001 -16"><span class='ocrx_word' id='word_1_303' title='bbox 388 2558 492 2599; x_wconf 76' lang='lat' dir='ltr'><em>Ibid.</em></span> <span class='ocrx_word' id='word_1_304' title='bbox 523 2556 701 2601; x_wconf 66' lang='grc' dir='ltr'><strong><em>Σκυθῶν</em></strong></span> <span class='ocrx_word' id='word_1_305' title='bbox 719 2563 800 2600; x_wconf 75' lang='grc' dir='ltr'>τῶν</span> <span class='ocrx_word' id='word_1_306' title='bbox 829 2562 1020 2611; x_wconf 75' lang='grc' dir='ltr'><strong>πολλῶν)</strong></span> <span class='ocrx_word' id='word_1_307' title='bbox 1053 2560 1122 2598; x_wconf 89' lang='lat' dir='ltr'>Sic</span> <span class='ocrx_word' id='word_1_308' title='bbox 1151 2560 1252 2598; x_wconf 86' lang='lat' dir='ltr'>infr.</span> <span class='ocrx_word' id='word_1_309' title='bbox 1286 2561 1442 2598; x_wconf 82' lang='lat' dir='ltr'>Toxar.</span> <span class='ocrx_word' id='word_1_310' title='bbox 1479 2572 1512 2596; x_wconf 72' lang='lat' dir='ltr'>c·</span> <span class='ocrx_word' id='word_1_311' title='bbox 1538 2560 1606 2601; x_wconf 90' lang='lat'>45.</span> <span class='ocrx_word' id='word_1_312' title='bbox 1633 2557 1742 2598; x_wconf 88' lang='lat' dir='ltr'>med.</span> 
     </span>
     <span class='ocr_line' id='line_1_40' title="bbox 275 2612 1320 2665; baseline 0.002 -13"><span class='ocrx_word' id='word_1_313' title='bbox 275 2612 439 2665; x_wconf 78' lang='grc' dir='ltr'><em>Πένητα</em></span> <span class='ocrx_word' id='word_1_314' title='bbox 468 2639 523 2645; x_wconf 79' lang='lat'>--</span> <span class='ocrx_word' id='word_1_315' title='bbox 555 2619 621 2657; x_wconf 78' lang='grc' dir='ltr'>καὶ</span> <span class='ocrx_word' id='word_1_316' title='bbox 645 2621 824 2657; x_wconf 72' lang='grc' dir='ltr'><strong><em>Σκυθῶν</em></strong></span> <span class='ocrx_word' id='word_1_317' title='bbox 845 2622 925 2658; x_wconf 75' lang='grc' dir='ltr'>τῶν</span> <span class='ocrx_word' id='word_1_318' title='bbox 944 2620 1116 2658; x_wconf 74' lang='grc' dir='ltr'><em>πολλῶν.</em></span> <span class='ocrx_word' id='word_1_319' title='bbox 1151 2618 1320 2656; x_wconf 79' lang='lat' dir='ltr'>SOLAN.</span> 
     </span>
    </p>

    <p class='ocr_par' dir='ltr' id='par_1_11' title="bbox 275 2669 1742 2782">
     <span class='ocr_line' id='line_1_41' title="bbox 388 2669 1740 2724; baseline 0.001 -17"><span class='ocrx_word' id='word_1_320' title='bbox 388 2669 486 2721; x_wconf 65' lang='lat' dir='ltr'>Pag.</span> <span class='ocrx_word' id='word_1_321' title='bbox 513 2674 605 2714; x_wconf 78' lang='grc'><strong>151.</strong></span> <span class='ocrx_word' id='word_1_322' title='bbox 624 2675 650 2710; x_wconf 94' lang='grc'>1.</span> <span class='ocrx_word' id='word_1_323' title='bbox 679 2679 714 2714; x_wconf 83' lang='grc'>1.</span> <span class='ocrx_word' id='word_1_324' title='bbox 744 2670 1028 2724; x_wconf 70' lang='grc' dir='ltr'>Ὀκτιὶποὸες)</span> <span class='ocrx_word' id='word_1_325' title='bbox 1060 2673 1264 2724; x_wconf 82' lang='lat' dir='ltr'>Scythico</span> <span class='ocrx_word' id='word_1_326' title='bbox 1286 2669 1513 2724; x_wconf 86' lang='lat' dir='ltr'>proverbio</span> <span class='ocrx_word' id='word_1_327' title='bbox 1541 2669 1740 2710; x_wconf 88' lang='lat' dir='ltr'>diceban-</span> 
     </span>
     <span class='ocr_line' id='line_1_42' title="bbox 275 2725 1742 2782; baseline 0.002 -20"><span class='ocrx_word' id='word_1_328' title='bbox 275 2731 368 2774; x_wconf 83' lang='lat' dir='ltr'>tur,</span> <span class='ocrx_word' id='word_1_329' title='bbox 397 2725 549 2779; x_wconf 79' lang='lat' dir='ltr'>quibus</span> <span class='ocrx_word' id='word_1_330' title='bbox 571 2728 809 2769; x_wconf 74' lang='lat' dir='ltr'>rusticanae</span> <span class='ocrx_word' id='word_1_331' title='bbox 829 2738 992 2768; x_wconf 83' lang='lat' dir='ltr'>tantum</span> <span class='ocrx_word' id='word_1_332' title='bbox 1014 2743 1116 2782; x_wconf 81' lang='lat' dir='ltr'>opes</span> <span class='ocrx_word' id='word_1_333' title='bbox 1143 2738 1281 2778; x_wconf 85' lang='lat' dir='ltr'>erant,</span> <span class='ocrx_word' id='word_1_334' title='bbox 1317 2726 1481 2781; x_wconf 87' lang='lat' dir='ltr'>quique</span> <span class='ocrx_word' id='word_1_335' title='bbox 1509 2725 1614 2767; x_wconf 80' lang='lat' dir='ltr'>duos</span> <span class='ocrx_word' id='word_1_336' title='bbox 1643 2741 1742 2781; x_wconf 86' lang='lat' dir='ltr'>pos-</span> 
     </span>
    </p>
   </div>
   <div class='ocr_carea' id='block_1_5' title="bbox 1830 746 1834 1347">
    <p class='ocr_par' dir='ltr' id='par_1_12' title="bbox 1830 746 1834 1347">
     <span class='ocr_line' id='line_1_43' title="bbox 1830 746 1834 1347; baseline 0 0"><span class='ocrx_word' id='word_1_337' title='bbox 1830 746 1834 1347; x_wconf 95' lang='lat' dir='ltr'> </span> 
     </span>
    </p>
   </div>
  </div>
 </body>
</html>
