1834 3188
270 229 371 277 620
621 233 1379 270 Annei-Artanes

269 340 400 381 nimis
419 347 483 380 est
500 335 705 392 quaesita.
736 331 1042 373 Excusationis
1061 330 1226 384 aliquid
1246 330 1374 370 habet
1397 330 1443 370 in
1455 345 1537 371 usu
1554 331 1732 387 loquen-

271 399 339 447 di,
371 396 446 435 ubi
469 393 674 449 pedestris
705 390 858 430 oratio.
920 389 1073 428 Sensus
1105 402 1205 428 vero
1224 388 1447 428 verborum
1470 398 1551 429 est:
1583 389 1731 441 Expo-

271 455 376 494 sitio
399 452 523 491 debet
544 448 750 503 pedestris
768 446 890 500 sequi
913 445 1165 485 sententiam
1185 459 1294 499 equo
1318 454 1494 494 vectam,
1518 453 1560 484 et
1579 445 1731 498 ephip-

271 511 344 564 pia
364 507 639 562 prehendere,
672 518 724 544 ne
745 511 981 549 remaneat,
1014 515 1036 540 a
1056 501 1412 553 sententiaquasi
1429 501 1645 540 velociore
1666 515 1730 541 re.-

270 568 389 607 licta.
449 561 699 605 Similitudo
725 559 849 598 ducta
870 558 921 597 ab
942 557 1192 597 hominibus
1216 556 1404 606 duobus,
1435 557 1515 598 iter
1534 556 1732 596 facienti-

273 623 375 668 bus,
409 634 588 675 quorum
613 621 715 657 alter
738 630 848 669 equo
872 613 1066 660 vehitur,
1089 617 1192 653 alter
1213 612 1392 667 pedibus
1414 616 1535 666 juxta
1556 611 1733 653 incedit.

271 681 393 719 Run.
453 676 705 729 Philologus
739 671 934 714 Jenensis
963 671 1226 723 (Schiitzius)
1258 669 1302 708 in
1348 671 1662 724 Programmate
1694 683 1735 710 a.

272 740 398 780 1792.
429 732 546 773 edito
581 730 633 770 de
664 730 770 777 hoc,
814 742 938 782 quem
973 726 1101 778 dicit,
1141 725 1399 765 difficillimo
1424 729 1522 765 loco
1554 725 1736 766 maxime

273 800 443 831 accusat
472 797 710 837 auctorem,
742 785 809 824 uti
831 783 958 824 verba
986 785 1075 836 ejus
1101 785 1231 837 vulgo
1250 784 1466 837 legantur,
1500 782 1735 836 imaginum

276 845 550 887 confusionis
576 852 618 883 et
650 840 1007 896 perturbationum
1041 854 1128 894 quo
1159 839 1335 879 crimine
1366 849 1417 878 ut
1447 853 1543 879 eum
1568 838 1736 892 liberet,

274 908 357 959 jam
382 902 483 943 satis
501 899 698 939 audacter
719 894 789 951 ἐφ’
823 900 951 939 ἱστίου
969 911 1047 950 pro
1065 892 1136 949 ἐφ’
1160 898 1312 942 ἵππου,
1344 910 1422 949 pro
1447 897 1643 949 ἐφιππίου
1662 894 1735 933 au·‘

275 971 360 999 tem
387 959 581 1011 ἐφολκίου
612 955 770 1010 corrigi
797 954 932 1006 jubet.
990 954 1049 993 At
1080 953 1248 992 fallitur
1276 953 1458 1006 egregie.
1515 952 1626 992 Nam
1657 950 1739 990 hac

276 1018 371 1070 ipsa
394 1014 631 1053 mutatione
659 1015 741 1066 jam
767 1009 875 1049 illud
899 1010 1036 1063 ipsum
1059 1008 1266 1060 efficitur,
1299 1007 1413 1063 quod
1437 1022 1588 1048 censor
1611 1022 1738 1048 seve-

275 1073 444 1112 rissime
477 1070 816 1122 vituperaverat,
846 1076 894 1105 ut
924 1066 1131 1121 imagines
1151 1065 1438 1120 ingratissime
1465 1066 1736 1115 misceantur,

273 1130 496 1181 omnisque
519 1129 640 1164 locus
661 1122 907 1163 foedissime
932 1131 1240 1175 corrumpatur.
1286 1120 1402 1175 Quid
1427 1122 1539 1161 enim
1559 1119 1733 1174 χαλινὸς,

271 1183 375 1240 quid
398 1184 646 1235 ἱπποτυφία,
679 1180 724 1218 in
748 1194 792 1218 re
815 1177 985 1232 quidem
1010 1177 1216 1217 nautica?
1276 1178 1335 1216 Et
1356 1176 1460 1216 haec
1490 1191 1590 1231 ergo
1616 1186 1736 1228 erant

271 1239 546 1294 corrigenda,
578 1247 625 1277 ut
647 1235 829 1290 imagini
853 1233 1285 1280 accommodarentur.
1343 1233 1494 1287 Neque
1515 1244 1654 1272 tamen
1677 1232 1738 1272 sic

273 1297 447 1351 quidem
466 1295 618 1334 bonam
651 1292 944 1331 habuissemus
967 1301 1009 1331 et
1038 1300 1194 1344 gratam
1216 1290 1298 1341 rei,
1334 1303 1441 1344 quae
1473 1289 1639 1343 agitur,
1669 1304 1739 1328 ex·

269 1353 549 1408 positionem.
613 1348 733 1404 Quid
755 1347 921 1387 multa?
954 1347 1065 1386 nihil
1088 1346 1370 1387 mutandum.-
1413 1346 1577 1386 Sensim
1599 1359 1647 1384 ac
1668 1348 1738 1384 le-

270 1411 383 1450 niter
408 1408 546 1448 oratio
573 1406 623 1446 ab
649 1405 836 1459 imagine
858 1418 1003 1443 cursus
1025 1403 1191 1443 navalis
1208 1402 1363 1443 transit
1382 1401 1434 1441 ad
1457 1403 1737 1457 comparatio-

269 1481 366 1505 nem
393 1480 487 1504 cum
509 1464 664 1502 itinere
680 1460 868 1501 terrestri
889 1461 1070 1512 factam3
1100 1460 1268 1511 leniter,
1300 1459 1487 1513 inquam,
1517 1473 1592 1512 per
1609 1458 1737 1506 verba

269 1528 504 1576 παρακινεῖν
524 1529 566 1559 et
595 1519 914 1570 καταφέρεσθαι,
947 1531 1054 1568 quae
1081 1517 1213 1556 facile
1245 1515 1412 1555 auctori
1445 1514 1652 1569 equestris
1674 1514 1737 1554 rei

271 1579 499 1632 imaginem
545 1574 885 1629 suppeditabant.
946 1572 1074 1611 Unde
1113 1572 1255 1611 statim
1292 1569 1469 1624 χαλινὸς,
1511 1574 1736 1623 ἱπποτυφία

273 1635 378 1686 (der
412 1634 608 1681 Holler),
655 1640 697 1670 et
734 1644 842 1683 quae
879 1628 1078 1681 deinceps
1113 1627 1332 1680 aptissime
1369 1626 1655 1667 adnectuntur
1685 1626 1737 1668 de

271 1690 489 1731 moderato
514 1685 722 1728 orationis
746 1699 871 1725 cursu
892 1694 1131 1738 praecepta.
1161 1685 1320 1725 me,

386 1767 489 1809 Ead.
513 1770 542 1806 1.
563 1770 605 1810 4.
638 1765 719 1807 Καὶ
742 1762 821 1818 μὴν
841 1764 932 1814 καὶ)
961 1762 1079 1803 Vide
1102 1776 1180 1802 nos
1211 1764 1356 1816 paullo
1383 1761 1497 1802 infra
1529 1760 1582 1801 ad
1605 1767 1641 1812 §-
1666 1767 1734 1807 60.

271 1826 401 1881 hujus
425 1827 674 1879 προςλαλιᾶς.
715 1822 880 1860 ΒΕΙΤΖ.

386 1904 490 1945 Εαᾶ.
513 1903 598 1947 1.5.
633 1898 736 1942 Οὔτε
754 1896 856 1954 ἄγαν
881 1894 1123 1953 ἐφιστάντα)
1153 1895 1253 1940 Vid.
1277 1896 1358 1939 Cic.
1378 1907 1485 1938 orat.
1505 1901 1736 1954 n.57,pag,

272 1963 354 2004 Ed.
377 1962 546 2002 Gronov.
568 1961 664 2003 558.
694 1957 862 1997 SOLAN.
1665 2004 1667 2006 q

385 2018 489 2060 Eacl.
513 2020 543 2057 1.
568 2021 605 2060 8.
646 2012 926 2065 Συντακτὲον)
967 2011 1094 2065 Angl.
1126 2010 1350 2053 συνακτέον.
1388 2011 1568 2054 Boium.
1627 2017 1737 2054 Συν.

273 2077 410 2121 ακτέον
430 2076 483 2115 A.
508 2073 561 2113 G.
583 2073 660 2113 W.
684 2080 727 2111 et
750 2070 798 2111 P.
815 2083 906 2108 non
935 2077 984 2108 ut
1011 2069 1057 2106 in
1079 2067 1290 2121 impressis
1313 2067 1531 2119 omnibus,
1562 2062 1738 2112 συντακ-

271 2136 375 2177 τέον.
406 2133 575 2171 Somni.
1439 2173 1440 2176 Ἰ
1510 2171 1513 2174 y

386 2199 491 2241 Earl.
510 2200 537 2236 1.
565 2202 632 2241 13.
665 2189 891 2250 Κᾷνταῦθα
920 2191 1001 2245 ἤδη
1024 2192 1091 2234 καὶ
1111 2189 1365 2246 στοχαστικός
1390 2208 1471 2242 τις,
1503 2191 1571 2234 καὶ
1591 2198 1735 2235 συνθε-

273 2256 386 2307 τικὸς
411 2259 484 2298 τοῦ
511 2253 791 2303 πιθανωτέρου
821 2250 945 2301 ἔστω)
977 2248 1185 2288 Vertunt:
1217 2249 1310 2287 Jam
1329 2250 1446 2288 etiam
1466 2248 1529 2288 hic
1552 2259 1630 2288 esto
1648 2249 1736 2289 ali-r

272 2319 361 2371 quis
379 2313 434 2355 acl
454 2311 519 2361 id,
552 2308 660 2365 quod
683 2305 928 2362 probabilius
947 2306 1039 2354 erit,
1070 2315 1152 2343 ium
1180 2305 1485 2358 conjiciendum,
1514 2315 1594 2343 ium
1618 2322 1734 2345 com-

271 2369 493 2426 ponendum
510 2365 667 2407 habilis.
726 2365 849 2403 Itane
871 2359 1109 2409 συνθετικὸς
1133 2371 1195 2400 est
1215 2362 1267 2400 ad
1287 2360 1593 2414 componendum
1611 2361 1734 2400 habi-

274 2428 362 2469 lis?
390 2428 483 2465 Imo
509 2419 745 2469 συνθετικὸς
773 2423 845 2460 τοῦ
871 2419 1153 2472 πιθανωτέρου
1182 2427 1270 2467 est,
1304 2420 1402 2470 qui,
1433 2416 1548 2472 quod
1573 2417 1733 2470 proba-

276 2484 408 2522 bilius
438 2481 547 2530 fuit,
579 2477 740 2532 poterit
770 2476 1052 2524 constituere,
1087 2473 1161 2526 qui
1185 2483 1328 2526 potest
1357 2488 1409 2512 ex
1441 2473 1592 2518 variis,
1625 2485 1731 2525 quae

278 2541 394 2579 varie
421 2535 581 2576 narrari
609 2532 799 2579 audivit,
832 2530 947 2583 quod
978 2530 1159 2569 maxime
1188 2529 1410 2582 probabile
1438 2538 1500 2569 est
1517 2529 1730 2582 colligere,

279 2605 542 2642 construere,
575 2605 651 2630 seu
681 2601 948 2641 componere.
1008 2588 1158 2626 Paullo
1185 2595 1282 2625 ante
1310 2589 1473 2625 mallem
1508 2598 1559 2624 ex
1583 2594 1731 2624 nostro

279 2661 323 2689 et
341 2652 467 2704 Angl.
492 2647 678 2694 Codice,
707 2644 755 2687 τὰ
785 2644 826 2686 δὲ
844 2641 1055 2698 πράγματα
1077 2637 1178 2684 αὐτοὶ
1200 2638 1272 2696 οὐχ
1296 2640 1349 2690 ὥς
1375 2643 1480 2694 ἔτυχε
1501 2641 1730 2691 συνακτέον,

282 2724 339 2746 res
360 2710 467 2759 ipsae
489 2721 567 2744 non
586 2715 675 2744 sunt
694 2714 828 2742 temere
855 2700 1137 2753 congerendae,
1170 2696 1445 2743 corradendae.
1504 2697 1612 2736 Nam
1633 2711 1735 2739 συν·

282 2763 466 2809 τακτέον,
502 2760 617 2816 quod
646 2761 691 2801 in
720 2757 849 2799 editis
881 2758 1086 2806 habetur,
1125 2769 1277 2798 curam,
1295 2764 1342 2802 ‚et
1372 2751 1565 2797 ordinem
1595 2762 1733 2806 notat,
