1834 3188
271 228 371 276 640
621 236 1385 271 ADNo'rA'rronns

268 353 367 381 men
386 347 430 379 et
448 336 663 378 interdum
687 337 747 377 sit
769 335 1046 389 vertendum,
1075 352 1102 377 a
1119 338 1342 392 principio,
1381 345 1430 377 ut
1451 350 1531 378 suo
1554 340 1651 379 loco
1674 340 1740 380 in-

262 395 437 437 dicabo.
471 396 636 436 Rm'rz.

378 452 480 494 Eacl
500 455 528 492 1.
549 457 591 495 4.
628 448 790 507 Οὗρίῳ)
829 450 931 491 Non
954 448 1266 492 contemnenda
1288 451 1448 492 Aldina
1467 451 1599 493 lectio
1620 452 1736 511 εὔρῳ,

267 525 391 568 quarn
423 524 496 548 cur
526 495 814 559 deseruerint,
858 508 930 562 qui
964 508 1087 562 sequi
1119 509 1221 546 alias
1252 522 1397 561 presso
1432 508 1539 563 pede
1570 512 1734 560 solent,

266 582 356 607 non
378 565 519 606 video.
581 565 706 606 Certe
726 566 843 604 Euro
870 579 975 618 opus
1005 579 1095 605 esse
1126 563 1177 603 de
1207 564 1420 605 Herculeo
1454 567 1565 605 freto
1596 566 1736 605 Ocea-

264 639 366 663 num
388 621 670 671 intrantibus,
706 631 886 662 constat.
947 621 1150 674 Sequitur
1167 636 1270 660 mox
1293 618 1416 677 ου’ρίῳ
1434 617 1586 677 ἆνέμῳ,
1618 623 1734 663 unde

264 680 352 719 huc
373 688 605 718 assumtum
627 653 765 718 videri
785 688 942 731 potest.
976 678 1113 718 GEsN
1179 673 1313 733 Ου’ρίῳ
1331 679 1493 718 Aldina
1511 679 1644 732 prima
1668 694 1734 719 ae·

265 752 347 792 que
369 736 496 775 habet
516 749 564 774 ac
591 734 796 788 reliquae,
857 736 974 774 Hinc
992 735 1121 789 εὔρῳ,
1156 735 1270 789 quod
1295 735 1408 777 Gesn.
1443 736 1504 774 ait
1532 735 1734 777 Aldinam

264 808 353 833 esse
385 793 639 843 lectionem,
671 792 815 832 forsan
842 791 921 832 erit
941 807 996 832 ex
1017 792 1121 832 Ald.
1145 797 1185 856 2.,
1248 792 1378 846 Quod
1410 791 1662 847 reciperem,
1695 792 1734 831 si

264 860 307 890 et
338 850 472 917 prima
502 848 689 888 haberet.
752 847 838 889 Sed
873 858 1016 901 potest
1047 848 1182 901 recipi
1212 851 1344 887 altero
1374 851 1500 898 loco,
1542 848 1617 888 ubi
1647 847 1732 888 duo

265 905 401 946 Codd.
427 902 530 961 εὔρῳ
555 904 725 945 habent.
785 905 885 945 Non
918 915 1056 945 tamen
1091 904 1207 945 movi
1239 908 1477 959 vulgatam,
1517 905 1615 961 quia
1644 919 1733 944 non

257 962 402 1018 magni
428 963 621 1002 interest.
652 962 818 1001 ΒΕΙΤΖ
879 961 930 1000 In
964 965 1168 1001 alterutro
1201 964 1301 1000 loco
1335 962 1633 1017 corrigendum
1670 975 1733 1001 es-

256 1034 326 1069 se,
361 1018 504 1059 videre
525 1027 720 1071 oportet,
755 1019 1003 1072 quicunque
1023 1017 1171 1071 aliquo
1195 1019 1431 1071 elegantiae
1451 1032 1578 1057 sensu
1611 1031 1731 1072 prae·

257 1076 373 1114 ditus
393 1085 467 1117 est.
529 1075 633 1114 Non
661 1077 775 1114 enim
809 1073 1039 1124 credibile,
1082 1083 1275 1112 nostrum
1305 1075 1582 1127 scriptorem,
1615 1073 1730 1113 haud

253 1131 515 1185 pauperrimi
536 1132 658 1170 illum
690 1130 881 1184 ingenii,
913 1130 960 1167 in
985 1129 1131 1169 eodem
1154 1133 1277 1181 loco,
1311 1129 1449 1184 deque
1479 1130 1623 1169 eadem
1658 1145 1726 1180 re,

251 1199 350 1242 post
370 1188 610 1244 longiorem
631 1186 760 1226 modo
782 1185 1090 1240 parenthesin,
1123 1185 1267 1226 eadem
1290 1200 1410 1224 usum
1429 1186 1562 1226 fuisse
1583 1186 1730 1225 dicen-

258 1244 302 1283 di
327 1246 486 1294 forma,
516 1243 594 1282 ubi
614 1243 778 1283 vmiare
800 1242 915 1282 haud
943 1219 1119 1282 difficile
1142 1253 1244 1283 erat.
1304 1242 1396 1284 Jam
1425 1257 1581 1282 nomen
1608 1242 1728 1282 venti

257 1301 423 1366 ipsum,
456 1300 724 1355 probabilius
753 1309 839 1351 est,
875 1300 925 1339 ab
951 1309 1123 1338 auctore
1151 1313 1239 1338 esse
1261 1299 1568 1369 praemissum3
1602 1313 1727 1366 quam

254 1358 422 1413 generis
442 1357 720 1408 vocabulum,
755 1366 797 1396 et
820 1356 954 1409 priori
979 1355 1084 1396 adeo
1109 1356 1206 1394 loco
1228 1355 1374 1410 Εὕρῳ,
1408 1355 1638 1410 posteriori
1661 1350 1729 1398 οὗ-

254 1416 355 1468 ρίῳ,
393 1413 702 1467 1eponendum.
761 1415 955 1453 Alterum
985 1413 1122 1478 enim,
1166 1412 1282 1465 quod
1316 1413 1361 1451 in
1393 1411 1562 1451 duobus
1589 1411 1724 1454 Codd.

252 1481 341 1518 est,
375 1469 499 1527 Εὕρω
520 1470 631 1508 nihil
652 1469 821 1510 videtur
838 1485 949 1517 esse,
980 1469 1063 1507 nisi
1086 1470 1532 1520 interpretamentum,
1567 1484 1590 1509 e
1611 1469 1727 1522 prio-

249 1528 288 1566 ri
310 1531 408 1566 loco
435 1528 687 1567 desumtum.
749 1526 946 1566 Ceterum
973 1540 1072 1565 sane
1089 1535 1151 1573 est
1171 1525 1330 1565 Aldina
1350 1531 1388 1568 2.
1415 1538 1522 1578 quae
1543 1524 1588 1563 in
1610 1526 1725 1578 prio-

248 1584 286 1622 ri
310 1586 407 1623 loco
429 1593 600 1623 ventum
623 1583 760 1634 ipsum
783 1584 1002 1634 nominat,
1035 1592 1083 1621 ut
1102 1581 1320 1637 significat
1340 1581 1540 1632 Gesnerus,
1574 1591 1616 1621 et
1637 1596 1723 1621 rec-

248 1648 291 1679 te
321 1641 500 1692 conjicit
530 1639 920 1678 Reiizius.LE11M.

359 1696 464 1736 Εαιῐ.
484 1699 513 1736 1.
543 1699 582 1737 9
621 1692 842 1747 Πάμπολλα
861 1713 905 1747 με
890 1695 963 1747 ὲν)
995 1694 1090 1736 Μὲν
1120 1693 1238 1734 abest
1262 1691 1312 1731 ab
1333 1690 1442 1734 Edd
1474 1692 1568 1733 Nos
1596 1708 1721 1747 repo-

246 1752 407 1791 suimus
434 1767 486 1791 ex
513 1753 620 1790 Mss.
644 1753 781 1806 Regg
808 1757 931 1796 2954.
957 1761 997 1792 et
1014 1756 1140 1796 3011.
1164 1758 1366 1788 monente
1386 1749 1554 1801 Belino,
1588 1763 1719 1804 prop·

243 1819 309 1849 ter
327 1823 508 1861 sequens
529 1808 592 1857 δὲ,
621 1831 679 1838 -
708 1808 851 1850 ἰκανὸν
870 1813 948 1850 ΔΕ
963 1810 1029 1849 καὶ
1049 1805 1174 1861 ὕδωρ.
1207 1806 1304 1846 Bu’·

357 1863 830 1914 Εαᾱ.1.13.’Ἁκατος)
861 1864 1127 1904 Praedonum
1156 1863 1282 1903 etiam
1304 1875 1394 1902 esse
1415 1862 1591 1914 Acatia,
1623 1863 1716 1904 sive

241 1922 424 1972 Aenos,
459 1920 695 1989 Scheffirus
702 1937 723 1962 e
745 1922 812 1961 Sit
806 1923 939 1962 abone
962 1921 1133 1961 docebit
1151 1923 1357 1960 volentes
1392 1919 1530 1960 GESN.

354 1978 508 2019 Ead.1
532 1983 597 2022 15.
634 1974 800 2035 Ου’ρίῳ)
832 1981 876 2019 P.
900 1980 953 2019 L.
978 1978 1106 2033 εὔρῳ,
1138 1974 1253 2032 quod
1287 1974 1436 2015 eodem
1465 1974 1599 2028 redit,
1641 1973 1713 2014 ad-

240 2049 377 2092 eoque
405 2038 618 2089 vulgatam
638 2036 916 2075 servavimus.
948 2034 1119 2076 somn.

354 2092 455 2145 Pag
481 2094 628 2136 2341.
653 2097 690 2135 2
718 2087 964 2143 Ἐπεὸίδου)
995 2092 1070 2130 Vis
1090 2089 1207 2130 verbi
1230 2104 1282 2129 ex
1313 2087 1517 2143 opposito
1548 2085 1714 2130 ἐνδιδό-

239 2167 308 2192 vell«
327 2151 461 2203 1113ng
479 2151 640 2195 elucet,
676 2148 764 2189 Vid-
784 2159 1013 2203 Utrumque
1031 2147 1179 2201 palleis
1200 2156 1442 2200 CXPOSltum
1464 2159 1590 2199 Oupra
1605 2146 1712 2185 Hel·-

238 2179 689 2249 rnot.c.24.Puz1⁷iz

351 2261 453 2301 Ead.
480 2264 506 2302 1.
526 2266 565 2305 3.
595 2258 847 2315 Ἐπεγίνετο)
873 2260 924 2299 In
946 2274 1070 2300 verae
1090 2257 1300 2298 historiae
1318 2257 1432 2297 libro
1450 2258 1591 2313 primo
1612 2261 1708 2299 leve

239 2327 301 2358 est
321 2317 546 2368 mendum,
579 2317 706 2373 quod
716 2331 767 2356 ex
787 2318 871 2358 Ms.
898 2320 1042 2368 tolles,
1074 2318 1160 2358 καὶ
1168 2320 1274 2368 κῦμα
1292 2310 1507 2367 ηὐξάνετο,
1538 2317 1603 2357 καὶ
1634 2315 1708 2365 ζό-

237 2392 318 2427 φος
335 2376 555 2430 ἐπεγίνετο,
587 2376 783 2442 etfluctus
804 2376 1007 2423 intumuit,
1041 2384 1075 2412 et
1097 2372 1226 2425 caligo
1245 2382 1333 2411 oria
1350 2382 1417 2412 est.
1463 2372 1645 2426 Vulgo
1628 2389 1705 2414 ενε-

234 2435 407 2485 γίγνετο.
440 2431 618 2470 (ΞΒΛΕν.
674 2427 934 2485 Ἐπεγένετο)
967 2430 1113 2470 Secuti
1143 2442 1285 2467 sumus
1307 2429 1391 2468 Ms.
1419 2428 1492 2467 Gr.
1518 2443 1611 2466 cum
1643 2431 1703 2467 le·

236 2488 461 2537 viuscu1a‚
494 2496 542 2525 ut
563 2486 705 2537 vides,
736 2488 984 2529 mutatione.
1044 2485 1123 2524 Ed.
1153 2486 1259 2526 Junt.
1286 2499 1378 2538 cum
1403 2484 1498 2527 aliis
1529 2483 1601 2522 hic
1632 2498 1702 2523 er-

235 2554 326 2594 rat3
358 2543 430 2584 sed
459 2557 584 2597 supra
608 2557 682 2595 pro
712 2544 915 2594 ἐπεδίδου,
949 2544 1149 2598 ἐπεγένετο
1172 2541 1310 2583 habet.
1342 2541 1431 2582 Sor
1436 2555 1511 2582 AN
1572 2541 1701 2580 Tem-

234 2613 314 2652 pus
331 2600 500 2652 imperf
522 2614 574 2639 ex
597 2598 705 2641 Edd.
728 2604 874 2640 saltem
899 2599 1080 2639 servavi.
1113 2600 1275 2637 Rmrz.

346 2655 450 2696 Εαίῖ·
480 2659 508 2696 l·
530 2660 571 2700 5·
610 2652 802 2707 Αυτοῦς)
844 2657 989 2696 Facile
1020 2656 1232 2709 obsequor
1253 2653 1422 2702 Solane,
1465 2650 1539 2706 qui
1571 2652 1698 2705 spiri-

234 2720 323 2750 tum
345 2711 598 2751 Editionum
619 2715 758 2752 lenem
781 2714 987 2762 correxit,
1019 2727 1065 2751 ac
1086 2712 1287 2764 deinceps
1308 2710 1448 2749 minus
1469 2708 1696 2760 sollicitus,

234 2767 310 2806 ubi
331 2767 558 2808 necessitas
579 2769 742 2825 exiget,
776 2769 887 2810 idem
908 2770 1084 2811 faciam:
1115 2782 1210 2808 nam
1231 2767 1330 2822 quia
1351 2763 1512 2805 scribae
1531 2778 1616 2819 pio
1631 2778 1695 2806 ar-
