1834 3188
331 200 382 230 m
419 197 659 236 Quomono
700 197 936 227 msromx
974 197 1050 227 εῖτ
1087 198 1281 230 coxscn.
1440 184 1538 232 559

83 304 247 352 qpost
273 306 511 351 peragratas
529 266 695 335 Italiam
717 305 758 335 et
779 295 985 346 Galliam3
1015 309 1108 334 cum
1128 310 1181 335 ex
1198 296 1363 351 Peregr.
1392 296 1540 336 Morte

83 365 226 408 pateat
246 369 280 394 c.
299 359 365 398 35
387 354 488 392 satis
509 353 645 391 fuisse
664 352 704 392 ei
733 352 936 405 temporis
969 352 1020 391 ad
1046 362 1269 405 utramque
1295 351 1539 404 visendam,

85 422 126 450 et
148 426 200 450 ex
223 411 398 450 Somnio
425 424 515 464 cap.
542 413 582 452 9.
615 418 773 462 patrem
804 408 863 446 ibi
895 407 1093 447 habuisse
1122 408 1313 459 obviarn,
1357 420 1540 449 constet.

80 468 206 507 Certe
228 467 363 505 hinc'
351 482 396 505 in
420 467 543 505 Ionia
568 465 678 504 circa
701 479 855 503 annum
880 465 1043 504 Christi
1067 465 1273 506 CLXIII.
1298 466 1455 518 fuisse,
1484 466 1537 505 li-

82 522 216 576 quido
243 534 430 562 constat:
465 537 549 575 quo
573 531 762 574 tempore
785 524 866 574 jam
890 535 1024 561 annos
1048 521 1100 561 ad
1118 522 1338 560 minimum
1361 523 1448 561 XII
1468 522 1537 560 ab·

78 580 214 619 fuisse
238 594 259 618 a
284 580 419 632 patria
442 594 494 618 ex
514 579 648 618 Mort.
680 578 842 630 Peregr.
868 591 901 619 c.
921 581 988 623 35.
1024 593 1118 617 cum
1155 589 1303 632 quater
1335 579 1537 632 Olympia

79 636 280 686 vidisset,
315 646 472 675 certum
496 645 570 676 est,
627 632 754 672 Unde
776 635 968 687 proclive
999 645 1060 674 est
1090 634 1305 689 judicare,
1351 650 1455 689 quae
1487 634 1538 674 de

80 708 155 732 sua
178 694 267 733 vita
287 694 330 731 in
359 692 535 731 Somnio
560 690 710 741 habet,
743 690 1055 737 consideranti,
1099 691 1277 745 patriam
1310 702 1412 731 tunc
1444 693 1538 745 pri-

78 764 191 788 mum
215 749 425 789 revisisse.
487 746 614 801 Quod
635 746 705 785 hic
725 746 775 785 ad
808 745 1142 802 Chronologiam
1171 748 1432 787 Lucianeam
1465 749 1540 786 fe·-

78 807 219 846 liciter
237 804 532 845 adstruendam
562 802 912 842 substernendum
939 804 1035 845 fuit.
1097 804 1371 843 Observanda
1398 814 1538 843 autem

78 862 152 901 hic
170 873 234 902 est
255 862 318 900 vis
343 860 493 900 verbi
481 862 672 926 ἔναγχος.
710 858 825 913 quod
856 861 1066 899 recentius
1093 860 1198 914 quid
1229 871 1371 910 notat,
1414 875 1538 914 quarn

78 918 193 972 quod
215 932 314 956 mox
338 917 552 970 sequitur,
583 913 739 968 ποώην.
800 916 906 954 Rem
930 916 1058 954 unico
1082 919 1277 969 exemplo
1301 916 1539 956 illustrabo.

74 975 126 1014 In
147 974 300 1012 Abdic.
321 989 355 1014 c.
375 979 412 1016 2.
438 972 552 1026 quod
574 971 687 1025 apud
705 971 868 1025 judices
887 987 908 1010 a
935 986 978 1011 se
998 971 1140 1026 ποώηυ
1159 974 1319 1011 factum
1339 988 1422 1012 rem
1443 973 1542 1012 sim-

74 1031 246 1085 pliciter
264 1044 436 1068 narrans
460 1029 649 1075 dixerat3
694 1044 789 1067 cum
826 1028 978 1068 deinde
1007 1028 1058 1067 ad
1091 1040 1336 1083 argumenta
1365 1040 1540 1068 ventum

71 1100 161 1138 est,
192 1096 241 1126 ut
262 1085 429 1140 pondus
453 1086 515 1124 rei
532 1085 681 1135 addat,
713 1083 810 1123 dum
830 1088 1044 1139 nuperrime
1061 1087 1219 1125 factum
1239 1100 1328 1125 esse
1347 1085 1397 1125 ad
1423 1100 1542 1124 caus-

75 1122 161 1184 satri
185 1145 323 1182 facere
344 1142 538 1192 videtur,
570 1155 658 1179 non
681 1145 761 1194 jam
785 1156 890 1180 voce
913 1140 1079 1195 ποώην,
1111 1153 1159 1181 ut
1177 1142 1318 1196 prius,
1352 1142 1450 1180 dum
1470 1141 1542 1178 ni-

77 1203 141 1242 hil
171 1203 253 1239 tale
271 1199 494 1254 agebatur,
529 1196 601 1237 sed
624 1212 730 1237 voce
752 1196 926 1252 ἕνάγχως
947 1199 1083 1237 utitur
1107 1213 1195 1252 cap.
1220 1205 1283 1242 13.
1308 1201 1428 1252 cujus
1451 1198 1540 1236 vim

77 1272 178 1297 mox
198 1257 345 1309 paucis
370 1255 603 1306 interjectis
624 1268 805 1306 sequens
828 1254 951 1303 εὐθὺς
968 1269 1057 1293 eam
1078 1269 1190 1305 esse,
1223 1269 1346 1308 quam
1366 1263 1541 1294 conten-

78 1315 132 1354 do
148 1347 157 1363 ,
191 1313 294 1351 satis
317 1311 521 1351 ostendit.
583 1311 706 1350 Unde
728 1314 809 1364 jam
834 1311 1012 1351 evicisse
1035 1310 1140 1350 mihi
1171 1312 1272 1350 satis
1302 1314 1542 1350 luculenter

77 1371 252 1420 videor,
284 1368 465 1408 reditum
484 1367 671 1405 Luciani
691 1368 735 1405 in
755 1368 933 1419 patriam
959 1367 1163 1422 flagrante
1195 1382 1245 1407 eo
1281 1366 1394 1406 bello
1426 1367 1541 1405 acci-

77 1428 211 1478 disse,
244 1441 338 1465 curn
362 1426 407 1462 in
430 1424 608 1463 Graecia
631 1427 712 1477 jam
732 1423 942 1477 ejusmodi
976 1423 1175 1463 historias
1203 1423 1374 1462 recitari
1408 1426 1539 1475 vulgo

77 1483 283 1529 audierit,
316 1491 356 1520 et
380 1494 477 1519 mox
499 1479 544 1517 iu
563 1479 688 1518 Ionia
715 1481 902 1533 ejusdem
924 1481 1088 1519 farinae
1113 1480 1294 1533 scripta,
1328 1490 1424 1518 ante
1442 1494 1542 1517 con-

74 1542 234 1580 fectum
254 1537 298 1577 id
319 1538 474 1576 bellum
496 1537 736 1588 nuperrime
759 1535 929 1576 viderit.
961 1537 1126 1576 SoLAN.
1188 1535 1394 1574 Achaiam
1432 1535 1543 1575 Wie-

75 1597 235 1637 Zamlius
258 1609 342 1634 non
369 1608 493 1632 sensu
519 1593 754 1643 strictiori,
796 1592 868 1632 sed
901 1603 1034 1632 totam
1069 1593 1245 1632 omnino
1279 1591 1486 1641 Hellada,
1519 1606 1541 1630 a

73 1653 279 1692 Romanis
298 1650 502 1689 Achaiam
524 1648 704 1697 dictam,
737 1649 1060 1703 intelligendam
1091 1663 1178 1689 esse
1208 1658 1377 1700 censet,
1411 1662 1542 1702 quum

77 1718 320 1762 opponatur
337 1704 492 1760 Ἰωνίᾳ.
554 1706 636 1744 Cui
663 1705 845 1744 libenter
871 1705 1041 1746 accedo.
1101 1705 1183 1746 Sed
1214 1720 1312 1743 num
1348 1706 1541 1757 ineptum

77 1768 213 1814 foret,
245 1773 448 1811 statuere,
481 1762 723 1800 Lucianum
751 1761 952 1800 Corinthi
984 1761 1378 1801 concertationibus
1401 1761 1541 1800 erudi-

76 1832 217 1861 torum
256 1817 535 1859 interfuisse?
588 1818 739 1855 Postea
770 1827 903 1867 certe,
957 1817 1032 1856 ubi
1063 1818 1278 1857 hominem
1313 1817 1467 1857 itinera
1500 1825 1542 1855 et

79 1876 280 1930 αὖτοψίαν
299 1875 568 1944 impudenter
589 1873 815 1941 fingentem
838 1873 1125 1927 reprehendit,
1157 1873 1338 1926 adjecit.
1370 1874 1436 1914 καὶ
1451 1877 1542 1914 ταῦ-

80 1954 127 1977 τα
150 1935 385 1989 Κορινθίων
409 1929 642 1972 ἀκουόντων
675 1927 741 1970 due
728 1933 951 1984 (γίγνωσκε.
983 1945 1018 1971 c.
1041 1935 1107 1974 29.
1140 1931 1260 1970 Run.
1319 1930 1421 1969 Non
1454 1943 1541 1967 mo-

82 1992 136 2030 do
162 2006 248 2030 non
278 1991 493 2041 ineptum,
527 1986 598 2026 sed
620 1987 744 2025 etiam
766 1987 947 2026 maxime
975 1987 1194 2040 probabile
1225 1995 1305 2037 est,
1339 1984 1540 2025 Corinthi

79 2061 252 2102 quoque
281 2045 520 2084 Lucianum
547 2042 834 2098 aliquamdiu
833 2054 1135 2082 commoratum
1165 2057 1266 2083 esse.
1326 2043 1443 2081 Hinc
1471 2051 1542 2079 ta-

78 2119 171 2143 men
196 2103 407 2140 nihildum
431 2101 621 2163 sequitur
652 2099 702 2136 ad
744 2099 957 2139 Wielandii
989 2100 1264 2149 sententiam,
1309 2113 1417 2163 quae
1450 2099 1542 2136 lin-

80 2174 186 2215 guae
207 2174 284 2196 usu
307 2167 395 2195 tum
418 2155 617 2209 temporis
637 2156 874 2194 Romanis
862 2171 944 2210 Jam
968 2155 1124 2195 dudum
1145 2166 1338 2210 recepto,
1371 2155 1540 2204 nititur,

82 2214 412 2270 infringendam.
444 2213 601 2252 Liznm.

190 2271 291 2311 End.
311 2272 336 2308 1.
361 2274 400 2312 6.
435 2266 618 2324 Πραὶην)
650 2267 718 2306 Cf.
749 2282 848 2307 mox
868 2281 958 2322 cap.
983 2274 1047 2313 17.
1070 2284 1133 2324 pr.
1168 2278 1211 2308 et
1239 2270 1336 2310 V.er
1365 2267 1477 2309 Hist
1507 2266 1541 2305 I.

83 2345 118 2371 c.
142 2330 405 2375 33.801.AN

194 2379 616 2433 Εα(ῑ1.9Ὀρκον
647 2380 942 2434 ἐντιθέναι]
975 2383 1199 2421 Formulae
1230 2382 1366 2436 igitur
1387 2383 1542 2432 juran—

82 2443 151 2493 di,
185 2456 285 2496 quas
309 2452 529 2488 vocamu5‚
562 2435 613 2488 νὴ
637 2440 714 2477 Δία
735 2446 812 2478 etc.
847 2451 953 2490 quae
976 2439 1154 2493 singulis
1180 2439 1266 2478 fere
1293 2436 1460 2491 paginis
1484 2438 1541 2474 le-

82 2511 260 2554 guntur,
295 2493 569 2549 jurisjurandi
588 2496 684 2531 loco
705 2507 790 2530 non
810 2503 909 2531 sunt
928 2493 1113 2534 habitae.
1146 2496 1265 2533 Run.
1328 2494 1378 2531 In
1399 2506 1540 2531 recen-

84 2557 241 2594 tissima
265 2554 368 2592 adeo
392 2551 586 2590 memoria
612 2559 672 2587 est
694 2547 796 2600 ποὸς
819 2552 1026 2600 Χαρίτων,
1060 2551 1268 2589 formulae
1286 2550 1440 2603 jurium
1475 2551 1538 2600 jn-

81 2611 305 2650 randorum
327 2621 499 2646 nurnero
522 2608 639 2644 nullo
663 2604 788 2644 modo
808 2582 1071 2657 excipienda.
1135 2607 1312 2646 Videtur
1336 2604 1439 2643 mihi
1461 2605 1538 2642 ita-

85 2681 167 2721 que
189 2670 305 2705 locus
329 2668 512 2704 colorem
545 2661 696 2700 habere
722 2662 808 2713 joci
840 2661 1084 2717 cujusdam,
1131 2676 1254 2716 quem
1287 2673 1424 2703 tamen
1458 2675 1537 2715 ego

83 2738 169 2764 non
195 2723 365 2777 penitus
389 2719 619 2775 perspicio,
652 2719 808 2757 LGm.
