1834 3188
366 207 419 239 m
456 205 695 246 Quomono
729 203 965 238 ins-roim
1003 203 1080 237 sn·
1117 191 1326 238 coxscm
1475 191 1576 240 565

115 321 239 362 quam
262 305 405 345 hostes
428 318 595 355 eornm,
631 303 868 347 conflictati
888 301 1010 354 sunt,
1042 312 1242 357 tanquam
1268 303 1483 356 propriam
1499 304 1578 343 Ni-

118 364 364 416 sibenorum
389 376 568 415 poenam
585 361 871 415 proposuerit.
900 360 1059 400 Lmrm.

228 420 330 472 Pag.
349 422 477 463 1851.
492 424 526 462 1-
554 416 626 461 Ἐν
638 419 766 474 ἐκείνῃ
785 434 825 471 γε
838 419 1014 470 ἔμεινεν)
1035 418 1132 456 Hoc
1151 415 1253 470 quid
1271 416 1437 463 velit,et
1454 431 1578 470 quam

116 476 270 515 callide
291 475 516 515 a'Luciano
538 474 608 513 hic
632 473 820 513 additum
845 475 924 520 sit,
958 473 1074 513 haud
1093 474 1220 512 facile
1244 473 1474 527 intelliget,
1509 475 1578 512 cui

116 532 320 585 temporis
351 532 469 570 illius
495 530 675 570 historia
703 530 835 579 menti
865 545 951 571 non
976 528 1284 571 obversabitur.
1344 529 1443 568 Non
1470 542 1579 574 con-

114 589 229 627 stitit
259 588 372 627 enim
403 588 492 626 illic
523 587 678 640 pestis,
722 601 845 640 quam
873 601 1006 626 vanus
1043 587 1116 626 ille
1145 586 1328 637 scriptor
1357 586 1402 623 in
1434 585 1578 626 hos-tes

113 645 404 684 Romanorum
429 646 543 683 solos
565 643 807 698 immiserat,
830 641 901 682 sed
925 657 946 681 a
970 643 1071 683 Veri
1091 643 1281 682 exercitu
1301 642 1344 697 in
1367 642 1576 682 Occiden-

116 711 200 740 tem
222 696 354 752 illata,
384 715 458 753 per
474 700 664 751 Italiam,
696 699 987 744 Germaniam,
1022 700 1124 738 alias
1146 697 1270 737 credo
1293 699 1418 738 etiam
1443 700 1578 738 Euro·

114 772 194 810 pae
213 758 407 811 regiones
427 767 609 811 grassata
629 766 712 807 est,
743 765 849 796 teste
875 754 1098 808 Capitolino
1121 755 1164 792 in
1187 755 1250 792 Μ.
1274 755 1418 796 Aurel.
1444 758 1478 795 ὀ.
1510 758 1577 799 13.

116 815 187 854 De
208 828 254 853 ea
278 815 471 868 intellige
495 813 646 862 etiam,
680 827 787 866 quae
809 813 854 850 in
881 813 1002 851 Alex.
1022 815 1136 866 leges
1159 826 1194 850 c.
1215 817 1283 854 36.
1336 811 1476 850 Credo
1499 812 1577 849 ita-

117 883 223 924 que,
257 885 348 909 cum
381 869 485 909 haec
519 869 721 909 scriberet
753 869 979 917 Lucianns,
1017 868 1208 920 coepisse
1238 870 1320 920 jam
1352 867 1463 919 apud
1486 868 1580 906 Ro-

115 939 262 965 manos
286 935 445 979 pestem
471 924 612 977 illamg
646 925 830 980 indeque
849 925 1006 963 factum
1021 957 1031 974 ,
1065 934 1111 962 ut
1133 924 1194 962 sic
1215 923 1402 961 ironicas
1423 924 1578 977 gratias

114 978 630 1033 Historico—illi'ageret,
666 983 740 1036 qui
776 991 864 1021 eam
898 991 983 1021 tam
1014 990 1134 1020 caute
1163 980 1207 1018 in
1235 979 1579 1033 IVIesopotamiae

116 1037 276 1078 finibus
301 1037 474 1078 desiisse
495 1039 666 1082 fecerat.
715 1040 885 1079 Somm.

228 1095 379 1136 Eadsl.
403 1100 443 1138 2.
472 1090 739 1147 Ἀθηναίους)
775 1095 1062 1134 Athenienses
1075 1093 1232 1133 urbane
1256 1092 1483 1133 admodum
1504 1107 1580 1133 vo·

114 1162 204 1201 cat,
239 1151 313 1205 qui
336 1165 479 1191 revera
509 1152 698 1190 Romani
724 1161 863 1201 erant,
899 1151 997 1205 quia
1020 1166 1041 1189 a
1067 1150 1298 1205 Thucydide
1325 1150 1466 1188 omnia
1486 1165 1581 1189 mu-

115 1209 315 1247 tuabatur
345 1208 490 1246 fatuus
522 1207 618 1258 ille,
662 1208 776 1262 apud
806 1222 931 1261 quem
964 1206 1248 1246 Athenienses
1274 1206 1578 1246 moriebantur.

113 1265 253 1304 Nemo
276 1276 384 1319 ergo
399 1263 451 1303 de
471 1264 770 1305 emendatione
789 1265 950 1319 cogitet
967 1272 1129 1303 textum
1150 1262 1454 1317 depravatura.‘
1494 1263 1583 1302 So-

118 1336 224 1362 LAN.

228 1378 331 1417 Earl-
352 1380 380 1417 l·
403 1382 442 1421 4.
470 1374 706 1432 Ἐπιεικῶς)
741 1377 886 1418 Valde.
920 1378 1095 1419 GUYET.
1158 1378 1210 1417 V.
1230 1375 1372 1417 Schol.
1395 1375 1446 1414 ad
1467 1374 1579 1415 Gall.

117 1449 154 1474 c·
178 1440 245 1479 23.
271 1434 345 1473 ubi
378 1436 559 1483 ἐπιεικεῖς
590 1452 723 1485 τινας,
757 1445 799 1475 et
824 1436 1001 1474 Parasit.
1032 1449 1064 1472 e.
1087 1438 1154 1478 48.
1194 1434 1363 1472 SOLAN.
1423 1433 1579 1471 Verum

115 1493 299 1539 ἐπιεικῶς
329 1491 447 1532 Bud.··
469 1492 514 1529 in
546 1491 655 1531 LeX.
691 1491 821 1530 vertit
857 1491 1116 1531 mediocriter.
1155 1501 1163 1541 ᾗ
1186 1491 1244 1528 Et
1278 1490 1324 1527 in
1357 1488 1580 1528 Herodian.

114 1546 292 1600 ἐπιεικὴς
320 1558 559 1597 mansuetus,
597 1548 807 1601 placidus,
850 1548 1041 1598 vertitur,
1066 1561 1090 1599 a⁴
1113 1546 1330 1598 Bocchi-05
1371 1545 1458 1583 vid.
1492 1548 1580 1596 ejus

114 1604 321 1644 Indicem.
384 1604 472 1657 Qui
497 1603 630 1657 igitur
658 1605 774 1642 haec·
793 1603 1092 1642 concordant?
1137 1602 1414 1642 concordant
1435 1601 1582 1640 eodem

116 1660 272 1709 modo,
304 1669 353 1698 ut
371 1659 528 1709 ἱκανὸς,
562 1660 676 1715 quod
706 1662 905 1717 sufficiens
928 1669 1070 1710 notat,
1103 1667 1154 1698 ac‘
1172 1669 1310 1698 tamen
1332 1661 1583 1710 plerumque

116 1732 196 1770 pro
220 1716 368 1765 mullo,
400 1717 530 1755 immo
558 1727 599 1756 et
622 1710 929 1770 quod‘modum
961 1715 1173 1754 interdum
1195 1714 1386 1763 excedit,
1420 1713 1587 1765 accipi-'

118 1778 205 1811 tur.¹
262 1773 334 1812 Sic
360 1774 544 1821 ἐπιεικῶς
569 1772 709 1811 medio
741 1772 986 1826 significatu
1013 1772 1120 1820 erit‚‘
1152 1771 1260 1825 qnod
1291 1770 1416 1819 decet,
1450 1774 1587 1824 φαίη-Δ

119 1841 201 1868 ium
219 1845 296 1884 par
315 1840 394 1882 σείς
426 1838 467 1867 at
488 1829 523 1867 si
545 1827 670 1877 πολὺς
688 1829 874 1877 accedit,
908 1835 1024 1882 ‹juez-m
1044 1827 1207 1866 mulium
1226 1826 1488 1880 significare,
1521 1825 1585 1863 ni-

120 1885 185 1924 hil
207 1886 373 1924 mirum.
434 1886 504 1924 De
523 1884 698 1937 ἐπιεικὴς
715 1885 803 1924 vid.
826 1884 969 1924 Schol.
993 1883 1045 1922 ad
1071 1884 1182 1922 Gau·
1204 1898 1239 1921 c.
1264 1889 1332 1926 23.
1363 1882 1526 1931 Rm‘rz.

231 1942 334 1982 Ead.
358 1945 390 1982 1.
414 1947 452 1985 6.
477 1940 698 1996 Ἐντρέψας
716 1961 783 1973 ·—-—
814 1938 862 1982 οὗ
895 1937 950 1982 δι’
980 1938 1142 1993 αὐτὴν)
1174 1941 1317 1978 Locus
1343 1943 1585 1990 corruptus,

122 2000 300 2037 Gunz‘r.
362 1999 449 2038 Hic
484 1998 599 2039 deest
631 1997 1058 2052 aliquid.⁴L0:=zoor,.
1092 1997 1204 2034 0Hi0
1235 1995 1355 2033 locus
1382 1995 1595 2033 asterisco·k

120 2055 164 2093 in
188 2055 267 2093 Ed.
289 2054 326 2095 J.
345 2065 537 2105 notatur,
565 2063 613 2093 ut
636 2049 831 2101 mutilus?
861 2053 1009 2092 credo:
1042 2063 1289 2108 quamquam
1314 2050 1364 2090 de
1383 2050 1584 2089 asterisco

122 2110 235 2149 nihil
256 2121 402 2154 monet
416 2111 563 2152 editor
581 2112 785 2151 Antonius
804 2111 1037 2150 Francinus.
1070 2111 1122 2152 V,
1145 2107 1342 2157 Pseudol.
1383 2107 1478 2161 Ego
1499 2120 1584 2145 cer-

119 2176 161 2208 te
189 2166 584 2219 depravatissimum
608 2167 767 2220 judico.
806 2168 976 2207 SOLAx.
1515 2200 1517 2202 ,
1564 2202 1566 2204 .

237 2223 340 2265 Ibid.
379 2223 434 2263 To}
460 2221 588 2265 αὐτοῦ
606 2225 762 2265 ἐκείνου
786 2225 892 2278 λέγοι
912 2240 971 2270 τις
988 2221 1110 2277 μικροὶ
1133 2219 1322 2278 κᾷκεῖνα,
1356 2215 1408 2267 ὦς
1429 2220 1497 2260 καὶ
1518 2216 1588 2260 αὖ-

122 2279 190 2329 τδς
209 2277 258 2321 ἂν
281 2279 432 2333 φαίης)
462 2280 568 2318 Sane
597 2294 812 2332 perperam
844 2278 1078 2319 Benedictus
1109 2277 1301 2329 corrupit
1330 2276 1585 2314 sententiam

124 2337 254 2389 hujus
277 2336 387 2385 loci,
419 2334 647 2384 vertendo,
681 2350 727 2374 ac
757 2335 792 2374 si
824 2336 968 2375 omnia
989 2336 1167 2374 Luciam*
1195 2342 1358 2380 essent,
1391 2347 1456 2381 ca,
1489 2347 1590 2385 quae

125 2404 215 2437 sunt
243 2394 384 2446 ipsius,
418 2391 559 2431 diceret
591 2394 807 2444 quispiam„
837 2408 963 2445 parva
989 2402 1023 2429 et
1043 2391 1142 2441 illa,
1174 2400 1215 2429 ui
1238 2392 1317 2443 ipsc
1349 2388 1501 2427 dixeris
1523 2399 1587 2426 ei-

126 2453 229 2497 iam,
263 2463 370 2501 quae
391 2458 489 2487 sunt
513 2447 673 2499 oppido
698 2448 884 2501 insipida
908 2457 949 2486 et
975 2447 1148 2487 insulsa.
1211 2445 1371 2484 Contra
1395 2444 1590 2496 peccavit

126 2505 343 2560 Micyllus,
377 2504 555 2542 nimium
587 2503 751 2542 curiose
782 2507 848 2542 vel
872 2504 1018 2555 potius
1041 2504 1186 2556 inepte
1215 2500 1496 2553 exprimendo
1523 2514 1585 2549 ea,

128 2576 235 2615 quae
253 2572 454 2615 tanquam
476 2562 666 2612 exempla
690 2573 742 2597 ex
762 2559 991 2613 Thucydide
1010 2569 1143 2598 sumta
1162 2567 1204 2598 et
1228 2557 1382 2610 passim
1401 2557 1450 2595 ab
1469 2557 1588 2595 illius

129 2619 331 2670 temporis
367 2615 645 2670 scriptoribus
679 2615 838 2654 insulta
863 2616 1066 2654 Lucienus
1097 2612 1320 2666 producit,
1353 2613 1398 2651 in
1429 2612 1588 2666 quibus

131 2682 253 2727 putat
274 2688 445 2727 quoque
469 2687 556 2712 esse
578 2672 651 2709 has
676 2671 787 2723 ipsas
813 2669 969 2709 medias
993 2685 1141 2719 voces,
1175 2684 1268 2709 cum
1292 2684 1363 2708 eae
1388 2669 1475 2707 sint
1497 2684 1588 2707 me-

130 2743 196 2770 rae
225 2730 484 2771 Lucianeae.
559 2727 758 2770 vertebat
789 2727 925 2778 enim,
966 2743 1030 2778 ca,
1069 2742 1170 2782 quae
1196 2737 1284 2772 sunt
1316 2729 1435 2780 ipsius
1466 2724 1584 2770 illius,
