1834 3188
281 197 383 247 512
634 208 1394 243 ADNOTATloNEs

282 310 461 360 toritas,
494 308 539 350 in
572 321 659 363 quo
689 321 767 362 pro
792 311 1060 363 vulgatarum
1093 325 1202 351 αυτω
1204 310 1408 379 legitur,
1439 319 1488 350 ut
1510 309 1607 364 hic,
1638 308 1751 355 αυτᾶ.

283 368 458 409 somn.
519 365 639 419 Quae
671 364 799 404 modo
828 376 1164 419 praecesserant,
1196 364 1247 409 ἂν
1278 368 1533 423 φοβηθέντα,
1565 343 1632 408 his
1659 383 1751 408 non

282 425 387 464 satis
416 421 647 476 respondet
678 422 819 461 versio
849 423 1035 465 Latina.
1066 426 1136 478 qui
1163 447 1218 455 —
1244 435 1471 478 perterrffear
1529 425 1752 477 Debebat,

285 482 470 551 opinor·
501 481 570 548 qui
598 503 652 510 —
681 480 916 529 timuissem,
949 479 1072 533 quasi
1103 480 1267 519 dictum
1297 491 1429 521 esset:
1463 480 1507 532 ὃς
1533 479 1753 537 ἐφοβήθην

286 535 361 586 ἂν,
394 539 431 579 εἰ
447 535 500 590 μὴ
520 534 568 577 σύ
588 543 666 577 etc.
718 533 791 577 Av
810 545 950 575 autem
978 551 1071 575 cum
1098 537 1336 605 Participio
1363 540 1563 607 junctum
1588 549 1630 578 et
1656 539 1754 578 Lu.-

286 597 423 635 cianus
443 601 576 640 amat3
623 591 713 634 vid.
743 591 917 632 Timon.
939 607 973 635 c
995 596 1062 638 51.
1092 591 1209 647 ἡμεῖς
1241 597 1282 636 δὲ
1298 590 1514 668 α’χάριστοι
1537 591 1588 637 ἆν
1619 598 1756 648 εἴημεν

284 649 627 704 ἀμνημονοῦντες.
684 649 824 690 Prom.
852 663 883 691 s,
909 649 1039 690 Cauc.
1058 665 1091 693 c.
1117 653 1181 695 15.
1214 646 1308 694 ουδ’
1339 649 1391 693 οἶν
1419 654 1607 705 συνίεμεν
1634 649 1754 722 Ιἡλίκοι

284 705 627 775 εὐδαιμονοῦμεν,
669 699 741 758 οὐχ
768 702 941 759 ορῶντες
960 715 1038 749 etc.
1097 708 1235 747 Dian.
1262 709 1399 749 Deor.
1418 708 1505 759 VI,
1532 714 1568 753 1.
1600 704 1649 751 οὗ
1677 706 1755 764 γὰρ

286 762 338 806 οἶν
368 768 498 816 συνῆν
520 760 621 816 ἡμῖν
647 759 811 813 ἀνάξιος
828 779 901 805 του
928 767 1153 817 συμποσίου
1174 764 1241 807 ὧν.
1301 765 1372 804 De
1398 761 1535 805 Mero.
1555 763 1694 805 Cond.
1718 779 1754 804 c.

283 827 353 866 33.
374 817 611 890 vn9'c60vt05·
628 823 733 870 (τοῦ
751 821 970 869 κιναίδου)
990 823 1058 863 καὶ
1081 824 1369 874 τερετίζοντος,
1404 823 1441 863 εἰ
1472 821 1514 864 δὲ
1534 819 1587 875 μὴ
1607 823 1759 875 ἐπεῖχεν

285 873 435 926 αὕτός,
447 863 523 928 (ὅ
543 875 794 929 φιλόσοφος)
827 878 927 926 ἰ’σως
950 873 1001 919 α“ν
1025 880 1093 921 καὶ
1127 878 1376 932 ὀρχουμένου
1396 879 1461 920 ἐπὶ
1484 883 1556 932 τῆς
1580 876 1758 932 ἀπήνης.

287 933 418 989 Quod
440 943 702 988 postremum
722 936 962 987 exemplum
980 935 1175 987 proxime
1187 935 1378 976 omnium
1398 933 1451 973 ad
1471 933 1555 975 hoc
1568 946 1761 976 nostrum

284 989 464 1031 accedit.
496 991 656 1030 me.

402 1046 508 1089 Ibid.
533 1045 788 1102 Ἆλλότριον)
821 1046 865 1086 V
864 1049 1007 1087 orstius
1025 1057 1067 1087 et
1087 1048 1241 1089 Jensz'us
1258 1046 1441 1103 ἀλλότρια
1455 1050 1644 1089 mallent.
1664 1048 1760 1102 Ego

286 1102 403 1143 nihil
427 1113 559 1142 muto.
591 1103 761 1144 somn.
822 1103 957 1143 Recte
983 1104 1089 1144 fecit
1113 1106 1309 1156 Solemus,
1340 1107 1416 1159 qui
1438 1104 1550 1143 nihil
1571 1104 1644 1143 hic
1662 1119 1762 1142 mu-

287 1159 468 1200 taverit:
501 1173 626 1209 nam,
659 1160 741 1199 etsi
772 1159 926 1198 mirum
960 1162 1183 1200 nonnullis
1217 1162 1459 1212 videbitur,
1502 1161 1760 1214 singularem

288 1216 350 1255 ita
374 1214 551 1270 adjungi
571 1216 753 1269 plurali,
786 1225 927 1256 tamen
948 1228 1012 1257 est
1042 1217 1311 1258 Graecismus
1332 1232 1477 1269 verus,
1519 1218 1597 1271 qui
1622 1230 1764 1270 expo-

287 1272 336 1310 ni
354 1281 498 1325 potest
517 1286 594 1325 per
614 1273 788 1325 ellipsin
806 1278 960 1326 χρῆμα,
994 1276 1062 1313 vel
1078 1275 1137 1325 τὶ,
1173 1285 1234 1314 ut
1240 1274 1479 1330 significet,
1510 1289 1618 1314 meas
1636 1290 1694 1312 res
1715 1275 1765 1312 ti-

290 1328 331 1368 hi
348 1345 427 1367 esse
450 1328 622 1368 alienum
651 1328 760 1383 quid
824 1329 954 1384 Quod
984 1330 1132 1370 eodem
1166 1331 1295 1370 modo
1324 1331 1500 1386 Belgice
1533 1329 1762 1371 efferimus.

289 1386 506 1439 Exempla
528 1400 581 1426 ex
605 1385 779 1426 Graecis
799 1386 1048 1426 auctoribus
1070 1402 1236 1441 possem
1261 1388 1359 1428 dare
1380 1387 1496 1426 haud
1496 1400 1669 1461 pauca,
1688 1384 1764 1425 sed

288 1439 506 1480 sufficiant
531 1444 975 1495 sequentia.Nos1er
997 1458 1149 1496 supra,
1179 1446 1317 1486 Zeux.
1343 1460 1376 1484 c.
1396 1449 1438 1488 4.
1470 1441 1561 1486 οἷόν
1579 1444 1711 1485 elsw‘
1701 1444 1763 1484 ι’π-

289 1515 374 1540 ποι.
432 1497 595 1540 Αεῖἰαη.
615 1499 666 1538 V.
690 1499 749 1540 H.
770 1500 862 1550 III,
889 1506 927 1543 1.
951 1514 1003 1541 m.
1031 1506 1125 1544 167.
1160 1503 1328 1556 Λέγεται
1358 1501 1400 1544 δὲ
1421 1498 1470 1542 τὰ
1486 1498 1615 1542 ὕδατα
1639 1516 1766 1541 ταυτα

288 1556 361 1596 καὶ
386 1561 471 1603 τοῖς
492 1556 756 1608 λουσαμένοις
786 1554 947 1625 ἀγαθὸν
971 1555 1087 1598 εἶναι.
1146 1558 1343 1612 Hippocr.
1368 1559 1476 1597 Sect.
1501 1558 1535 1597 I.
1561 1556 1673 1609 Aph.
1698 1558 1762 1599 15.

289 1616 470 1684 Σημεῖον
496 1613 541 1652 αἱ
568 1609 747 1681 filaxion,
777 1615 844 1655 καὶ
863 1615 904 1655 οἵ
921 1610 1107 1678 ἀθληταί.
1170 1613 1345 1666 Thucyd.
1364 1615 1413 1661 I,
1434 1619 1473 1657 6.
1505 1618 1685 1666 Σημεῖον
1717 1608 1764 1654 δ’

289 1669 372 1710 ἐστὶ
393 1672 516 1709 ταῦτα
535 1672 608 1720 τῆς
623 1665 820 1718 Ελλάδος,
878 1669 989 1709 Nam
1015 1670 1115 1722 quia
1138 1681 1337 1710 neutrum
1357 1672 1520 1723 plurale
1542 1679 1654 1708 amat
1672 1683 1764 1709 ver-

290 1724 392 1762 bum
416 1724 653 1777 singulare,
683 1724 781 1766 ideo
806 1729 889 1780 jam
913 1725 1164 1767 indifferens
1200 1727 1305 1778 erit,
1345 1741 1448 1765 num
1478 1735 1656 1780 propter
1684 1726 1766 1768 ἐστὶ

289 1780 421 1819 addas
445 1781 702 1822 substantiv.
727 1784 942 1837 singulare
967 1789 1158 1836 σημεῖον,
1201 1798 1255 1822 an
1285 1792 1461 1836 propter
1487 1799 1612 1824 ταυτα
1633 1781 1763 1820 addas

289 1839 455 1891 plurale
499 1843 654 1890 σημεῖα.
714 1839 783 1879 Ita
822 1853 995 1892 quoque
1034 1839 1244 1895 adjectiva
1285 1839 1520 1894 gerundiva
1556 1838 1764 1893 singulari

289 1908 408 1934 num.
429 1895 570 1933 solent
590 1893 689 1933 adch
708 1895 971 1949 pluralibus,
1004 1896 1148 1938 eadem
1169 1896 1389 1950 analogia.
1420 1904 1469 1933 ut
1483 1894 1613 1948 Epict.
1635 1900 1674 1945 0.
1694 1900 1763 1939 37.

290 1949 358 1990 ed·
380 1949 606 2004 Relamzw
610 1957 711 1996 68.
759 1957 893 1994 Ταῦτα
921 1954 993 2007 μὲν
1021 1955 1063 1996 ἐν
1088 1953 1272 2008 παρέργῳ
1301 1952 1502 2004 ποιητέον.
1563 1950 1763 2005 Hippocr.

289 2007 331 2046 S·
353 2007 389 2046 Ϊ
413 2006 526 2060 Aph·
549 2011 614 2053 15
651 2007 710 2051 Ta
730 2026 990 2064 προςαρματα
1010 2011 1173 2060 δοτέον,
1206 2008 1343 2048 danda
1368 2017 1457 2047 sunt
1486 2006 1698 2060 alimenta,
1730 2009 1760 2047 i.

289 2077 330 2105 e.
348 2063 547 2102 alimenta
569 2074 670 2103 sunt
689 2065 878 2120 aliquid,
912 2065 1027 2121 quod
1049 2065 1234 2105 dandum
1255 2075 1331 2105 est.
1388 2064 1510 2120 (Etsi
1528 2063 1669 2103 eadem
1693 2078 1764 2118 ge.

288 2118 474 2159 tundiva
497 2120 603 2159 alibi
633 2136 803 2177 quoque
832 2123 991 2176 plurali
1017 2137 1134 2161 num.
1157 2121 1298 2162 efferri
1320 2130 1470 2160 notum
1495 2131 1570 2162 est
1585 2122 1604 2173 )
1663 2120 1759 2171 Sic,

290 2176 488 2232 inquam,
521 2178 594 2217 ille
623 2192 760 2217 canon
786 2177 836 2218 de
864 2179 1028 2218 neutris
1060 2183 1168 2232 plur.
1206 2193 1300 2217 cum
1330 2177 1462 2218 verbo
1491 2177 1602 2231 sing.
1639 2179 1761 2230 cujus

290 2241 378 2272 tam
398 2233 538 2273 varias
562 2234 750 2273 rationes
777 2234 964 2274 reddunt
987 2235 1289 2285 Grammatici,
1320 2233 1638 2287 simplicissime
1668 2247 1763 2272 om-

289 2290 412 2328 nium
439 2291 673 2343 exponitur
694 2305 770 2344 per
792 2292 932 2345 ellips.
953 2297 1085 2347 χρῆμα
1103 2295 1172 2332 vel
1191 2293 1249 2340 τὶ,
1280 2300 1330 2330 ut
1348 2289 1396 2332 τὰ
1414 2294 1493 2340 ζῶα
1513 2290 1641 2343 τρέχει
1663 2303 1760 2342 pro-

289 2346 384 2398 prie
405 2346 474 2397 sit,
507 2346 715 2394 animalia,
746 2347 837 2387 sive
855 2364 973 2402 pecus
992 2361 1048 2389 est
1066 2348 1222 2404 aliquid
1239 2364 1408 2388 currens.
1469 2346 1626 2385 Omnia
1645 2345 1760 2384 enim

290 2402 419 2441 verba
443 2403 656 2458 originem
677 2407 747 2443 vel
766 2407 910 2443 saltem
933 2407 1279 2445 terminationem
1302 2419 1418 2443 suam
1443 2402 1595 2442 debere
1614 2401 1758 2454 prisco

289 2458 342 2499 ἕω
364 2475 473 2509 sum,
503 2470 617 2500 recte
639 2460 819 2514 conjicit
841 2461 884 2501 S.
912 2461 1052 2502 Clarke
1071 2462 1125 2502 ad
1146 2462 1309 2503 Homer.
1367 2460 1489 2499 Alius
1510 2467 1648 2497 autem
1672 2458 1760 2496 sin-

292 2516 448 2567 gularis
469 2525 512 2555 et
533 2519 645 2570 plur.
665 2531 898 2557 concursus
923 2519 1113 2559 vicissim
1136 2533 1211 2572 per
1231 2518 1494 2558 intellectum
1514 2515 1593 2556 ἐστὶ
1611 2513 1759 2552 conci-

291 2569 434 2614 liatur.
491 2571 578 2613 Sed
607 2578 730 2615 ταῦτα
751 2575 841 2614 fere
873 2585 1083 2629 perpetuo
1107 2576 1152 2615 in
1188 2574 1344 2628 plurali
1364 2572 1558 2621 effertur,
1588 2570 1666 2610 etsi
1689 2584 1759 2609 re-

290 2625 428 2666 fertur
448 2627 500 2667 ad
519 2630 795 2685 singularem,
829 2634 896 2671 vel
915 2633 1139 2673 collective
1157 2631 1210 2671 ad
1229 2640 1362 2670 totam
1382 2626 1618 2667 orationem
1642 2640 1758 2680 prae-

290 2681 485 2730 missam,
526 2695 577 2725 ut
603 2686 728 2740 apud
749 2687 939 2728 Nom-um
969 2688 1020 2729 de
1050 2690 1150 2729 Salt.
1176 2703 1211 2726 c.
1235 2692 1273 2730 1.
1306 2682 1426 2736 Ἀνηρ
1451 2685 1492 2726 δέ
1519 2701 1579 2733 τις
1605 2705 1663 2714 --
1690 2683 1759 2725 καὶ

290 2742 436 2788 ταῦτα,
464 2744 627 2785 παιδεία
653 2742 904 2800 σύντροφος,
937 2755 980 2787 et
1004 2744 1212 2800 Aristoph.
1241 2743 1354 2783 Plut.
1380 2745 1445 2786 17.
1506 2739 1587 2782 Sed
1606 2739 1757 2781 melius
