1834 3188
432 181 730 214 HERODOTUS
767 183 872 215 s1VE
909 183 1109 215 ΑΕΤιοΝ.
1363 173 1457 219 123

72 286 194 325 λαυσε
224 285 304 324 τῶν
339 283 549 335 ἴστοριῶν,
591 281 633 322 ἐν
660 285 732 337 μιᾷ
761 278 920 336 συνόδῳ
950 279 1170 336 πάνδημόν
1197 299 1286 323 τινα
1312 281 1457 336 κοινὴν
1470 287 1598 328 Ρ-854ι-

72 357 220 406 ψῆφον
241 356 313 405 τῆς
326 348 525 398 Ἑλλάδος
545 349 691 403 λαβών,
708 351 772 391 καὶ
792 347 1083 405 ἀνακηρυχθεὶς
1106 347 1177 402 οὐχ
1195 346 1272 402 ὑφ’
1295 350 1384 400 ἑνὸς
1402 354 1456 402 1“),

72 417 128 474 μᾶ
148 423 251 469 Δία,
283 417 485 474 κήρυκος,
519 414 605 459 ἄλλ’
623 419 666 459 ἐν
686 415 822 475 ἁπάσῃ
842 417 974 471 πόλει,
1008 416 1107 461 ὅθεν
1128 419 1291 467 ἕκαστος
1309 414 1361 472 ἦν
1378 425 1458 461 τῶν

71 493 392 543 πανηγυριστῶν.
438 483 573 540 “Ὀ,τερ
595 483 763 540 ὕστερον
787 486 1127 541 κατανοήσαντες,
1161 484 1349 540 ἐπίτομόν
1371 506 1457 530 τινα
1485 494 1510 533 3

72 554 221 610 ταύτην
239 560 284 607 ⁵)
317 553 414 598 ὁδὸν
437 555 476 602 ἐς
495 559 668 609 γνῶσιν,
695 550 861 604 Ἱππίας
888 573 928 597 τε
947 554 968 597 ὁ
991 554 1199 610 ἐπιχώριος
1225 551 1358 598 αὐτῶν
1384 572 1459 599 σο-

73 640 242 679 φιστης,
278 626 344 666 καὶ
379 621 580 678 Πρόδικος
609 642 629 666 0
653 629 796 675 Κεῖος,
827 626 892 666 καὶ
909 620 1167 678 Ἀναξὶμένης
1191 621 1210 667 ὅ
1236 630 1361 675 Χῖος,
1393 628 1460 668 καὶ

72 699 222 742 Πῶλος
245 689 265 735 ὁ
284 691 590 746 Ἀκραγαντῖνος
602 722 614 741 ‚
647 694 714 733 καὶ
735 691 848 734 ἄλλοι
877 695 1019 746 συχνοὶ
1037 725 1048 744 ,
1082 691 1226 748 λόγους
1246 695 1379 749 ἔλεγον
1399 691 1442 736 oie
1448 697 1460 736 ὶ

70 763 138 805 καὶ
169 757 286 803 αυτοὶ
309 759 410 815 πρὸς
438 758 512 812 τὴν
541 777 797 814 πανηγυριν,
831 756 910 812 αφ’
937 778 994 802 ων
1026 758 1220 816 γνώριιιοι
1254 763 1295 804 ἐν
1324 766 1466 817 βραχεῖ

71 831 286 885 ἐγίγνοντο.
347 829 429 870 Καὶ
447 830 484 870 τί
506 842 567 870 σοι
589 845 684 876 τους
712 827 907 878 παλαιούς
927 830 1108 879 ἐκείνους
1124 831 1220 884 λέγω
1243 832 1458 883 σοφιστεῖς,
1485 839 1511 879 4

70 900 136 941 καὶ
172 898 446 954 συγγραφέας,
495 899 563 939 καὶ
593 895 901 952 λογογράφους,
955 896 1060 939 ὅπου
1086 900 1152 940 καὶ
1177 897 1224 939 τὰ
1255 905 1460 941 τελευταῖα

69 971 220 1015 ταῦτα,
269 967 338 1006 καὶ
366 961 554 1007 Ἀετίωνα
588 967 690 1018 φασὶ
721 965 790 1008 τὸν
819 965 1061 1022 ζωγράφον,
1105 965 1394 1022 συγγράψαντα
1417 966 1459 1023 t)

69 1033 139 1077 τὸν
157 1031 365 1086 Ῥωξάνης
388 1035 454 1075 καὶ
468 1029 730 1087 Ἀλεξάνδρου
751 1032 903 1089 γάμον,
936 1037 991 1083 εἰς
1007 1030 1231 1088 Ὀλυμπίαν
1250 1038 1316 1078 καὶ
1339 1033 1462 1079 αὐτὸν

70 1100 272 1159 ἆγαγόντα
291 1101 363 1155 τὴν
382 1101 520 1145 εἰκόνα
538 1104 585 1156 ¹¹)
621 1105 916 1154 ἐπιδείξασθαι,
949 1101 1044 1152 ὥςτε
1066 1106 1338 1158 Προξενίδαν,
1366 1100 1462 1145 Ἐλ-

67 1175 284 1226 λανοόίκην
302 1170 388 1214 τότε
407 1169 525 1222 ὄντα,
557 1168 734 1225 ἡσθέντα
759 1179 808 1229 τῇ
834 1174 969 1226 τέχνῃ,
1001 1171 1184 1227 γαμβρὸν
1212 1171 1463 1224 ποιήσασθαι

68 1241 139 1284 τὸν
155 1239 356 1289 Ἀετίωνα
418 1242 498 1281 Καὶ
527 1243 564 1282 τί
603 1239 647 1281 τὸ
672 1243 811 1292 θαῦμα
831 1242 926 1292 ἐνῆν
959 1258 1005 1296 τῃ
1026 1244 1162 1297 γραφῇ
1185 1238 1334 1289 αὐτοῦ,
1365 1241 1462 1295 ἥρε-
1489 1248 1514 1291 5

70 1308 114 1352 τό
137 1311 186 1363 ¹)
218 1327 295 1360 τις,
330 1325 383 1356 ως
400 1305 470 1349 τὸν
485 1306 773 1360 Ελλανοδίκην
798 1305 850 1349 δι’
879 1304 975 1350 αυτὸ
1001 1326 1076 1350 ουκ
1095 1310 1293 1366 ἐπιχωρίῳ
1315 1315 1371 1361 τῷ
1385 1306 1464 1352 Ἀε-

71 1381 184 1421 τίωνι
205 1375 471 1430 συναψασθαι
497 1382 568 1430 τῆς
588 1375 793 1431 θυγατρὸς
812 1375 881 1417 τὸν
908 1393 1066 1432 γαμονς
1096 1379 1200 1419 ἐστιν
1228 1395 1254 1430 η
1276 1376 1394 1420 εἴκων
1422 1380 1465 1422 ἐν

115 1497 147 1530 r)
172 1486 247 1544 ὐφ’
273 1487 403 1531 ἓνὸς]
431 1485 526 1533 ,,α’φ’
547 1486 797 1528 ἓνὸςῐηειῖοΡΙ.
804 1490 826 1508 “
874 1489 905 1529 s)
932 1486 1132 1543 ταύτην]
1158 1504 1339 1535 τοιαυτην
1359 1503 1463 1535 30¹1

164 1539 289 1570 minus
312 1538 418 1570 bene
429 1544 469 1568 ut
486 1543 590 1568 recte
610 1536 661 1568 ait
678 1535 755 1567 Bel.
815 1536 846 1571 t)
875 1547 925 1569 συ
939 1544 1092 1581 γγραψ
1106 1539 1236 1594 αντα]
1265 1536 1465 1582 γράψαντα

162 1584 285 1617 Solan.
334 1584 384 1624 u)
409 1582 495 1626 τήν
521 1580 716 1625 εἰκόνα]
743 1583 878 1615 absunt
900 1593 919 1614 a
941 1583 1048 1615 (3011.
1107 1585 1150 1625 x)
1180 1582 1342 1630 ἤρετο]
1373 1586 1462 1626 „Sic

164 1630 195 1662 J,
216 1629 268 1662 Fl.
287 1629 328 1661 B.
354 1641 384 1661 2.
407 1630 453 1660 H.
474 1630 538 1662 δέ(
589 1629 649 1662 Sic
668 1629 761 1661 etss.
787 1640 815 1662 1.
839 1630 880 1683 A.
908 1640 935 1661 1
959 1640 988 1660 2.
1013 1629 1164 1662 solanus
1184 1632 1464 1664 tfflnenmaluit

166 1673 299 1721 ἥροιτο
322 1673 512 1719 (ἔροιτο),
547 1675 695 1707 Belinns
719 1685 824 1708 vero·
851 1671 960 1719 ἤρετό
979 1688 1035 1715 τις
1060 1674 1119 1713 ἄν
1168 1680 1215 1710 At
1233 1678 1306 1711 vid.
1328 1678 1464 1711 Adnot.

76 1771 258 1809 letalem
278 1767 552 1806 historiarum
572 1781 741 1805 suarum

75 1827 261 1864 fructum
285 1824 417 1876 cepit,
452 1824 496 1860 in
522 1838 607 1862 uno
641 1838 740 1861 con-

75 1891 210 1922 ventu
258 1880 478 1933 publicum
528 1878 740 1931 quoddam

78 1948 119 1977 et
138 1951 359 1975 commune
382 1936 517 1974 totius
537 1937 741 1975 Graeciae

77 1994 327 2047 suffragium
369 1993 444 2046 qui
475 1993 627 2042 ferret,
673 2007 739 2030 01·-

77 2062 336 2102 nareturque
379 2063 608 2101 praeconio
650 2063 737 2087 non

80 2106 129 2144 ab
159 2120 244 2144 uno
279 2120 379 2143 sane
403 2119 634 2158 praecone,
668 2104 740 2144 sed

81 2162 125 2199 in
166 2175 424 2214 unaquaque
460 2161 585 2211 urbe,
629 2161 742 2200 unde

79 2218 240 2272 singuli
267 2228 553 2266 spectatorum
588 2227 740 2257 essent.

81 2273 209 2328 Quod
233 2272 401 2327 quidem
429 2284 574 2324 postea
605 2274 748 2323 consi*

80 2331 296 2378 derantes,
331 2329 440 2367 hanc
459 2343 608 2381 nempe
632 2344 742 2368 com-

79 2386 341 2441 pendiariam
366 2385 574 2438 quandam
598 2384 646 2422 ad
670 2400 743 2423 no·

79 2444 219 2482 titiam
242 2443 460 2480 hominum
486 2443 608 2489 viam,
637 2442 744 2491 Hip-

82 2500 174 2553 pias
193 2515 243 2538 ex
265 2499 354 2551 ipsa
376 2499 446 2536 illa
463 2497 590 2536 Elidis
610 2499 742 2548 regio-

83 2571 137 2595 ne
163 2555 391 2607 Sophista,
425 2565 465 2593 et
493 2554 603 2593 Ceus
642 2555 746 2591 l’ro-

85 2610 219 2660 diCUS,
233 2621 273 2650 et
295 2612 580 2650 Anaximenes
596 2610 744 2660 Chius,

86 2677 129 2706 et
158 2667 466 2721 Agrigentinus
499 2669 651 2716 Polus,
704 2677 746 2705 et

88 2724 330 2777 frequentes
350 2724 439 2774 alii,
474 2738 635 2778 semper
657 2738 746 2762 ver-

800 1766 854 1805 ba
882 1777 923 1807 et
951 1768 1034 1821 ipsi
1060 1770 1253 1809 fecerunt
1280 1770 1330 1808 ad
1358 1785 1466 1809 con-

803 1823 976 1869 cilium,
1010 1826 1125 1864 unde
1154 1827 1319 1866 nobiles
1349 1827 1467 1865 brevi

801 1891 969 1933 tempore
985 1882 1089 1920 facti
1108 1894 1222 1923 sunt.
1283 1885 1338 1921 Et
1361 1884 1466 1936 quid

801 1937 882 1974 tibi
904 1938 1103 1992 antiquos
1125 1941 1222 1978 illos
1242 1940 1465 1992 Sophistas

798 1991 923 2042 dico,
957 2004 997 2033 et
1020 1994 1272 2045 historicos,
1310 2007 1351 2035 et
1374 1997 1466 2034 1he·

799 2058 939 2100 tolas,
975 2065 1066 2089 cum
1100 2067 1235 2104 nuper
1265 2052 1370 2091 adeo
1402 2063 1468 2092 et-

800 2106 882 2144 iam
909 2108 1068 2145 Aetion
1109 2109 1246 2161 pictor
1276 2108 1464 2154 dicatur,

802 2162 984 2215 depictis
1008 2180 1030 2201 α
1054 2181 1092 2203 se
1117 2167 1317 2204 Roxanes
1341 2176 1381 2203 et
1412 2167 1466 2202 A-

800 2220 998 2257 lexandri
1055 2222 1244 2273 nuptiis,
1311 2221 1469 2273 Olym-

803 2276 914 2326 piam
934 2277 1077 2328 etipse
1096 2277 1359 2329 deportatam
1377 2292 1466 2316 earn

802 2331 989 2369 tabulam
1013 2334 1273 2381 ostendisse,
1307 2350 1470 2373 succes<-

802 2403 845 2424 su
868 2404 922 2435 eo,
955 2399 1000 2426 ut
1028 2389 1305 2438 Proxenidas,
1340 2389 1469 2442 judex

806 2444 1049 2481 certaminis
1091 2446 1165 2497 qui
1207 2455 1295 2484 tuin
1341 2458 1468 2510 esset,

807 2497 1040 2537 delectatus
1061 2511 1147 2539 arte
1167 2515 1366 2555 generum
1386 2517 1419 2540 si
1411 2503 1469 2540 bi

806 2555 1283 2599 AetionemassumeiQet
1296 2558 1470 2612 thuid

805 2610 849 2647 in
879 2611 1043 2662 pictura
1068 2614 1202 2665 ipsius
1226 2615 1376 2653 mirum
1407 2631 1470 2653 iil-

808 2676 918 2715 erat‚
953 2679 1076 2723 roget
1109 2672 1291 2722 aliquis,
1335 2681 1382 2709 ut
1411 2686 1473 2709 ai-

810 2722 920 2762 biter
970 2728 1247 2766 ce1taminum
1299 2738 1471 2780 propter
