1834 3188
1449 199 1549 244 373

229 651 1399 710 ADNOTATIONES

685 826 928 833 ———-

326 952 429 1001 IN
499 949 1286 1000 HERMOTIMUM.

191 1089 397 1142 Pag-3.1.
425 1094 460 1131 1.
492 1088 874 1141 ΕΡΜΟΤῙΜΟΣ)
913 1085 1175 1127 Menecratis
1194 1083 1266 1123 hic
1290 1084 1405 1123 filins
1436 1083 1545 1124 dici-

82 1156 150 1185 tur
171 1160 205 1187 c.
225 1151 292 1189 50.
318 1145 404 1194 vir,
438 1145 480 1182 ni
504 1159 577 1196 per
602 1144 716 1182 hunc
740 1145 930 1183 libellum
955 1145 1088 1190 foret,
1122 1142 1297 1195 ignotus
1322 1151 1362 1181 et
1393 1140 1545 1180 obscu-

80 1217 162 1241 rus.
234 1204 302 1240 De
334 1200 603 1240 Hermotimo
635 1201 910 1241 Clazomenio
955 1200 1122 1238 dicetur
1152 1197 1277 1247 alibi,
1322 1211 1460 1251 neque
1492 1195 1545 1236 ad

80 1273 174 1297 eum
197 1258 268 1295 hic
291 1256 512 1299 alluditur,
572 1256 671 1296 Vid.
694 1257 836 1296 Musc.
859 1258 1038 1298 Encom.
1063 1270 1097 1294 c.
1120 1259 1160 1297 7.
1194 1254 1363 1293 somn«.

195 1325 296 1364 Eacl.
321 1328 352 1363 ls
374 1329 411 1367 4.
440 1323 679 1378 Ἑρμότιμε)
709 1325 758 1363 In
782 1324 839 1363 H
863 1335 903 1363 et
922 1326 1015 1365 Par.
1038 1322 1211 1362 nomina
1228 1321 1399 1375 propria
1421 1321 1546 1375 spiri-

87 1381 201 1420 tibus
225 1395 310 1419 non
339 1391 437 1418 sunt
473 1380 686 1432 praedita,
727 1395 804 1434 pro
833 1395 950 1421 more
979 1382 1195 1420 literarum
1224 1377 1543 1431 quadratarum,

83 1438 127 1475 in
150 1437 258 1477 Junt.
279 1451 378 1476 vero
398 1437 579 1490 aliisque
595 1433 756 1490 Ἑρμοτ.
786 1446 827 1475 et
848 1437 1003 1475 similia
1026 1449 1189 1489 semper
1210 1449 1302 1472 cum
1323 1449 1399 1472 suo
1421 1433 1546 1486 spiri-

80 1503 151 1542 tu,
184 1508 305 1545 quem
328 1493 605 1538 retinuimus,
640 1493 806 1546 quoties
836 1508 922 1531 non
955 1503 1017 1532 est
1041 1505 1218 1545 persona
1238 1493 1429 1544 loquens.
1492 1489 1544 1527 In

80 1550 273 1602 personis
297 1558 460 1598 autem,
494 1563 515 1586 a
539 1548 693 1600 quibus
715 1564 850 1588 sermo
874 1549 1125 1598 inchoatur,
1158 1547 1400 1594 omisimus,
1430 1544 1545 1599 quod

81 1607 141 1644 ita
163 1605 212 1643 ab
233 1605 362 1643 initio
386 1605 631 1643 institutum
652 1605 869 1656 videmus,
903 1616 946 1645 et
964 1606 1024 1644 sic
1047 1604 1191 1655 decet,
1225 1603 1326 1659 quia
1346 1612 1433 1641 tum
1459 1615 1546 1640 om·

81 1676 154 1701 nes
176 1661 324 1700 literae
347 1671 447 1699 sunt
469 1660 712 1714 quadratae.
744 1663 908 1702 Rm‘rz.

197 1718 298 1770 Pag·
320 1719 408 1759 4.1.
439 1722 476 1759 1.
497 1719 632 1760 ΓὈσον
650 1716 953 1775 τεκμῂρασθαι)
996 1718 1127 1773 Guyet.
1159 1716 1242 1756 ait:
1286 1729 1337 1753 an
1368 1712 1412 1756 τὸ
1441 1713 1548 1756 ἐστὶν

85 1773 368 1822 desideratur,
401 1787 452 1810 an
476 1773 917 1827 subintelligendum?
957 1773 1175 1813 Posterius
1204 1786 1346 1811 verum
1375 1780 1460 1819 est,
1504 1778 1547 1809 et

85 1831 165 1872 ἐστὶ
182 1838 293 1868 recte
311 1829 545 1869 omittitur:
578 1829 664 1870 vid.
682 1830 842 1872 Aeliam.
864 1832 914 1869 V.
935 1832 989 1869 H.
1010 1830 1146 1881 XIII,
1172 1835 1207 1872 1.
1227 1826 1363 1870 ”Οσον
1383 1843 1422 1868 τε
1438 1825 1547 1877 ἄψα-

85 1887 188 1941 μένῳ
206 1882 490 1940 τεκμήρασθαι.
548 1885 674 1924 Unde
698 1887 823 1924 simul
844 1886 1128 1934 confirmatur,
1159 1885 1437 1939 τεκμήρασθαι
1459 1896 1547 1921 rec-

87 1953 128 1980 te
156 1957 198 1981 se
223 1941 400 1987 habere,
433 1952 473 1980 et
508 1945 614 1981 male
637 1942 831 1981 Solanum
851 1943 957 1982 illud
985 1952 1191 1981 mutatum
1222 1944 1344 1979 velle.
1403 1939 1547 1979 Usita-

87 1999 171 2036 tius
191 2008 329 2036 tamen
354 2012 550 2050 praesens
570 2003 875 2054 τεκμαίρεσθαι,
917 2010 963 2038 ut
982 1999 1065 2038 hoc
1087 1999 1202 2039 Dial,
1225 2013 1260 2038 e.
1284 2001 1345 2039 19.
1368 2005 1408 2035 et
1429 1993 1546 2033 alibi.

89 2055 215 2092 Plura
236 2064 372 2091 autem
396 2058 586 2107 exempla
609 2056 746 2109 ellipS.
768 2061 842 2097 τοῦ
869 2058 949 2098 ἐστὶ
971 2066 1069 2109 post
1096 2053 1216 2103 ὅσον,
1259 2051 1343 2096 vid.
1373 2052 1417 2090 in
1449 2048 1548 2089 Ind-

85 2109 263 2150 Aeliani.
327 2108 451 2161 Quod
481 2125 573 2149 cum
599 2122 638 2149 et
660 2112 752 2150 aliis
779 2113 978 2165 frequens
999 2112 1078 2161 sit,
1112 2111 1240 2149 miror
1260 2108 1362 2162 quid
1384 2108 1550 2162 Guyetus

89 2165 270 2204 dubitet.
302 2165 463 2206 an-z.
526 2166 593 2208 Cf.
627 2165 680 2216 ὥς
709 2173 807 2222 γοῦν
838 2169 992 2210 εἰκάσαι
1014 2168 1198 2207 Charon.
1226 2182 1257 2204 c.
1281 2171 1346 2208 22.
1369 2163 1466 2206 ὅσον
1486 2164 1551 2214 ἐμ·

82 2225 169 2263 πὶσι
198 2245 253 2251 ——
283 2220 550 2273 παραβάλλειν
568 2224 706 2263 Musc.
726 2226 904 2263 Encom.
927 2226 985 2264 in.
1008 2220 1114 2266 Ἐστὶ
1141 2221 1468 2276 intelligendum
1489 2232 1550 2257 es·

86 2293 151 2326 se,
185 2293 306 2316 nemo
326 2277 455 2318 hodie
478 2278 658 2319 dubitat.
686 2292 689 2294 ’
720 2279 817 2318 Vid.
841 2281 1040 2336 Sclzaqfier.
1063 2280 1113 2319 ad
1133 2280 1182 2318 L.
1205 2278 1287 2317 Bos
1308 2276 1357 2315 de
1376 2275 1549 2326 Ellipss.

89 2350 129 2389 p.
151 2339 244 2378 607.
307 2334 459 2386 Neque
494 2333 603 2373 hanc
633 2335 840 2374 rationem
877 2351 925 2375 eo
954 2337 1088 2376 refelli
1115 2345 1245 2388 puto,
1278 2331 1391 2385 quod
1414 2331 1552 2371 inter-

88 2391 186 2429 dum
217 2391 494 2429 Accusativus
527 2405 732 2443 personae
766 2391 990 2443 adjunctus
1022 2392 1258 2445 reperitur,
1312 2398 1359 2426 ut
1387 2387 1430 2426 in
1465 2386 1551 2425 illis

85 2448 181 2489 Jov·
205 2450 328 2501 Trag.
350 2461 384 2487 c·
409 2453 472 2490 10.
501 2445 575 2487 ὅσα
608 2464 648 2501 γε
680 2443 779 2503 κᾷμὲ
805 2446 922 2502 όρᾷν.
983 2449 1200 2486 Aoristum
1236 2455 1373 2484 autem
1397 2453 1553 2482 temere

91 2518 111 2542 a
136 2503 284 2543 Solano
305 2504 567 2542 solicitatum
597 2518 706 2551 esse,
742 2506 809 2542 vel
831 2503 937 2542 illud
965 2518 986 2544 e
1009 2503 1206 2543 Charone
1236 2503 1447 2555 prolatum
1474 2513 1550 2538 ex-

92 2563 273 2612 emplum
297 2574 466 2600 monere
489 2569 640 2612 potest.
672 2561 827 2600 Lmrm.

201 2616 302 2658 Ibid.
340 2614 648 2672 Τεκμῄρασθαι)
681 2614 878 2668 Conjicere
896 2615 995 2657 licet.
1026 2616 1170 2655 Bnon.

206 2683 305 2723 Ead.
331 2686 358 2724 l.
381 2690 419 2728 2-
457 2684 619 2734 Μεταξὺ
638 2681 818 2737 προΐών)
852 2683 918 2722 Ne
939 2682 1082 2723 credas
1102 2685 1206 2722 male
1228 2681 1451 2722 cohaerere
1472 2698 1548 2734 με-

98 2737 185 2789 ταξὺ
204 2737 382 2792 προϊὼν,
413 2743 478 2783 καὶ
507 2739 755 2790 διεσάλευες,
787 2739 1026 2779 memineris
1055 2737 1196 2793 μεταξὺ
1218 2741 1428 2794 eleganter
1453 2752 1547 2775 cum
