1834 3188
359 212 678 244 HERMOTIMUS
714 214 815 245 swE
851 213 916 244 DE
952 214 1126 244 ssscrts.
1356 205 1448 250 101

983 309 1002 325 'ss
1021 309 1046 325 ΡΙ

65 310 308 395 ἆναγκαίων,,
333 308 435 360 οἷον,
470 308 568 354 ὅθεν
597 311 742 367 α’ρτους
766 309 952 366 ωνητέον,
974 331 1000 366 η
1021 331 1064 363 ο,
1080 330 1117 354 τι
1137 308 1218 370 (ᾗ)
1241 310 1592 370 φατέονΚ)Ρ-8ι4..

63 382 166 437 πρὸς
186 380 256 423 τὸν
278 377 526 421 ἀπαιτοῦντα
545 378 792 432 τούνοίκιον,
824 384 867 424 ἐκ
887 386 1042 423 πολλου
1059 382 1344 437 περιμένοντα,
1379 381 1448 425 οὕ-

61 468 140 500 τως
173 447 490 504 ἀγανακτοῦσιν,
524 447 578 497 ὥς
606 446 687 491 ὗπὸ
720 454 792 491 τοῦ
817 451 1010 504 ἐρομένου
1031 446 1070 505 l)
1100 452 1167 492 καὶ
1200 449 1448 505 παρενοχλή-

61 534 201 567 σαντος
222 517 508 573 ἀφαιρεθέντες
527 517 684 560 ἅπαντα
703 519 834 560 ἐκεῖνα
850 513 1010 572 τᾶγαθᾶ
1023 551 1034 569 ,
1065 520 1130 560 καὶ
1153 514 1290 573 ὀλίγον
1310 519 1446 561 δέουσι

842 581 960 627 {Atto}
994 585 1067 638 σύ,
1101 580 1134 628 ὦ
1165 585 1356 640 φιλότης,
1388 586 1443 641 μὴ
1470 595 1525 634 72

57 655 198 714 πάθῃς
217 654 315 697 αὐτὸ
333 655 435 708 πρὸς
456 655 519 707 ε’μὲ
533 688 542 704 ,
575 658 613 698 εἷ’
637 669 679 696 σε
699 653 937 708 θησαυρούς
960 650 1230 709 ἀνορύττοντα
1244 688 1254 706 ,
1286 657 1353 697 καὶ
1373 673 1443 699 πε·

59 586 131 641 τὴν
153 590 243 641 ῥῖνα
263 592 334 628 τοῦ
362 587 507 635 παιδὸς
535 584 787 640 ἀποτραγεῖν.

288 726 355 764 καί
384 741 494 772 τινας
523 725 679 771 ἐννοίας
706 718 931 777 ὑπερφυεῖς
958 725 1202 774 ἐννοοῦντα,
1233 725 1302 766 καί
1329 740 1443 774 τινας

55 794 215 842 ἐλπίδας
252 789 491 843 ἀνεφίκτους
519 793 746 841 ἐλπίζοντα,
798 794 915 842 φίλος
942 789 1019 843 ὧν,
1052 788 1100 834 οὗ
1133 796 1340 849 περιεῖδον
1372 792 1440 836 διὰ

53 723 223 778 τόμενον
237 758 247 774 ,

53 860 204 910 παντὸς
222 864 296 902 τοῦ
316 862 408 914 βίου
425 854 570 915 ὀνείρῳ
591 857 683 912 ἡδεῖ
697 860 768 913 μὲν
796 862 912 912 ἰ’σως,
945 856 1044 914 ἆταρ
1068 855 1212 916 ὄνείρῳ
1232 879 1276 916 γε
1297 859 1440 903 συνόν·

51 943 119 972 τα·
149 927 414 972 διαναστάντα
442 928 505 978 δὲ,
538 923 634 977 ἀξιῶ
665 926 850 984 πράττειν
870 931 906 971 τὶ
930 934 1009 970 τοῖν
1031 923 1284 984 ἀναγκαίων,
1325 930 1394 970 καὶ
1415 927 1439 971 δ’

52 1014 96 1042 σε
114 999 367 1052 παραπέμψει
391 999 429 1045 ἐς
457 995 500 1038 τό
525 996 668 1044 λοιπὸν
693 1002 768 1039 τοῦ
792 1000 908 1051 βίου,
948 996 995 1039 τὰ
1023 996 1140 1039 κοινοὶ
1170 990 1293 1038 ταῦτα
1323 1013 1437 1048 φρο-

47 1066 212 1109 νοῧντα.
245 1067 326 1107 ἐπεὶ
347 1064 370 1107 ὅ
389 1083 431 1120 γε
453 1071 529 1107 νῦν
553 1068 758 1121 ἔπραττες,
791 1067 858 1108 καὶ
879 1063 1074 1116 ἐπενόεις,
1111 1063 1229 1108 οὐδὲν
1249 1068 1329 1106 τῶν
1346 1059 1438 1104 Ἱπ-

45 1135 328 1185 ποκενταύρων
356 1135 424 1175 καὶ
448 1139 660 1189 Χιμαιρῶν
689 1135 757 1176 καὶ
787 1132 1004 1190 Γοργόνων
1033 1135 1238 1187 διαφέρει,
1269 1132 1339 1173 καὶ
1363 1129 1437 1172 ὅσα

47 1201 146 1246 ἅλλα
173 1201 344 1255 ὄνειροι,
377 1203 444 1243 καὶ
465 1204 628 1255 ποιηταὶ
647 1205 714 1244 καὶ
746 1209 918 1258 γραφεῖς
946 1199 1147 1256 ἐλεύθεροι
1171 1198 1302 1251 ὄντες,
1336 1195 1433 1241 ‹iva-

46 1269 288 1314 πλάττουσιν
302 1301 312 1320 ,
345 1268 434 1312 οὕτε
454 1268 646 1325 γενόμενα
674 1270 856 1321 πώποτε,
891 1269 979 1312 οὕτε
1003 1271 1194 1325 γενέσθαι
1214 1267 1481 1322 δυνάμεναᾪ·
1495 1277 1563 1315 815

93 1384 134 1429 k)
161 1381 186 1428 ἢ
209 1398 226 1418 ο
248 1396 312 1427 ,τι
338 1380 406 1429 (ἧ)
437 1382 645 1426 φατέον]
672 1381 699 1429 ἢ
718 1378 866 1441 δ’,τιηῑῆ
893 1383 1032 1431 φατέον
1062 1385 1181 1416 Reitz.
1215 1393 1302 1415 cum
1332 1381 1374 1414 Β.
1401 1393 1431 1415 1.

138 1438 174 1464 et
194 1442 225 1470 ξς.
258 1441 380 1474 prate
429 1431 602 1464 Recentt
632 1432 768 1464 rectius
794 1426 819 1475 η’
843 1427 886 1474 ὅ,
898 1444 933 1466 τι
964 1432 986 1476 ᾑ
1010 1443 1099 1485 φατ-
1110 1455 1140 1484 ,
1147 1434 1189 1461 ut
1215 1427 1253 1460 in
1277 1430 1317 1460 A.
1344 1439 1373 1460 1·
1398 1439 1431 1463 2.

135 1481 321 1509 commate
342 1481 425 1518 post
434 1472 468 1524 ἥ
486 1476 617 1509 deleto.
665 1478 814 1511 Mavult
836 1483 959 1510 tamen
975 1477 1052 1508 Bel.
1074 1472 1099 1520 η“
1118 1472 1158 1518 ὃ,
1172 1487 1207 1508 τι
1227 1487 1273 1508 αν
1294 1474 1316 1519 ῄ
1338 1486 1424 1515 φαι-

133 1522 233 1556 Mihi
255 1521 404 1566 quidem
422 1525 444 1567 ᾗ
465 1523 618 1555 omnino
640 1531 852 1582 suspectum
869 1530 942 1565 est,
969 1528 1004 1554 et
1021 1533 1040 1555 e
1061 1502 1350 1578 praecedente'‘
1324 1534 1346 1565 η
1368 1531 1432 1552 na-

132 1575 213 1602 tum
241 1568 400 1601 videtur.
448 1568 530 1601 Nisi
559 1569 659 1603 forte
687 1569 743 1616 εἰη
771 1569 884 1604 scribi
904 1569 1026 1604 malis.
1098 1568 1135 1611 l)
1162 1565 1430 1613 ερομένου]

134 1613 312 1661 ῥεομένου
328 1615 371 1648 Β.
391 1615 612 1658 5.·,absu1de

45 1741 155 1782 tlum
176 1741 391 1796 quiddam,
426 1741 541 1782 verbi
558 1742 706 1796 gratia,

43 1797 158 1837 unde
189 1801 310 1852 panis
344 1799 580 1839 emendus?
634 1810 708 1838 aut

47 1854 151 1907 quid
182 1855 523 1908 respondendum
552 1870 706 1896 merce-

47 1911 138 1950 dem
170 1911 317 1950 domus
346 1913 580 1965 repetenti,
631 1913 707 1966 qui

45 1967 120 2005 diu
148 1971 227 2020 jam
258 1969 603 2022 exspectaverit?
647 1969 707 2008 ita

44 2023 348 2079 indignantur.
402 2025 523 2079 quasi
562 2026 613 2064 ab
642 2026 705 2064 in-

47 2088 290 2134 terrogante
315 2082 390 2121 illo
418 2093 542 2135 atque
569 2083 707 2121 inter-

49 2138 233 2186 pellante
266 2138 399 2176 ablata
433 2139 537 2191 ipsis
568 2149 708 2178 essent

48 2191 161 2230 bona
185 2193 254 2230 illa
288 2194 455 2243 omnia,
489 2205 530 2233 et
562 2211 706 2248 parum

49 2247 185 2297 abest,
236 2249 338 2302 quin
379 2265 520 2288 morsu
560 2266 708 2289 nasum

47 2319 180 2357 puero
215 2306 424 2343 auferant.
487 2309 554 2343 Tu
582 2322 706 2355 vero,

49 2361 205 2410 amice,
271 2363 361 2399 noli
392 2361 537 2400 eodem
569 2363 611 2399 in
647 2377 710 2401 me

50 2416 210 2469 impetu
233 2418 352 2467 ferri,
388 2417 423 2455 si
445 2427 485 2456 te
507 2418 711 2457 effodien-

52 2482 135 2511 tem
166 2473 409 2521 thesauros,
455 2483 526 2512 aut
559 2477 713 2512 volan-

52 2539 157 2580 tem,
190 2540 262 2568 aut
286 2530 570 2583 cogitationes
591 2545 714 2583 quas-

56 2584 146 2622 dam
171 2589 371 2639 majores,
407 2601 529 2639 quarn
562 2598 710 2625 natura

61 2641 239 2691 patitur,
273 2643 526 2695 agitantem,
559 2653 600 2682 et
620 2658 713 2694 spes

58 2695 303 2749 habentem,
347 2699 397 2738 ad
431 2713 534 2752 quas
561 2713 716 2752 perver-

58 2752 143 2790 niti
164 2767 248 2792 non
269 2765 432 2808 potest,
464 2771 540 2810 pro
563 2756 717 2795 amici-

766 1743 828 1782 tia
856 1752 1001 1783 nostra
1039 1755 1126 1781 non
1160 1754 1308 1794 passus
1337 1753 1432 1777 sum

765 1815 841 1853 per
868 1815 1031 1839 omnem
1065 1799 1193 1837 vitam
1224 1798 1268 1834 in
1311 1810 1431 1834 som—

766 1857 840 1895 nio
876 1857 997 1895 suavi
1028 1857 1105 1893 illo
1128 1853 1323 1907 quidem,
1357 1851 1431 1890 sed

767 1914 935 1952 somnio
955 1922 1116 1961 tamen,
1146 1910 1325 1956 versari;
1357 1906 1432 1946 sed

767 1985 935 2025 smgere
987 1968 1137 2022 jubeo,
1202 1977 1242 2005 et
1290 1967 1432 2004 facere

767 2028 1001 2081 quidquam
1034 2039 1205 2073 eorum,
1239 2037 1345 2076 quae
1379 2036 1432 2058 o·-

766 2099 844 2138 pus
892 2091 1017 2127 sunt,
1072 2080 1274 2134 quodque
1309 2089 1349 2117 te
1380 2075 1433 2115 ad

768 2140 835 2189 ul,
891 2138 1007 2192 quod
1049 2147 1265 2191 superest,
1315 2135 1432 2174 vitae

769 2196 984 2234 ditnittete
1026 2194 1165 2247 possit
1216 2188 1433 2230 communi

770 2254 844 2291 illo
869 2266 994 2291 sensu
1013 2249 1268 2303 praeditum.
1303 2243 1433 2299 Quod

769 2309 881 2348 enim
912 2306 1037 2346 modo
1076 2307 1253 2356 agebas,
1287 2314 1327 2341 et
1357 2315 1434 2339 co·-

771 2365 958 2418 gitabas,
991 2363 1041 2401 ab
1069 2356 1434 2412 hippocentauris

772 2431 813 2459 ct
838 2419 1075 2458 Chimaeris
1098 2428 1138 2455 et
1159 2414 1433 2467 Gorgonibus

774 2476 884 2514 nihil
916 2474 1144 2528 quithuam
1178 2472 1344 2519 differt,
1395 2477 1437 2509 et

774 2545 1053 2583 quaecunque
1082 2530 1162 2567 alia
1197 2528 1362 2568 somnia
1393 2535 1436 2564 et

773 2593 924 2639 poetae
957 2597 997 2625 et
1036 2586 1220 2638 pictores
1249 2599 1325 2637 pro
1361 2596 1435 2621 sua

774 2644 970 2682 libertate
1006 2641 1286 2695 confingunt,
1331 2651 1436 2692 quae

776 2714 852 2737 nec
889 2699 1008 2737 fuere
1044 2713 1256 2752 unquam,
1297 2708 1438 2748 neque

777 2755 865 2795 steri
887 2764 1083 2809 possunt0
1116 2756 1173 2794 Et
1193 2764 1330 2793 tamen
1354 2765 1438 2789 ma-
