<?xml version="1.0" encoding="UTF-8"?>
<!DOCTYPE html PUBLIC "-//W3C//DTD XHTML 1.0 Transitional//EN"
    "http://www.w3.org/TR/xhtml1/DTD/xhtml1-transitional.dtd">
<html xmlns="http://www.w3.org/1999/xhtml" xml:lang="en" lang="en">
 <head>
  <title>
</title>
<meta http-equiv="Content-Type" content="text/html;charset=utf-8" />
  <meta name='ocr-system' content='tesseract 3.04.00' />
  <meta name='ocr-capabilities' content='ocr_page ocr_carea ocr_par ocr_line ocrx_word'/>
</head>
<body>
  <div class='ocr_page' id='page_1' title='image "./operagraecaetlat04luciuoft/operagraecaetlat04luciuoft_0721.png"; bbox 0 0 1834 3188; ppageno 0'>
   <div class='ocr_carea' id='block_1_1' title="bbox 390 216 1511 264">
    <p class='ocr_par' dir='ltr' id='par_1_1' title="bbox 390 216 1511 264">
     <span class='ocr_line' id='line_1_1' title="bbox 390 216 1511 264; baseline 0.006 -10"><span class='ocrx_word' id='word_1_1' title='bbox 390 225 439 254; x_wconf 73' lang='lat' dir='ltr'>m</span> <span class='ocrx_word' id='word_1_2' title='bbox 479 224 640 254; x_wconf 65' lang='lat' dir='ltr'>vuum</span> <span class='ocrx_word' id='word_1_3' title='bbox 680 224 949 254; x_wconf 69' lang='lat' dir='ltr'>ms&#39;ronmss</span> <span class='ocrx_word' id='word_1_4' title='bbox 988 226 1076 255; x_wconf 72' lang='lat' dir='ltr'>mn.</span> <span class='ocrx_word' id='word_1_5' title='bbox 1114 228 1165 257; x_wconf 81' lang='grc' dir='ltr'><strong>Π.</strong></span> <span class='ocrx_word' id='word_1_6' title='bbox 1414 216 1511 264; x_wconf 82' lang='grc'>673</span> 
     </span>
    </p>
   </div>
   <div class='ocr_carea' id='block_1_2' title="bbox 41 321 1513 2850">
    <p class='ocr_par' dir='ltr' id='par_1_2' title="bbox 46 321 1508 431">
     <span class='ocr_line' id='line_1_2' title="bbox 155 321 1508 381; baseline 0.001 -17"><span class='ocrx_word' id='word_1_7' title='bbox 155 323 258 364; x_wconf 73' lang='lat' dir='ltr'><strong>Ead.</strong></span> <span class='ocrx_word' id='word_1_8' title='bbox 277 326 304 364; x_wconf 88' lang='lat' dir='ltr'><strong>l.</strong></span> <span class='ocrx_word' id='word_1_9' title='bbox 326 324 366 367; x_wconf 88' lang='grc'>5.</span> <span class='ocrx_word' id='word_1_10' title='bbox 406 323 555 375; x_wconf 83' lang='grc' dir='ltr'>Τοῦτο)</span> <span class='ocrx_word' id='word_1_11' title='bbox 594 323 676 362; x_wconf 80' lang='lat' dir='ltr'>Pro</span> <span class='ocrx_word' id='word_1_12' title='bbox 706 321 831 372; x_wconf 69' lang='grc' dir='ltr'>κατὰ,</span> <span class='ocrx_word' id='word_1_13' title='bbox 873 323 941 363; x_wconf 85' lang='lat' dir='ltr'>vel</span> <span class='ocrx_word' id='word_1_14' title='bbox 972 321 1038 365; x_wconf 76' lang='grc' dir='ltr'>διὰ</span> <span class='ocrx_word' id='word_1_15' title='bbox 1062 327 1191 366; x_wconf 83' lang='grc' dir='ltr'><strong>τοῦτο.</strong></span> <span class='ocrx_word' id='word_1_16' title='bbox 1250 323 1351 367; x_wconf 83' lang='lat' dir='ltr'>vid.</span> <span class='ocrx_word' id='word_1_17' title='bbox 1386 341 1508 381; x_wconf 82' lang='lat' dir='ltr'>supra</span> 
     </span>
     <span class='ocr_line' id='line_1_3' title="bbox 46 380 566 437; baseline -0.01 -16"><span class='ocrx_word' id='word_1_18' title='bbox 46 381 135 437; x_wconf 86' lang='lat' dir='ltr'>Nig</span> <span class='ocrx_word' id='word_1_19' title='bbox 140 383 219 423; x_wconf 88' lang='lat' dir='ltr'>rin</span> <span class='ocrx_word' id='word_1_20' title='bbox 243 380 566 431; x_wconf 66' lang='lat' dir='ltr'><strong>§.27.R131Tz.</strong></span> 
     </span>
    </p>

    <p class='ocr_par' dir='ltr' id='par_1_3' title="bbox 41 433 1513 2183">
     <span class='ocr_line' id='line_1_4' title="bbox 157 433 1509 506; baseline 0.001 -29"><span class='ocrx_word' id='word_1_21' title='bbox 157 437 399 480; x_wconf 76' lang='lat' dir='ltr'><strong>Ead.1.11.</strong></span> <span class='ocrx_word' id='word_1_22' title='bbox 439 433 605 506; x_wconf 70' lang='lat' dir='ltr'>Avtdg)</span> <span class='ocrx_word' id='word_1_23' title='bbox 635 434 882 475; x_wconf 81' lang='lat' dir='ltr'>Necessaria</span> <span class='ocrx_word' id='word_1_24' title='bbox 912 435 1084 475; x_wconf 86' lang='lat' dir='ltr'>videtur</span> <span class='ocrx_word' id='word_1_25' title='bbox 1117 437 1273 478; x_wconf 79' lang='lat' dir='ltr'>Vorstii</span> <span class='ocrx_word' id='word_1_26' title='bbox 1305 440 1509 480; x_wconf 82' lang='lat' dir='ltr'>emenda-</span> 
     </span>
     <span class='ocr_line' id='line_1_5' title="bbox 45 490 1512 547; baseline 0.001 -13"><span class='ocrx_word' id='word_1_27' title='bbox 45 496 134 546; x_wconf 90' lang='lat' dir='ltr'>tio,</span> <span class='ocrx_word' id='word_1_28' title='bbox 167 493 391 534; x_wconf 82' lang='lat' dir='ltr'>scribentis</span> <span class='ocrx_word' id='word_1_29' title='bbox 411 490 573 541; x_wconf 75' lang='grc' dir='ltr'><strong>αὐτούς.</strong></span> <span class='ocrx_word' id='word_1_30' title='bbox 633 492 764 531; x_wconf 87' lang='lat' dir='ltr'>Ratio</span> <span class='ocrx_word' id='word_1_31' title='bbox 790 492 836 530; x_wconf 91' lang='lat' dir='ltr'>in</span> <span class='ocrx_word' id='word_1_32' title='bbox 864 503 1032 545; x_wconf 87' lang='lat' dir='ltr'>promtu</span> <span class='ocrx_word' id='word_1_33' title='bbox 1054 503 1128 535; x_wconf 84' lang='lat' dir='ltr'>est</span> <span class='ocrx_word' id='word_1_34' title='bbox 1188 494 1297 547; x_wconf 86' lang='lat' dir='ltr'>Quis</span> <span class='ocrx_word' id='word_1_35' title='bbox 1318 497 1427 534; x_wconf 87' lang='lat' dir='ltr'>enim</span> <span class='ocrx_word' id='word_1_36' title='bbox 1453 500 1512 539; x_wconf 85' lang='lat' dir='ltr'>fe</span> 
     </span>
     <span class='ocr_line' id='line_1_6' title="bbox 44 547 1512 601; baseline 0.002 -11"><span class='ocrx_word' id='word_1_37' title='bbox 44 563 109 590; x_wconf 84' lang='lat' dir='ltr'>rat</span> <span class='ocrx_word' id='word_1_38' title='bbox 131 551 295 590; x_wconf 86' lang='lat' dir='ltr'>nescire</span> <span class='ocrx_word' id='word_1_39' title='bbox 318 564 406 589; x_wconf 86' lang='lat' dir='ltr'>sese</span> <span class='ocrx_word' id='word_1_40' title='bbox 429 548 662 598; x_wconf 86' lang='lat' dir='ltr'><strong>dicentem,</strong></span> <span class='ocrx_word' id='word_1_41' title='bbox 698 547 813 601; x_wconf 89' lang='lat' dir='ltr'>quod</span> <span class='ocrx_word' id='word_1_42' title='bbox 847 559 984 588; x_wconf 85' lang='lat' dir='ltr'>tamen</span> <span class='ocrx_word' id='word_1_43' title='bbox 1017 564 1103 588; x_wconf 90' lang='lat' dir='ltr'>uno</span> <span class='ocrx_word' id='word_1_44' title='bbox 1140 549 1278 589; x_wconf 87' lang='lat' dir='ltr'>halitu</span> <span class='ocrx_word' id='word_1_45' title='bbox 1314 567 1512 593; x_wconf 77' lang='lat' dir='ltr'>enarrans</span> 
     </span>
     <span class='ocr_line' id='line_1_7' title="bbox 47 605 1512 657; baseline 0.003 -11"><span class='ocrx_word' id='word_1_46' title='bbox 47 605 303 647; x_wconf 76' lang='lat' dir='ltr'>inducitur?</span> <span class='ocrx_word' id='word_1_47' title='bbox 349 606 475 644; x_wconf 87' lang='lat' dir='ltr'><strong>Absit</strong></span> <span class='ocrx_word' id='word_1_48' title='bbox 498 615 653 655; x_wconf 82' lang='lat' dir='ltr'>autem,</span> <span class='ocrx_word' id='word_1_49' title='bbox 681 614 742 653; x_wconf 85' lang='lat' dir='ltr'>ut,</span> <span class='ocrx_word' id='word_1_50' title='bbox 775 614 872 657; x_wconf 86' lang='lat' dir='ltr'>post</span> <span class='ocrx_word' id='word_1_51' title='bbox 892 606 1062 645; x_wconf 82' lang='lat' dir='ltr'><em>Leonem</em></span> <span class='ocrx_word' id='word_1_52' title='bbox 1080 605 1282 646; x_wconf 76' lang='lat' dir='ltr'>Allaiinm</span> <span class='ocrx_word' id='word_1_53' title='bbox 1309 619 1381 647; x_wconf 83' lang='lat' dir='ltr'>aut</span> <span class='ocrx_word' id='word_1_54' title='bbox 1407 609 1512 650; x_wconf 73' lang='lat' dir='ltr'>Cres-</span> 
     </span>
     <span class='ocr_line' id='line_1_8' title="bbox 44 660 1510 714; baseline 0.001 -10"><span class='ocrx_word' id='word_1_55' title='bbox 44 664 224 714; x_wconf 68' lang='lat' dir='ltr'>sollium,</span> <span class='ocrx_word' id='word_1_56' title='bbox 259 664 379 714; x_wconf 83' lang='lat' dir='ltr'>(uter</span> <span class='ocrx_word' id='word_1_57' title='bbox 403 662 515 701; x_wconf 89' lang='lat' dir='ltr'>enim</span> <span class='ocrx_word' id='word_1_58' title='bbox 538 661 689 701; x_wconf 89' lang='lat' dir='ltr'>horum</span> <span class='ocrx_word' id='word_1_59' title='bbox 711 660 794 699; x_wconf 89' lang='lat' dir='ltr'>hoc</span> <span class='ocrx_word' id='word_1_60' title='bbox 826 663 1097 708; x_wconf 88' lang='lat' dir='ltr'>asseverarit,</span> <span class='ocrx_word' id='word_1_61' title='bbox 1141 679 1227 702; x_wconf 86' lang='lat' dir='ltr'>non</span> <span class='ocrx_word' id='word_1_62' title='bbox 1260 666 1362 703; x_wconf 85' lang='lat' dir='ltr'>satis</span> <span class='ocrx_word' id='word_1_63' title='bbox 1397 680 1510 706; x_wconf 79' lang='lat' dir='ltr'>certo</span> 
     </span>
     <span class='ocr_line' id='line_1_9' title="bbox 44 717 1511 772; baseline -0.001 -13"><span class='ocrx_word' id='word_1_64' title='bbox 44 718 375 772; x_wconf 78' lang='lat' dir='ltr'>annotavimus)</span> <span class='ocrx_word' id='word_1_65' title='bbox 408 717 480 756; x_wconf 82' lang='lat' dir='ltr'>hic</span> <span class='ocrx_word' id='word_1_66' title='bbox 501 717 545 757; x_wconf 87' lang='lat' dir='ltr'>id</span> <span class='ocrx_word' id='word_1_67' title='bbox 565 731 750 772; x_wconf 80' lang='lat' dir='ltr'>agamuS,</span> <span class='ocrx_word' id='word_1_68' title='bbox 781 727 830 756; x_wconf 90' lang='lat' dir='ltr'>ut</span> <span class='ocrx_word' id='word_1_69' title='bbox 849 718 1138 771; x_wconf 81' lang='lat' dir='ltr'>Babylonium</span> <span class='ocrx_word' id='word_1_70' title='bbox 1160 735 1245 759; x_wconf 87' lang='lat' dir='ltr'>non</span> <span class='ocrx_word' id='word_1_71' title='bbox 1270 722 1402 761; x_wconf 87' lang='lat' dir='ltr'>fuisse</span> <span class='ocrx_word' id='word_1_72' title='bbox 1423 723 1511 763; x_wconf 85' lang='lat' dir='ltr'>Ho.</span> 
     </span>
     <span class='ocr_line' id='line_1_10' title="bbox 43 774 1508 828; baseline 0.001 -12"><span class='ocrx_word' id='word_1_73' title='bbox 43 793 189 816; x_wconf 83' lang='lat' dir='ltr'>merum</span> <span class='ocrx_word' id='word_1_74' title='bbox 218 775 565 815; x_wconf 81' lang='lat' dir='ltr'><strong>demonstremus,</strong></span> <span class='ocrx_word' id='word_1_75' title='bbox 625 774 726 814; x_wconf 90' lang='lat' dir='ltr'>Non</span> <span class='ocrx_word' id='word_1_76' title='bbox 767 774 881 813; x_wconf 88' lang='lat' dir='ltr'>enim</span> <span class='ocrx_word' id='word_1_77' title='bbox 914 784 1053 814; x_wconf 85' lang='lat' dir='ltr'>mente</span> <span class='ocrx_word' id='word_1_78' title='bbox 1093 778 1228 828; x_wconf 88' lang='lat' dir='ltr'>captis</span> <span class='ocrx_word' id='word_1_79' title='bbox 1270 778 1508 821; x_wconf 83' lang='lat' dir='ltr'>scribimus.</span> 
     </span>
     <span class='ocr_line' id='line_1_11' title="bbox 42 829 1508 901; baseline 0.001 -28"><span class='ocrx_word' id='word_1_80' title='bbox 42 833 143 873; x_wconf 83' lang='lat' dir='ltr'>Vid.</span> <span class='ocrx_word' id='word_1_81' title='bbox 165 833 256 873; x_wconf 92' lang='lat' dir='ltr'>AG.</span> <span class='ocrx_word' id='word_1_82' title='bbox 277 832 332 871; x_wconf 87' lang='lat' dir='ltr'><strong>X.</strong></span> <span class='ocrx_word' id='word_1_83' title='bbox 359 837 479 875; x_wconf 83' lang='lat'><strong>1733.</strong></span> <span class='ocrx_word' id='word_1_84' title='bbox 504 831 661 869; x_wconf 88' lang='lat' dir='ltr'>Chium</span> <span class='ocrx_word' id='word_1_85' title='bbox 686 829 844 880; x_wconf 86' lang='lat' dir='ltr'>fuisse,</span> <span class='ocrx_word' id='word_1_86' title='bbox 890 834 982 869; x_wconf 89' lang='lat' dir='ltr'>vult</span> <span class='ocrx_word' id='word_1_87' title='bbox 1004 831 1224 901; x_wconf 75' lang='lat' dir='ltr'><em>Simonides</em></span> <span class='ocrx_word' id='word_1_88' title='bbox 1242 833 1352 886; x_wconf 88' lang='lat' dir='ltr'>apud</span> <span class='ocrx_word' id='word_1_89' title='bbox 1377 835 1508 889; x_wconf 78' lang='lat' dir='ltr'>Steplz</span> 
     </span>
     <span class='ocr_line' id='line_1_12' title="bbox 43 885 1508 945; baseline -0.002 -17"><span class='ocrx_word' id='word_1_90' title='bbox 43 890 89 928; x_wconf 88' lang='lat' dir='ltr'>in</span> <span class='ocrx_word' id='word_1_91' title='bbox 111 890 259 941; x_wconf 87' lang='lat' dir='ltr'>Lyric.</span> <span class='ocrx_word' id='word_1_92' title='bbox 281 902 321 941; x_wconf 89' lang='lat' dir='ltr'>p.</span> <span class='ocrx_word' id='word_1_93' title='bbox 349 892 443 931; x_wconf 87' lang='lat'><strong>119.</strong></span> <span class='ocrx_word' id='word_1_94' title='bbox 475 888 640 926; x_wconf 73' lang='lat' dir='ltr'><strong>SOLAN.</strong></span> <span class='ocrx_word' id='word_1_95' title='bbox 699 888 887 939; x_wconf 84' lang='lat' dir='ltr'>Recepta</span> <span class='ocrx_word' id='word_1_96' title='bbox 909 888 1062 936; x_wconf 84' lang='lat' dir='ltr'>lectio,</span> <span class='ocrx_word' id='word_1_97' title='bbox 1098 885 1219 937; x_wconf 74' lang='grc' dir='ltr'><em>αὐτὸς</em></span> <span class='ocrx_word' id='word_1_98' title='bbox 1243 891 1312 942; x_wconf 82' lang='grc' dir='ltr'>μὲν</span> <span class='ocrx_word' id='word_1_99' title='bbox 1334 888 1508 945; x_wconf 43' lang='grc' dir='ltr'>αγυοεῑῖ,</span> 
     </span>
     <span class='ocr_line' id='line_1_13' title="bbox 42 942 1511 998; baseline 0.002 -14"><span class='ocrx_word' id='word_1_100' title='bbox 42 946 173 984; x_wconf 88' lang='lat' dir='ltr'>nimis</span> <span class='ocrx_word' id='word_1_101' title='bbox 197 954 340 998; x_wconf 85' lang='lat' dir='ltr'>aperte</span> <span class='ocrx_word' id='word_1_102' title='bbox 362 942 619 982; x_wconf 85' lang='lat' dir='ltr'>contradicit</span> <span class='ocrx_word' id='word_1_103' title='bbox 644 943 687 981; x_wconf 83' lang='lat' dir='ltr'>bi</span> <span class='ocrx_word' id='word_1_104' title='bbox 677 958 709 981; x_wconf 80' lang='lat' dir='ltr'>&#39;s</span> <span class='ocrx_word' id='word_1_105' title='bbox 725 975 737 993; x_wconf 62' lang='lat'><em>9</em></span> <span class='ocrx_word' id='word_1_106' title='bbox 778 957 885 996; x_wconf 88' lang='lat' dir='ltr'>quae</span> <span class='ocrx_word' id='word_1_107' title='bbox 907 944 1046 981; x_wconf 80' lang='lat' dir='ltr'>statim</span> <span class='ocrx_word' id='word_1_108' title='bbox 1068 956 1319 998; x_wconf 88' lang='lat' dir='ltr'>sequuntur.</span> <span class='ocrx_word' id='word_1_109' title='bbox 1381 949 1511 988; x_wconf 81' lang='lat' dir='ltr'>Plane</span> 
     </span>
     <span class='ocr_line' id='line_1_14' title="bbox 41 997 1511 1055; baseline 0.003 -15"><span class='ocrx_word' id='word_1_110' title='bbox 41 1001 271 1040; x_wconf 89' lang='lat' dir='ltr'>indubium</span> <span class='ocrx_word' id='word_1_111' title='bbox 291 999 399 1039; x_wconf 90' lang='lat' dir='ltr'>mihi</span> <span class='ocrx_word' id='word_1_112' title='bbox 421 1010 506 1048; x_wconf 85' lang='lat' dir='ltr'>est,</span> <span class='ocrx_word' id='word_1_113' title='bbox 548 998 713 1039; x_wconf 84' lang='lat' dir='ltr'><strong>dedisse</strong></span> <span class='ocrx_word' id='word_1_114' title='bbox 733 1000 954 1039; x_wconf 81' lang='lat' dir='ltr'>Lucianum</span> <span class='ocrx_word' id='word_1_115' title='bbox 982 997 1150 1051; x_wconf 70' lang='grc' dir='ltr'><em>αὐτούς,</em></span> <span class='ocrx_word' id='word_1_116' title='bbox 1186 1002 1302 1055; x_wconf 86' lang='lat' dir='ltr'>quod</span> <span class='ocrx_word' id='word_1_117' title='bbox 1330 1005 1511 1044; x_wconf 74' lang='lat' dir='ltr'>refeltur</span> 
     </span>
     <span class='ocr_line' id='line_1_15' title="bbox 43 1055 1510 1111; baseline 0.003 -16"><span class='ocrx_word' id='word_1_118' title='bbox 43 1057 97 1097; x_wconf 85' lang='lat' dir='ltr'>ad</span> <span class='ocrx_word' id='word_1_119' title='bbox 121 1062 336 1111; x_wconf 79' lang='grc' dir='ltr'><em>ζητοῦντας</em></span> <span class='ocrx_word' id='word_1_120' title='bbox 355 1071 426 1096; x_wconf 90' lang='lat' dir='ltr'>seu</span> <span class='ocrx_word' id='word_1_121' title='bbox 449 1055 738 1110; x_wconf 87' lang='lat' dir='ltr'>disputantes,</span> <span class='ocrx_word' id='word_1_122' title='bbox 781 1057 924 1107; x_wconf 85' lang='lat' dir='ltr'>synesi</span> <span class='ocrx_word' id='word_1_123' title='bbox 947 1071 1032 1096; x_wconf 88' lang='lat' dir='ltr'>non</span> <span class='ocrx_word' id='word_1_124' title='bbox 1055 1057 1267 1107; x_wconf 81' lang='lat' dir='ltr'>abstrusa,</span> <span class='ocrx_word' id='word_1_125' title='bbox 1301 1074 1379 1098; x_wconf 87' lang='lat' dir='ltr'>nec</span> <span class='ocrx_word' id='word_1_126' title='bbox 1400 1060 1510 1100; x_wconf 86' lang='lat' dir='ltr'>diffi-</span> 
     </span>
     <span class='ocr_line' id='line_1_16' title="bbox 43 1113 1508 1166; baseline 0.003 -13"><span class='ocrx_word' id='word_1_127' title='bbox 43 1114 132 1154; x_wconf 88' lang='lat' dir='ltr'><strong>cili.</strong></span> <span class='ocrx_word' id='word_1_128' title='bbox 194 1115 321 1154; x_wconf 84' lang='lat' dir='ltr'><strong>Certe</strong></span> <span class='ocrx_word' id='word_1_129' title='bbox 340 1114 400 1151; x_wconf 86' lang='lat' dir='ltr'>sic</span> <span class='ocrx_word' id='word_1_130' title='bbox 428 1114 728 1166; x_wconf 84' lang='lat' dir='ltr'>interpretatus</span> <span class='ocrx_word' id='word_1_131' title='bbox 748 1126 854 1152; x_wconf 87' lang='lat' dir='ltr'>sum.</span> <span class='ocrx_word' id='word_1_132' title='bbox 888 1113 1026 1154; x_wconf 63' lang='lat' dir='ltr'><strong>GEsN.</strong></span> <span class='ocrx_word' id='word_1_133' title='bbox 1093 1114 1250 1154; x_wconf 77' lang='lat' dir='ltr'>Gesner-i</span> <span class='ocrx_word' id='word_1_134' title='bbox 1267 1116 1508 1157; x_wconf 80' lang='lat' dir='ltr'>emendatio</span> 
     </span>
     <span class='ocr_line' id='line_1_17' title="bbox 42 1169 1507 1224; baseline 0.001 -14"><span class='ocrx_word' id='word_1_135' title='bbox 42 1169 150 1210; x_wconf 82' lang='lat' dir='ltr'>adeo</span> <span class='ocrx_word' id='word_1_136' title='bbox 184 1179 248 1210; x_wconf 91' lang='lat' dir='ltr'>est</span> <span class='ocrx_word' id='word_1_137' title='bbox 281 1169 538 1218; x_wconf 82' lang='lat' dir='ltr'>necessaria,</span> <span class='ocrx_word' id='word_1_138' title='bbox 578 1179 626 1207; x_wconf 89' lang='lat' dir='ltr'>ut</span> <span class='ocrx_word' id='word_1_139' title='bbox 660 1183 747 1208; x_wconf 91' lang='lat' dir='ltr'>eam</span> <span class='ocrx_word' id='word_1_140' title='bbox 780 1169 989 1219; x_wconf 82' lang='lat' dir='ltr'>recipere,</span> <span class='ocrx_word' id='word_1_141' title='bbox 1036 1170 1162 1208; x_wconf 83' lang='lat' dir='ltr'>etiam</span> <span class='ocrx_word' id='word_1_142' title='bbox 1185 1172 1337 1210; x_wconf 88' lang='lat' dir='ltr'>invitis</span> <span class='ocrx_word' id='word_1_143' title='bbox 1360 1173 1507 1224; x_wconf 83' lang='lat' dir='ltr'>libris,</span> 
     </span>
     <span class='ocr_line' id='line_1_18' title="bbox 42 1225 1510 1280; baseline 0.002 -15"><span class='ocrx_word' id='word_1_144' title='bbox 42 1226 156 1265; x_wconf 83' lang='lat' dir='ltr'>nihil</span> <span class='ocrx_word' id='word_1_145' title='bbox 181 1225 425 1268; x_wconf 85' lang='lat' dir='ltr'>dubitarim.</span> <span class='ocrx_word' id='word_1_146' title='bbox 487 1225 568 1265; x_wconf 85' lang='lat' dir='ltr'>Sed</span> <span class='ocrx_word' id='word_1_147' title='bbox 595 1236 635 1265; x_wconf 85' lang='lat' dir='ltr'>et</span> <span class='ocrx_word' id='word_1_148' title='bbox 661 1226 845 1264; x_wconf 61' lang='lat' dir='ltr'>ls&#39;orstius</span> <span class='ocrx_word' id='word_1_149' title='bbox 867 1225 909 1262; x_wconf 89' lang='lat' dir='ltr'>in</span> <span class='ocrx_word' id='word_1_150' title='bbox 933 1241 1056 1280; x_wconf 84' lang='lat' dir='ltr'>marg.</span> <span class='ocrx_word' id='word_1_151' title='bbox 1080 1227 1141 1264; x_wconf 87' lang='lat' dir='ltr'>sic</span> <span class='ocrx_word' id='word_1_152' title='bbox 1164 1228 1432 1279; x_wconf 85' lang='lat' dir='ltr'>emendarat,</span> <span class='ocrx_word' id='word_1_153' title='bbox 1467 1242 1510 1270; x_wconf 86' lang='lat' dir='ltr'>et</span> 
     </span>
     <span class='ocr_line' id='line_1_19' title="bbox 44 1281 1510 1337; baseline 0.001 -15"><span class='ocrx_word' id='word_1_154' title='bbox 44 1283 151 1325; x_wconf 87' lang='lat' dir='ltr'>Cod.</span> <span class='ocrx_word' id='word_1_155' title='bbox 172 1283 270 1322; x_wconf 78' lang='lat' dir='ltr'><strong>Pell.</strong></span> <span class='ocrx_word' id='word_1_156' title='bbox 290 1282 597 1322; x_wconf 77' lang='lat' dir='ltr'>correctionem</span> <span class='ocrx_word' id='word_1_157' title='bbox 620 1281 766 1323; x_wconf 85' lang='lat' dir='ltr'>firmat.</span> <span class='ocrx_word' id='word_1_158' title='bbox 827 1282 893 1319; x_wconf 80' lang='lat' dir='ltr'>La</span> <span class='ocrx_word' id='word_1_159' title='bbox 916 1281 1034 1321; x_wconf 73' lang='lat' dir='ltr'>Croze</span> <span class='ocrx_word' id='word_1_160' title='bbox 1053 1282 1350 1336; x_wconf 79' lang='lat' dir='ltr'>adscripscrat,</span> <span class='ocrx_word' id='word_1_161' title='bbox 1383 1288 1510 1337; x_wconf 72' lang='grc' dir='ltr'>ἔφασ-</span> 
     </span>
     <span class='ocr_line' id='line_1_20' title="bbox 42 1338 1509 1407; baseline 0 -25"><span class='ocrx_word' id='word_1_162' title='bbox 42 1357 116 1382; x_wconf 82' lang='grc' dir='ltr'>κον</span> <span class='ocrx_word' id='word_1_163' title='bbox 137 1338 388 1394; x_wconf 82' lang='lat' dir='ltr'>legendum:</span> <span class='ocrx_word' id='word_1_164' title='bbox 423 1338 538 1391; x_wconf 87' lang='lat' dir='ltr'>quod</span> <span class='ocrx_word' id='word_1_165' title='bbox 563 1338 641 1376; x_wconf 82' lang='lat' dir='ltr'>etsi</span> <span class='ocrx_word' id='word_1_166' title='bbox 672 1348 858 1390; x_wconf 79' lang='lat' dir='ltr'>praestat</span> <span class='ocrx_word' id='word_1_167' title='bbox 882 1341 1100 1407; x_wconf 81' lang='lat' dir='ltr'>vulgatae</span> <span class='ocrx_word' id='word_1_168' title='bbox 1131 1350 1272 1379; x_wconf 87' lang='lat' dir='ltr'>tamen</span> <span class='ocrx_word' id='word_1_169' title='bbox 1297 1356 1382 1380; x_wconf 90' lang='lat' dir='ltr'>non</span> <span class='ocrx_word' id='word_1_170' title='bbox 1406 1344 1509 1382; x_wconf 83' lang='lat' dir='ltr'>satis</span> 
     </span>
     <span class='ocr_line' id='line_1_21' title="bbox 42 1391 1509 1453; baseline 0.005 -19"><span class='ocrx_word' id='word_1_171' title='bbox 42 1399 214 1450; x_wconf 87' lang='lat' dir='ltr'>planum</span> <span class='ocrx_word' id='word_1_172' title='bbox 239 1395 378 1434; x_wconf 83' lang='lat' dir='ltr'>reddit</span> <span class='ocrx_word' id='word_1_173' title='bbox 403 1396 780 1436; x_wconf 79' lang='lat' dir='ltr'>sensum,R1-:1Tz.</span> <span class='ocrx_word' id='word_1_174' title='bbox 837 1391 881 1435; x_wconf 72' lang='lat' dir='ltr'>‘O</span> <span class='ocrx_word' id='word_1_175' title='bbox 905 1396 943 1436; x_wconf 55' lang='lat' dir='ltr'>&amp;a</span> <span class='ocrx_word' id='word_1_176' title='bbox 966 1395 1083 1444; x_wconf 76' lang='grc' dir='ltr'><em>αὐτὸς</em></span> <span class='ocrx_word' id='word_1_177' title='bbox 1105 1397 1174 1448; x_wconf 77' lang='grc' dir='ltr'>μὲν</span> <span class='ocrx_word' id='word_1_178' title='bbox 1199 1395 1315 1451; x_wconf 76' lang='grc' dir='ltr'><em>ἅγνοε</em></span> <span class='ocrx_word' id='word_1_179' title='bbox 1320 1404 1357 1439; x_wconf 85' lang='grc' dir='ltr'>ῖν</span> <span class='ocrx_word' id='word_1_180' title='bbox 1388 1401 1509 1453; x_wconf 64' lang='grc' dir='ltr'><em>ξ’·φασ</em></span> 
     </span>
     <span class='ocr_line' id='line_1_22' title="bbox 41 1450 1508 1526; baseline 0 -32"><span class='ocrx_word' id='word_1_181' title='bbox 41 1455 220 1495; x_wconf 85' lang='grc' dir='ltr'><em>κεν·οἷ</em></span> <span class='ocrx_word' id='word_1_182' title='bbox 252 1469 298 1505; x_wconf 75' lang='grc' dir='ltr'>με</span> <span class='ocrx_word' id='word_1_183' title='bbox 284 1453 324 1493; x_wconf 69' lang='grc' dir='ltr'>ἐν</span> <span class='ocrx_word' id='word_1_184' title='bbox 349 1450 424 1506; x_wconf 76' lang='grc' dir='ltr'>γὰρ</span> <span class='ocrx_word' id='word_1_185' title='bbox 456 1456 583 1500; x_wconf 87' lang='grc' dir='ltr'><em>Χῖον,</em></span> <span class='ocrx_word' id='word_1_186' title='bbox 623 1469 657 1493; x_wconf 84' lang='grc' dir='ltr'><strong>κ.</strong></span> <span class='ocrx_word' id='word_1_187' title='bbox 676 1469 710 1495; x_wconf 89' lang='grc' dir='ltr'><strong>τ.</strong></span> <span class='ocrx_word' id='word_1_188' title='bbox 732 1456 767 1492; x_wconf 84' lang='grc' dir='ltr'><strong>λ.</strong></span> <span class='ocrx_word' id='word_1_189' title='bbox 825 1451 893 1490; x_wconf 82' lang='lat' dir='ltr'>Ita</span> <span class='ocrx_word' id='word_1_190' title='bbox 925 1451 1028 1490; x_wconf 88' lang='lat' dir='ltr'>haec</span> <span class='ocrx_word' id='word_1_191' title='bbox 1063 1456 1192 1507; x_wconf 80' lang='lat' dir='ltr'>vulgo</span> <span class='ocrx_word' id='word_1_192' title='bbox 1226 1455 1508 1526; x_wconf 37' lang='grc' dir='ltr'>,ΙΘμεὺεηωιῃ</span> 
     </span>
     <span class='ocr_line' id='line_1_23' title="bbox 44 1506 1509 1562; baseline 0.001 -14"><span class='ocrx_word' id='word_1_193' title='bbox 44 1508 220 1548; x_wconf 82' lang='lat' dir='ltr'>absurde</span> <span class='ocrx_word' id='word_1_194' title='bbox 239 1507 381 1548; x_wconf 90' lang='lat' dir='ltr'>nimis.</span> <span class='ocrx_word' id='word_1_195' title='bbox 437 1507 571 1547; x_wconf 72' lang='lat' dir='ltr'>Reitz‘</span> <span class='ocrx_word' id='word_1_196' title='bbox 557 1525 615 1546; x_wconf 67' lang='lat' dir='ltr'>tus</span> <span class='ocrx_word' id='word_1_197' title='bbox 641 1508 775 1562; x_wconf 84' lang='lat' dir='ltr'>igitur</span> <span class='ocrx_word' id='word_1_198' title='bbox 803 1506 925 1556; x_wconf 73' lang='grc' dir='ltr'><em>αὐτὸς</em></span> <span class='ocrx_word' id='word_1_199' title='bbox 946 1519 1108 1546; x_wconf 77' lang='lat' dir='ltr'>mutatu</span> <span class='ocrx_word' id='word_1_200' title='bbox 1114 1524 1152 1546; x_wconf 87' lang='lat' dir='ltr'>m</span> <span class='ocrx_word' id='word_1_201' title='bbox 1174 1509 1255 1549; x_wconf 82' lang='lat' dir='ltr'>ivit</span> <span class='ocrx_word' id='word_1_202' title='bbox 1279 1512 1322 1548; x_wconf 84' lang='lat' dir='ltr'>in</span> <span class='ocrx_word' id='word_1_203' title='bbox 1346 1510 1509 1560; x_wconf 73' lang='grc' dir='ltr'><em>αὐτούς</em></span> 
     </span>
     <span class='ocr_line' id='line_1_24' title="bbox 41 1563 1510 1618; baseline 0.003 -13"><span class='ocrx_word' id='word_1_204' title='bbox 41 1566 195 1618; x_wconf 89' lang='lat' dir='ltr'>Neque</span> <span class='ocrx_word' id='word_1_205' title='bbox 214 1565 276 1603; x_wconf 88' lang='lat' dir='ltr'>sic</span> <span class='ocrx_word' id='word_1_206' title='bbox 298 1574 438 1603; x_wconf 88' lang='lat' dir='ltr'>tamen</span> <span class='ocrx_word' id='word_1_207' title='bbox 458 1563 642 1603; x_wconf 85' lang='lat' dir='ltr'>rotunda</span> <span class='ocrx_word' id='word_1_208' title='bbox 661 1564 763 1602; x_wconf 82' lang='lat' dir='ltr'>satis</span> <span class='ocrx_word' id='word_1_209' title='bbox 784 1564 930 1603; x_wconf 84' lang='lat' dir='ltr'>exibat</span> <span class='ocrx_word' id='word_1_210' title='bbox 951 1568 1101 1614; x_wconf 65' lang='lat' dir='ltr'>oratio,</span> <span class='ocrx_word' id='word_1_211' title='bbox 1137 1566 1251 1618; x_wconf 90' lang='lat' dir='ltr'>quod</span> <span class='ocrx_word' id='word_1_212' title='bbox 1273 1571 1510 1609; x_wconf 83' lang='lat' dir='ltr'>accuratius</span> 
     </span>
     <span class='ocr_line' id='line_1_25' title="bbox 42 1580 1507 1673; baseline 0.002 -12"><span class='ocrx_word' id='word_1_213' title='bbox 42 1580 334 1662; x_wconf 74' lang='lat' dir='ltr'>conqsideranti</span> <span class='ocrx_word' id='word_1_214' title='bbox 358 1621 484 1659; x_wconf 88' lang='lat' dir='ltr'>facile</span> <span class='ocrx_word' id='word_1_215' title='bbox 511 1620 689 1673; x_wconf 83' lang='lat' dir='ltr'>patebit.</span> <span class='ocrx_word' id='word_1_216' title='bbox 750 1620 901 1659; x_wconf 86' lang='lat' dir='ltr'>Veram</span> <span class='ocrx_word' id='word_1_217' title='bbox 931 1598 1108 1660; x_wconf 71' lang='lat' dir='ltr'>Luciani&#39;</span> <span class='ocrx_word' id='word_1_218' title='bbox 1138 1636 1303 1661; x_wconf 87' lang='lat' dir='ltr'>manum</span> <span class='ocrx_word' id='word_1_219' title='bbox 1339 1625 1507 1664; x_wconf 76' lang='lat' dir='ltr'>tandem</span> 
     </span>
     <span class='ocr_line' id='line_1_26' title="bbox 43 1675 1508 1731; baseline 0.003 -15"><span class='ocrx_word' id='word_1_220' title='bbox 43 1678 245 1719; x_wconf 86' lang='lat' dir='ltr'>exhibuit</span> <span class='ocrx_word' id='word_1_221' title='bbox 272 1675 437 1716; x_wconf 80' lang='lat' dir='ltr'>Belinus</span> <span class='ocrx_word' id='word_1_222' title='bbox 468 1691 523 1715; x_wconf 84' lang='lat' dir='ltr'>ex</span> <span class='ocrx_word' id='word_1_223' title='bbox 557 1678 668 1719; x_wconf 69' lang='lat' dir='ltr'>iviss.</span> <span class='ocrx_word' id='word_1_224' title='bbox 698 1677 830 1731; x_wconf 82' lang='lat' dir='ltr'><strong>Regg.</strong></span> <span class='ocrx_word' id='word_1_225' title='bbox 861 1681 985 1720; x_wconf 82' lang='grc'><strong>2954.</strong></span> <span class='ocrx_word' id='word_1_226' title='bbox 1014 1687 1055 1716; x_wconf 87' lang='lat' dir='ltr'>et</span> <span class='ocrx_word' id='word_1_227' title='bbox 1077 1684 1199 1721; x_wconf 86' lang='grc'><strong>3011</strong></span> <span class='ocrx_word' id='word_1_228' title='bbox 1232 1680 1328 1718; x_wconf 73' lang='grc' dir='ltr'>ΒΞΡ.</span> <span class='ocrx_word' id='word_1_229' title='bbox 1390 1683 1508 1721; x_wconf 82' lang='lat' dir='ltr'>Ferri</span> 
     </span>
     <span class='ocr_line' id='line_1_27' title="bbox 43 1733 1509 1802; baseline 0.001 -29"><span class='ocrx_word' id='word_1_230' title='bbox 43 1735 149 1773; x_wconf 83' lang='lat' dir='ltr'>haec</span> <span class='ocrx_word' id='word_1_231' title='bbox 181 1742 402 1788; x_wconf 90' lang='lat' dir='ltr'>poterant·</span> <span class='ocrx_word' id='word_1_232' title='bbox 451 1733 524 1772; x_wconf 86' lang='lat' dir='ltr'>sed</span> <span class='ocrx_word' id='word_1_233' title='bbox 552 1734 679 1773; x_wconf 90' lang='lat' dir='ltr'>unice</span> <span class='ocrx_word' id='word_1_234' title='bbox 709 1748 847 1802; x_wconf 80' lang='lat' dir='ltr'>⁷veram</span> <span class='ocrx_word' id='word_1_235' title='bbox 880 1736 1108 1773; x_wconf 84' lang='lat' dir='ltr'>lectionem</span> <span class='ocrx_word' id='word_1_236' title='bbox 1142 1736 1345 1787; x_wconf 86' lang='lat' dir='ltr'>praebent</span> <span class='ocrx_word' id='word_1_237' title='bbox 1372 1738 1509 1778; x_wconf 88' lang='lat' dir='ltr'>Codd</span> 
     </span>
     <span class='ocr_line' id='line_1_28' title="bbox 44 1786 1510 1844; baseline 0.002 -15"><span class='ocrx_word' id='word_1_238' title='bbox 44 1792 156 1844; x_wconf 84' lang='lat' dir='ltr'>Aug</span> <span class='ocrx_word' id='word_1_239' title='bbox 188 1799 230 1829; x_wconf 88' lang='lat' dir='ltr'>et</span> <span class='ocrx_word' id='word_1_240' title='bbox 260 1789 380 1829; x_wconf 86' lang='lat' dir='ltr'>Gorl.</span> <span class='ocrx_word' id='word_1_241' title='bbox 417 1806 437 1830; x_wconf 92' lang='grc' dir='ltr'>ο</span> <span class='ocrx_word' id='word_1_242' title='bbox 470 1791 510 1830; x_wconf 81' lang='grc' dir='ltr'>δὲ</span> <span class='ocrx_word' id='word_1_243' title='bbox 538 1786 633 1830; x_wconf 84' lang='grc' dir='ltr'><strong>ουδ’</strong></span> <span class='ocrx_word' id='word_1_244' title='bbox 667 1786 790 1831; x_wconf 83' lang='grc' dir='ltr'><em>αυτὸν</em></span> <span class='ocrx_word' id='word_1_245' title='bbox 818 1800 896 1830; x_wconf 88' lang='lat' dir='ltr'>etc.</span> <span class='ocrx_word' id='word_1_246' title='bbox 958 1789 1294 1829; x_wconf 83' lang='lat' dir='ltr'>Desiderabatur</span> <span class='ocrx_word' id='word_1_247' title='bbox 1328 1795 1440 1832; x_wconf 88' lang='lat' dir='ltr'>enim</span> <span class='ocrx_word' id='word_1_248' title='bbox 1466 1796 1510 1832; x_wconf 87' lang='lat' dir='ltr'>iu</span> 
     </span>
     <span class='ocr_line' id='line_1_29' title="bbox 43 1845 1513 1899; baseline 0.002 -12"><span class='ocrx_word' id='word_1_249' title='bbox 43 1845 480 1895; x_wconf 81' lang='lat' dir='ltr'>Belinianalectione,</span> <span class='ocrx_word' id='word_1_250' title='bbox 515 1860 636 1899; x_wconf 88' lang='lat' dir='ltr'>quam</span> <span class='ocrx_word' id='word_1_251' title='bbox 664 1861 755 1883; x_wconf 86' lang='lat' dir='ltr'>cum</span> <span class='ocrx_word' id='word_1_252' title='bbox 786 1845 903 1898; x_wconf 79' lang='lat' dir='ltr'>Rzpp.</span> <span class='ocrx_word' id='word_1_253' title='bbox 937 1847 1062 1884; x_wconf 77' lang='lat' dir='ltr'>etiam</span> <span class='ocrx_word' id='word_1_254' title='bbox 1098 1848 1368 1888; x_wconf 73' lang='lat' dir='ltr'>Sclzmiecletus</span> <span class='ocrx_word' id='word_1_255' title='bbox 1394 1866 1513 1890; x_wconf 82' lang='lat' dir='ltr'>lece-</span> 
     </span>
     <span class='ocr_line' id='line_1_30' title="bbox 46 1901 1511 1971; baseline 0.003 -30"><span class='ocrx_word' id='word_1_256' title='bbox 46 1905 135 1957; x_wconf 85' lang='lat' dir='ltr'>pit,</span> <span class='ocrx_word' id='word_1_257' title='bbox 183 1915 457 1971; x_wconf 87' lang='lat' dir='ltr'>personarum</span> <span class='ocrx_word' id='word_1_258' title='bbox 496 1901 752 1942; x_wconf 86' lang='lat' dir='ltr'>diversarum</span> <span class='ocrx_word' id='word_1_259' title='bbox 786 1902 1229 1954; x_wconf 65' lang='lat' dir='ltr'>significatio.sv10x</span> <span class='ocrx_word' id='word_1_260' title='bbox 1265 1916 1402 1944; x_wconf 89' lang='lat' dir='ltr'>autem</span> <span class='ocrx_word' id='word_1_261' title='bbox 1433 1922 1511 1959; x_wconf 75' lang='lat' dir='ltr'>pro</span> 
     </span>
     <span class='ocr_line' id='line_1_31' title="bbox 47 1959 1511 2012; baseline -0.001 -11"><span class='ocrx_word' id='word_1_262' title='bbox 47 1960 188 2001; x_wconf 88' lang='lat' dir='ltr'>verbis</span> <span class='ocrx_word' id='word_1_263' title='bbox 208 1961 249 2002; x_wconf 80' lang='grc' dir='ltr'>οἵ</span> <span class='ocrx_word' id='word_1_264' title='bbox 267 1959 336 2011; x_wconf 82' lang='grc' dir='ltr'>μὲν</span> <span class='ocrx_word' id='word_1_265' title='bbox 354 1976 429 2012; x_wconf 81' lang='grc' dir='ltr'>γαρ</span> <span class='ocrx_word' id='word_1_266' title='bbox 454 1964 542 2011; x_wconf 79' lang='grc' dir='ltr'><strong><em>χῖον</em></strong></span> <span class='ocrx_word' id='word_1_267' title='bbox 555 1969 632 1997; x_wconf 86' lang='lat' dir='ltr'>etc.</span> <span class='ocrx_word' id='word_1_268' title='bbox 668 1973 774 2011; x_wconf 83' lang='lat' dir='ltr'>quae</span> <span class='ocrx_word' id='word_1_269' title='bbox 803 1959 1029 1997; x_wconf 77' lang='lat' dir='ltr'>manifesto</span> <span class='ocrx_word' id='word_1_270' title='bbox 1050 1970 1247 2012; x_wconf 85' lang='lat' dir='ltr'>corrupta</span> <span class='ocrx_word' id='word_1_271' title='bbox 1277 1972 1399 2010; x_wconf 86' lang='lat' dir='ltr'>sunt,</span> <span class='ocrx_word' id='word_1_272' title='bbox 1435 1978 1511 2000; x_wconf 75' lang='lat' dir='ltr'>ve-</span> 
     </span>
     <span class='ocr_line' id='line_1_32' title="bbox 47 2013 1507 2071; baseline -0.002 -17"><span class='ocrx_word' id='word_1_273' title='bbox 47 2017 212 2055; x_wconf 79' lang='lat' dir='ltr'>rissime</span> <span class='ocrx_word' id='word_1_274' title='bbox 233 2015 362 2055; x_wconf 87' lang='lat' dir='ltr'>iidem</span> <span class='ocrx_word' id='word_1_275' title='bbox 387 2014 586 2053; x_wconf 73' lang='lat' dir='ltr'>Editores</span> <span class='ocrx_word' id='word_1_276' title='bbox 609 2024 786 2057; x_wconf 69' lang='lat' dir='ltr'>recentt.</span> <span class='ocrx_word' id='word_1_277' title='bbox 811 2014 1070 2067; x_wconf 70' lang='lat' dir='ltr'>scripserunt</span> <span class='ocrx_word' id='word_1_278' title='bbox 1094 2013 1148 2064; x_wconf 77' lang='grc' dir='ltr'>ὦς</span> <span class='ocrx_word' id='word_1_279' title='bbox 1169 2019 1210 2057; x_wconf 77' lang='grc' dir='ltr'>οἵ</span> <span class='ocrx_word' id='word_1_280' title='bbox 1225 2019 1294 2068; x_wconf 47' lang='lat' dir='ltr'>aiv</span> <span class='ocrx_word' id='word_1_281' title='bbox 1318 2025 1404 2071; x_wconf 68' lang='grc' dir='ltr'>χῖον</span> <span class='ocrx_word' id='word_1_282' title='bbox 1429 2031 1507 2058; x_wconf 62' lang='lat' dir='ltr'>erp</span> 
     </span>
     <span class='ocr_line' id='line_1_33' title="bbox 48 2071 1508 2128; baseline 0.001 -16"><span class='ocrx_word' id='word_1_283' title='bbox 48 2088 70 2112; x_wconf 89' lang='lat' dir='ltr'>e</span> <span class='ocrx_word' id='word_1_284' title='bbox 97 2071 233 2112; x_wconf 84' lang='lat' dir='ltr'><strong>Codd.</strong></span> <span class='ocrx_word' id='word_1_285' title='bbox 254 2072 556 2110; x_wconf 73' lang='lat' dir='ltr'>parisiensium</span> <span class='ocrx_word' id='word_1_286' title='bbox 583 2072 860 2119; x_wconf 81' lang='lat' dir='ltr'>auctoritate,</span> <span class='ocrx_word' id='word_1_287' title='bbox 896 2085 1020 2125; x_wconf 82' lang='lat' dir='ltr'>quam</span> <span class='ocrx_word' id='word_1_288' title='bbox 1042 2072 1167 2111; x_wconf 89' lang='lat' dir='ltr'>etiam</span> <span class='ocrx_word' id='word_1_289' title='bbox 1193 2073 1302 2128; x_wconf 84' lang='lat' dir='ltr'><strong>Aug.</strong></span> <span class='ocrx_word' id='word_1_290' title='bbox 1328 2086 1368 2114; x_wconf 89' lang='lat' dir='ltr'>et</span> <span class='ocrx_word' id='word_1_291' title='bbox 1391 2077 1508 2115; x_wconf 81' lang='lat' dir='ltr'><strong>Gorl.</strong></span> 
     </span>
     <span class='ocr_line' id='line_1_34' title="bbox 46 2128 607 2183; baseline -0.002 -14"><span class='ocrx_word' id='word_1_292' title='bbox 46 2133 128 2183; x_wconf 86' lang='lat' dir='ltr'>jam</span> <span class='ocrx_word' id='word_1_293' title='bbox 153 2128 418 2168; x_wconf 83' lang='lat' dir='ltr'>confirmant.</span> <span class='ocrx_word' id='word_1_294' title='bbox 449 2129 607 2168; x_wconf 73' lang='lat' dir='ltr'><strong>Lnum.</strong></span> 
     </span>
    </p>

    <p class='ocr_par' dir='ltr' id='par_1_4' title="bbox 46 2183 1512 2731">
     <span class='ocr_line' id='line_1_35' title="bbox 161 2183 1511 2240; baseline 0.004 -18"><span class='ocrx_word' id='word_1_295' title='bbox 161 2185 261 2224; x_wconf 78' lang='lat' dir='ltr'><strong>Eacl.</strong></span> <span class='ocrx_word' id='word_1_296' title='bbox 281 2187 307 2223; x_wconf 85' lang='lat' dir='ltr'><strong>l.</strong></span> <span class='ocrx_word' id='word_1_297' title='bbox 335 2190 400 2227; x_wconf 85' lang='grc'><strong>12.</strong></span> <span class='ocrx_word' id='word_1_298' title='bbox 434 2183 728 2239; x_wconf 75' lang='grc' dir='ltr'>Κολοφώνιον)</span> <span class='ocrx_word' id='word_1_299' title='bbox 760 2184 858 2224; x_wconf 79' lang='lat' dir='ltr'>Non</span> <span class='ocrx_word' id='word_1_300' title='bbox 890 2185 1084 2223; x_wconf 76' lang='lat' dir='ltr'>dubitavi</span> <span class='ocrx_word' id='word_1_301' title='bbox 1114 2186 1338 2224; x_wconf 78' lang='lat' dir='ltr'>secundam</span> <span class='ocrx_word' id='word_1_302' title='bbox 1374 2191 1511 2240; x_wconf 71' lang='lat' dir='ltr'>sylla-</span> 
     </span>
     <span class='ocr_line' id='line_1_36' title="bbox 46 2239 1509 2295; baseline 0.001 -15"><span class='ocrx_word' id='word_1_303' title='bbox 46 2242 140 2282; x_wconf 77' lang='lat' dir='ltr'>‘bam</span> <span class='ocrx_word' id='word_1_304' title='bbox 164 2251 311 2280; x_wconf 84' lang='lat' dir='ltr'>contra</span> <span class='ocrx_word' id='word_1_305' title='bbox 337 2239 447 2280; x_wconf 86' lang='lat' dir='ltr'>Edd.</span> <span class='ocrx_word' id='word_1_306' title='bbox 474 2251 706 2294; x_wconf 86' lang='lat' dir='ltr'>correptam</span> <span class='ocrx_word' id='word_1_307' title='bbox 728 2241 847 2287; x_wconf 82' lang='lat' dir='ltr'>da1·e;</span> <span class='ocrx_word' id='word_1_308' title='bbox 892 2243 989 2295; x_wconf 76' lang='lat' dir='ltr'>quia</span> <span class='ocrx_word' id='word_1_309' title='bbox 1014 2256 1100 2280; x_wconf 84' lang='lat' dir='ltr'>nou</span> <span class='ocrx_word' id='word_1_310' title='bbox 1126 2242 1251 2281; x_wconf 83' lang='lat' dir='ltr'>modo</span> <span class='ocrx_word' id='word_1_311' title='bbox 1278 2243 1420 2282; x_wconf 73' lang='lat' dir='ltr'>Strabo</span> <span class='ocrx_word' id='word_1_312' title='bbox 1453 2245 1509 2282; x_wconf 87' lang='lat' dir='ltr'>ita</span> 
     </span>
     <span class='ocr_line' id='line_1_37' title="bbox 50 2296 1510 2351; baseline 0.001 -14"><span class='ocrx_word' id='word_1_313' title='bbox 50 2299 211 2351; x_wconf 88' lang='lat' dir='ltr'>ubique</span> <span class='ocrx_word' id='word_1_314' title='bbox 243 2296 414 2343; x_wconf 90' lang='lat' dir='ltr'>scribit,</span> <span class='ocrx_word' id='word_1_315' title='bbox 457 2296 545 2336; x_wconf 89' lang='lat' dir='ltr'>vid.</span> <span class='ocrx_word' id='word_1_316' title='bbox 579 2301 669 2349; x_wconf 71' lang='lat' dir='ltr'>ejus</span> <span class='ocrx_word' id='word_1_317' title='bbox 696 2299 745 2336; x_wconf 94' lang='lat' dir='ltr'>L.</span> <span class='ocrx_word' id='word_1_318' title='bbox 781 2298 896 2337; x_wconf 92' lang='lat' dir='ltr'><strong>XIV.</strong></span> <span class='ocrx_word' id='word_1_319' title='bbox 934 2314 973 2351; x_wconf 84' lang='lat' dir='ltr'>p.</span> <span class='ocrx_word' id='word_1_320' title='bbox 998 2301 1092 2341; x_wconf 77' lang='lat'><strong>952.</strong></span> <span class='ocrx_word' id='word_1_321' title='bbox 1125 2302 1190 2337; x_wconf 80' lang='lat' dir='ltr'>vel</span> <span class='ocrx_word' id='word_1_322' title='bbox 1215 2305 1309 2343; x_wconf 79' lang='lat'>643.</span> <span class='ocrx_word' id='word_1_323' title='bbox 1344 2300 1417 2337; x_wconf 82' lang='lat' dir='ltr'>ubi</span> <span class='ocrx_word' id='word_1_324' title='bbox 1448 2311 1510 2338; x_wconf 80' lang='lat' dir='ltr'>ter</span> 
     </span>
     <span class='ocr_line' id='line_1_38' title="bbox 52 2352 1510 2409; baseline 0.001 -16"><span class='ocrx_word' id='word_1_325' title='bbox 52 2365 200 2409; x_wconf 81' lang='lat' dir='ltr'>quater</span> <span class='ocrx_word' id='word_1_326' title='bbox 220 2355 427 2401; x_wconf 82' lang='lat' dir='ltr'>occurrit3</span> <span class='ocrx_word' id='word_1_327' title='bbox 462 2352 531 2391; x_wconf 89' lang='lat' dir='ltr'>sed</span> <span class='ocrx_word' id='word_1_328' title='bbox 554 2364 595 2393; x_wconf 86' lang='lat' dir='ltr'>et</span> <span class='ocrx_word' id='word_1_329' title='bbox 622 2356 720 2407; x_wconf 84' lang='lat' dir='ltr'>quia</span> <span class='ocrx_word' id='word_1_330' title='bbox 745 2355 888 2407; x_wconf 72' lang='lat' dir='ltr'>poetis</span> <span class='ocrx_word' id='word_1_331' title='bbox 911 2355 1154 2408; x_wconf 81' lang='lat' dir='ltr'>corripitur,</span> <span class='ocrx_word' id='word_1_332' title='bbox 1177 2366 1223 2393; x_wconf 87' lang='lat' dir='ltr'>ut</span> <span class='ocrx_word' id='word_1_333' title='bbox 1246 2357 1288 2394; x_wconf 90' lang='lat' dir='ltr'>in</span> <span class='ocrx_word' id='word_1_334' title='bbox 1314 2370 1437 2409; x_wconf 86' lang='lat' dir='ltr'>saepe</span> <span class='ocrx_word' id='word_1_335' title='bbox 1461 2359 1510 2395; x_wconf 88' lang='lat' dir='ltr'>ab</span> 
     </span>
     <span class='ocr_line' id='line_1_39' title="bbox 49 2409 1509 2466; baseline 0.001 -16"><span class='ocrx_word' id='word_1_336' title='bbox 49 2412 146 2451; x_wconf 88' lang='lat' dir='ltr'>aliis</span> <span class='ocrx_word' id='word_1_337' title='bbox 170 2409 353 2449; x_wconf 88' lang='lat' dir='ltr'>adducto</span> <span class='ocrx_word' id='word_1_338' title='bbox 378 2425 500 2450; x_wconf 89' lang='lat' dir='ltr'>versu</span> <span class='ocrx_word' id='word_1_339' title='bbox 531 2425 582 2448; x_wconf 83' lang='lat' dir='ltr'>ex</span> <span class='ocrx_word' id='word_1_340' title='bbox 603 2410 1021 2462; x_wconf 78' lang='lat' dir='ltr'>A.Gell.111,11.,</span> <span class='ocrx_word' id='word_1_341' title='bbox 1054 2426 1175 2465; x_wconf 86' lang='lat' dir='ltr'>quem</span> <span class='ocrx_word' id='word_1_342' title='bbox 1197 2422 1335 2452; x_wconf 87' lang='lat' dir='ltr'>tamen</span> <span class='ocrx_word' id='word_1_343' title='bbox 1364 2417 1509 2466; x_wconf 89' lang='lat' dir='ltr'>paullo</span> 
     </span>
     <span class='ocr_line' id='line_1_40' title="bbox 52 2465 1510 2535; baseline 0.003 -29"><span class='ocrx_word' id='word_1_344' title='bbox 52 2468 175 2507; x_wconf 84' lang='lat' dir='ltr'>aliter</span> <span class='ocrx_word' id='word_1_345' title='bbox 193 2465 367 2506; x_wconf 78' lang='lat' dir='ltr'>exhibet</span> <span class='ocrx_word' id='word_1_346' title='bbox 384 2466 602 2519; x_wconf 74' lang='lat' dir='ltr'>Antholog</span> <span class='ocrx_word' id='word_1_347' title='bbox 626 2467 710 2517; x_wconf 87' lang='lat' dir='ltr'>IV,</span> <span class='ocrx_word' id='word_1_348' title='bbox 730 2473 767 2511; x_wconf 94' lang='grc'><strong>2.</strong></span> <span class='ocrx_word' id='word_1_349' title='bbox 788 2481 894 2535; x_wconf 87' lang='lat' dir='ltr'>quae</span> <span class='ocrx_word' id='word_1_350' title='bbox 917 2469 1001 2507; x_wconf 88' lang='lat' dir='ltr'>sic·</span> <span class='ocrx_word' id='word_1_351' title='bbox 1027 2465 1153 2509; x_wconf 79' lang='grc' dir='ltr'><em>Ἑπτὰ</em></span> <span class='ocrx_word' id='word_1_352' title='bbox 1173 2467 1306 2518; x_wconf 76' lang='grc' dir='ltr'><strong><em>πόλεις</em></strong></span> <span class='ocrx_word' id='word_1_353' title='bbox 1322 2472 1510 2523; x_wconf 81' lang='grc' dir='ltr'><em>διερίζου-</em></span> 
     </span>
     <span class='ocr_line' id='line_1_41' title="bbox 51 2499 1507 2578; baseline 0.001 -12"><span class='ocrx_word' id='word_1_354' title='bbox 51 2539 116 2566; x_wconf 87' lang='grc' dir='ltr'>σιν</span> <span class='ocrx_word' id='word_1_355' title='bbox 136 2525 228 2577; x_wconf 78' lang='grc' dir='ltr'><em>περὶ</em></span> <span class='ocrx_word' id='word_1_356' title='bbox 250 2526 361 2574; x_wconf 77' lang='grc' dir='ltr'><em>ῥίζαν</em></span> <span class='ocrx_word' id='word_1_357' title='bbox 379 2499 591 2575; x_wconf 57' lang='grc' dir='ltr'>Οιιήρυυῷ·</span> <span class='ocrx_word' id='word_1_358' title='bbox 624 2522 818 2576; x_wconf 78' lang='grc' dir='ltr'><strong><em>Σμύρνα,</em></strong></span> <span class='ocrx_word' id='word_1_359' title='bbox 845 2521 1013 2574; x_wconf 79' lang='grc' dir='ltr'><em>Ρὸδος,</em></span> <span class='ocrx_word' id='word_1_360' title='bbox 1047 2523 1270 2576; x_wconf 82' lang='grc' dir='ltr'><em>Κολοφων,</em></span> <span class='ocrx_word' id='word_1_361' title='bbox 1307 2529 1507 2578; x_wconf 79' lang='grc' dir='ltr'><em>Σαλαμὶν,</em></span> 
     </span>
     <span class='ocr_line' id='line_1_42' title="bbox 56 2578 1512 2635; baseline -0.002 -13"><span class='ocrx_word' id='word_1_362' title='bbox 56 2583 177 2630; x_wconf 86' lang='grc' dir='ltr'><strong><em>Χίος,</em></strong></span> <span class='ocrx_word' id='word_1_363' title='bbox 208 2579 376 2635; x_wconf 71' lang='grc' dir='ltr'><em>Ἄργος,</em></span> <span class='ocrx_word' id='word_1_364' title='bbox 418 2578 601 2629; x_wconf 77' lang='grc' dir='ltr'><strong>Ἀθῆναι.</strong></span> <span class='ocrx_word' id='word_1_365' title='bbox 633 2580 795 2619; x_wconf 72' lang='lat' dir='ltr'><strong>Rmxz.</strong></span> <span class='ocrx_word' id='word_1_366' title='bbox 856 2581 904 2618; x_wconf 74' lang='lat' dir='ltr'>In</span> <span class='ocrx_word' id='word_1_367' title='bbox 939 2583 986 2620; x_wconf 92' lang='lat' dir='ltr'><strong>B.</strong></span> <span class='ocrx_word' id='word_1_368' title='bbox 1019 2588 1057 2625; x_wconf 86' lang='lat'><strong>3.</strong></span> <span class='ocrx_word' id='word_1_369' title='bbox 1091 2591 1203 2621; x_wconf 87' lang='lat' dir='ltr'>recte</span> <span class='ocrx_word' id='word_1_370' title='bbox 1239 2583 1512 2632; x_wconf 66' lang='grc' dir='ltr'><em>Κολοφώνιον</em></span> 
     </span>
     <span class='ocr_line' id='line_1_43' title="bbox 52 2635 1511 2693; baseline 0.002 -17"><span class='ocrx_word' id='word_1_371' title='bbox 52 2650 316 2688; x_wconf 85' lang='lat' dir='ltr'>expressum,</span> <span class='ocrx_word' id='word_1_372' title='bbox 365 2635 437 2676; x_wconf 83' lang='lat' dir='ltr'>sed</span> <span class='ocrx_word' id='word_1_373' title='bbox 474 2635 646 2675; x_wconf 88' lang='lat' dir='ltr'>obvium</span> <span class='ocrx_word' id='word_1_374' title='bbox 686 2638 798 2676; x_wconf 90' lang='lat' dir='ltr'>forte</span> <span class='ocrx_word' id='word_1_375' title='bbox 836 2637 975 2675; x_wconf 86' lang='lat' dir='ltr'>invito</span> <span class='ocrx_word' id='word_1_376' title='bbox 1010 2647 1207 2690; x_wconf 81' lang='lat' dir='ltr'>typorum</span> <span class='ocrx_word' id='word_1_377' title='bbox 1244 2639 1511 2693; x_wconf 79' lang='lat' dir='ltr'>dispositori.</span> 
     </span>
     <span class='ocr_line' id='line_1_44' title="bbox 52 2693 208 2731; baseline -0.006 0"><span class='ocrx_word' id='word_1_378' title='bbox 52 2693 208 2731; x_wconf 71' lang='lat' dir='ltr'>anvt.</span> 
     </span>
    </p>

    <p class='ocr_par' dir='ltr' id='par_1_5' title="bbox 169 2749 1509 2806">
     <span class='ocr_line' id='line_1_45' title="bbox 169 2749 1509 2806; baseline 0.002 -17"><span class='ocrx_word' id='word_1_379' title='bbox 169 2749 265 2801; x_wconf 72' lang='lat' dir='ltr'>Pag.</span> <span class='ocrx_word' id='word_1_380' title='bbox 293 2754 388 2792; x_wconf 86' lang='grc'><strong>292.</strong></span> <span class='ocrx_word' id='word_1_381' title='bbox 419 2752 445 2790; x_wconf 88' lang='lat' dir='ltr'>l.</span> <span class='ocrx_word' id='word_1_382' title='bbox 480 2755 517 2792; x_wconf 75' lang='lat'>4.</span> <span class='ocrx_word' id='word_1_383' title='bbox 575 2750 906 2803; x_wconf 70' lang='grc' dir='ltr'>Ιίατεγίνωσκον)</span> <span class='ocrx_word' id='word_1_384' title='bbox 959 2749 1056 2788; x_wconf 86' lang='lat' dir='ltr'>Non</span> <span class='ocrx_word' id='word_1_385' title='bbox 1089 2765 1230 2790; x_wconf 81' lang='lat' dir='ltr'>verum</span> <span class='ocrx_word' id='word_1_386' title='bbox 1259 2762 1345 2802; x_wconf 83' lang='lat' dir='ltr'>est,</span> <span class='ocrx_word' id='word_1_387' title='bbox 1397 2752 1509 2806; x_wconf 84' lang='lat' dir='ltr'>quod</span> 
     </span>
    </p>

    <p class='ocr_par' dir='ltr' id='par_1_6' title="bbox 104 2809 1237 2850">
     <span class='ocr_line' id='line_1_46' title="bbox 104 2809 1237 2850; baseline -0.003 -1"><span class='ocrx_word' id='word_1_388' title='bbox 104 2818 248 2849; x_wconf 65' lang='lat' dir='ltr'>Luc-ian.</span> <span class='ocrx_word' id='word_1_389' title='bbox 281 2817 359 2850; x_wconf 70' lang='lat' dir='ltr'>Vol.</span> <span class='ocrx_word' id='word_1_390' title='bbox 392 2819 454 2850; x_wconf 68' lang='grc' dir='ltr'>[Γ.</span> <span class='ocrx_word' id='word_1_391' title='bbox 1160 2809 1193 2846; x_wconf 63' lang='lat' dir='ltr'>V</span> <span class='ocrx_word' id='word_1_392' title='bbox 1214 2823 1237 2846; x_wconf 85' lang='lat' dir='ltr'>V</span> 
     </span>
    </p>
   </div>
  </div>
 </body>
</html>
