1834 3188
369 208 1175 239 1NHERM0T1MUM.
1410 198 1505 242 401

48 310 174 350 cessit
195 305 311 350 οὐδέν
337 319 402 348 σοι
433 302 610 357 ἀρέσκει,
642 303 740 344 ideo
763 314 806 344 et
829 303 901 343 hic
922 302 1098 359 ἀρέσειεν
1120 318 1215 343 cum
1241 303 1388 344 dativo
1408 320 1510 346 con-

48 375 255 406 structum
281 363 423 403 voluit
447 362 646 413 Solanus5
679 360 751 400 sed
772 361 854 400 hoc
877 375 964 400 non
995 362 1096 399 satis
1130 372 1194 400 est
1226 376 1396 402 caussae
1421 363 1508 417 pri-

48 422 202 461 stinam
226 433 403 472 eamque
428 428 690 458 constantem
718 418 946 457 lectionem
973 416 1165 456 mutandi
1194 432 1246 457 ex
1266 433 1378 458 mera
1399 434 1509 458 con—

46 481 232 533 jectura,
280 477 356 515 vix
394 485 533 514 autem
573 474 680 513 mihi
712 474 972 526 persuadeo,
1015 488 1109 513 eum
1140 474 1383 528 ignorasse,
1426 475 1512 515 hoc

46 534 220 575 verbum
246 533 370 572 etiam
390 532 634 586 frequenter
655 530 941 569 accusativum
963 544 1182 583 personae,
1207 545 1340 584 aeque
1359 547 1408 571 ac
1432 533 1510 583 rei,

51 591 304 638 adsciscere,
341 588 384 627 id
412 587 527 642 quod
563 586 663 625 satis
694 586 837 625 multis
867 589 948 639 jam
981 587 1181 640 probavit
1214 587 1432 641 Stephanus
1463 589 1511 628 in

50 646 178 687 Thes.
238 645 360 684 Adde
390 659 467 683 nos
497 653 598 682 nota
624 643 833 697 proxima.
865 643 1026 685 Rmrz.
1085 642 1310 683 Differunt
1330 641 1515 699 ἀρέσκειν

52 704 154 751 τινὶ,
194 712 236 742 et
267 698 448 755 ἀρέσκειν
476 697 578 741 τινά.
637 697 753 738 Illud
783 707 846 738 est
869 699 1025 752 placere
1054 700 1204 752 alicui5
1235 699 1317 739 hoc
1349 703 1516 758 satisfa-

53 776 148 799 cere.
210 759 337 797 Unde
358 765 475 810 patet
492 757 638 805 simul,
673 753 887 808 quomodo
899 756 1070 795 Passive
1093 756 1178 794 dici
1199 757 1334 809 possit
1354 752 1516 812 ἀρέσκε-

55 817 152 858 σθαί
182 832 284 864 τινι,
319 814 368 853 de
387 828 458 863 eo,
491 815 555 851 cui
582 812 834 868 satisfactum
856 822 911 850 est
937 814 977 851 in
1001 812 1139 867 aliqua
1173 829 1235 862 re,
1268 814 1297 853 i.
1320 829 1353 854 e.
1386 818 1455 868 qui
1474 817 1516 854 in

52 889 95 911 ea
115 874 347 926 acquiescit,
380 886 423 908 ea
449 879 648 908 contentus
669 878 734 906 est.
795 868 893 906 Hoc
914 868 1049 920 ipsum
1076 868 1300 909 discrimen
1327 871 1516 909 animad-

51 937 187 967 vertes
208 927 249 965 h.
272 931 299 968 l.
321 925 602 965 observatum.
634 922 898 982 Nihilforte,
932 925 990 963 ita
1016 924 1185 964 dicebat
1207 926 1518 973 Hermotimus,

50 984 181 1038 placet
198 983 270 1022 tibi
288 999 417 1023 eorum
437 997 537 1035 quae
558 980 714 1021 dixero.
774 980 861 1020 Imo
880 996 968 1020 vero
981 1010 993 1030 ,
1024 980 1254 1032 respondet
1273 985 1354 1034 jam
1374 983 1517 1035 Lyci-

53 1053 158 1085 nuS,
193 1050 235 1078 tu
264 1038 365 1078 nihil
389 1041 447 1077 vis
470 1037 595 1076 dicere
623 1037 832 1091 ejusmodi,
865 1037 972 1091 quod
1000 1038 1233 1094 satisfacere
1260 1039 1358 1078 mihi
1379 1041 1517 1093 possit.

0 1102 1 1108 ’
54 1096 123 1136 Cf.
147 1094 198 1134 de
217 1095 367 1134 Sacrif.
391 1109 424 1133 c.
449 1099 513 1138 13.
539 1103 646 1132 extr.
673 1093 746 1132 ubi
771 1108 848 1145 pro
868 1092 1027 1147 ἀρέσκει
1054 1099 1104 1150 τῇ
1123 1099 1212 1151 θεῷ
1235 1108 1256 1132 e
1280 1094 1417 1135 Codd,
1442 1096 1519 1133 Pa-

54 1153 146 1192 riss.
173 1151 440 1190 restituimus
461 1148 533 1203 τὴν
554 1144 669 1191 θεόν.
729 1150 988 1189 Herodianus
1007 1165 1073 1203 ap.
1099 1150 1276 1190 Moerid.
1301 1150 1366 1192 ed.
1385 1152 1517 1192 Piers.

53 1223 97 1263 p.
119 1212 216 1253 463.
233 1207 406 1261 Ἀρέσκει
426 1209 625 1263 αἰτιατικῇ
639 1206 706 1248 καὶ
728 1209 877 1262 δοτικῇ.
919 1207 1077 1246 Lixum.

169 1266 349 1317 Pagsz.
372 1267 400 1303 l·
421 1267 458 1308 5.
481 1263 698 1315 Ἄμεινον)
728 1259 1110 1316 Βεροηε,ἇμείνων
1130 1259 1160 1318 ἢ
1181 1265 1338 1318 χείρων.
1371 1262 1517 1303 Bnon.

164 1321 270 1361 Ead,
304 1324 331 1359 l·
359 1326 422 1363 11.
455 1316 527 1361 ”Av
559 1318 692 1376 εἷ’δῃς)
734 1322 923 1368 Εἴδοις
954 1321 1112 1372 Guyet.
1173 1321 1256 1360 Sed
1291 1320 1377 1362 vid.
1414 1334 1522 1374 quae

53 1392 179 1431 supra
203 1387 398 1416 notamus
423 1375 474 1415 ad
498 1391 530 1414 c.
544 1380 583 1419 8.
605 1375 732 1428 hujus
751 1375 872 1415 Dial.
904 1376 1066 1418 Rmrz.
1109 1372 1241 1425 ’Ίόοις
1263 1377 1521 1431 MSS.Regg.

51 1439 177 1479 2954.
211 1444 253 1474 et
284 1438 410 1478 3011.
462 1433 562 1472 Bm.
636 1432 773 1487 quue
804 1441 917 1472 recte
943 1435 1027 1487 jam
1054 1432 1328 1473 Sclzmieclerus
1346 1434 1522 1486 recepit.

51 1492 208 1531 me.

164 1547 265 1600 Pag.
298 1551 363 1590 33.
395 1547 422 1584 1.
460 1548 524 1588 14.
568 1544 1014 1600 Κλαυθμυριζομὲνων)
1052 1545 1119 1586 M,
1155 1546 1251 1586 Par.
1284 1553 1327 1585 et
1353 1543 1413 1585 A.
1470 1543 1525 1583 In

55 1602 149 1643 aliis
174 1601 375 1642 mendose
401 1603 796 1656 κλαθμυριζομένων.
830 1603 1001 1642 Sonus.

166 1659 265 1712 Pag.
284 1664 351 1704 34.
370 1661 398 1700 1.
413 1664 450 1702 1.
477 1656 827 1712 Ἀποσεισάμενον)
849 1659 1020 1713 Anglic.
1037 1653 1525 1713 dnooeiooinsvoffimend·

52 1716 231 1756 BounD.

169 1771 274 1810 Εαᾶ.
296 1773 379 1813 1-2.
407 1765 736 1826 Ἀπορῤίψαντα)
768 1771 876 1811 Cum
902 1770 1092 1811 finxisset
1104 1770 1410 1819 Hermotimus,
1429 1768 1526 1809 Vir·

57 1838 191 1868 tutem
214 1841 302 1867 esse
332 1826 619 1876 beatissimam
654 1828 896 1876 civitatem,
931 1827 1064 1881 inque
1095 1842 1183 1866 eam
1212 1836 1402 1880 rogasset
1421 1840 1526 1864 num

58 1899 239 1938 aequum
271 1892 403 1932 esset,
436 1893 485 1922 ut
511 1897 655 1923 omnes
688 1883 1019 1932 contenderent,
1052 1894 1094 1923 et
1116 1884 1228 1923 cives
1251 1883 1312 1921 ibi
1335 1882 1427 1922 fieri
1452 1896 1528 1935 ge-

59 1942 232 1986 stirent,
266 1940 456 1979 DIaoeime
485 1955 593 1989 vero,
628 1939 857 1993 respondet
892 1939 1138 1991 Lucienus,
1170 1956 1211 1979 eo
1239 1937 1528 1993 adspirandum

60 2009 133 2047 esi,
168 1996 319 2050 reliqua
341 2007 468 2035 autem
491 1998 624 2035 omnia
646 1995 901 2049 negligenda;
933 2012 1051 2050 neque
1071 1996 1235 2035 multum
1257 2011 1392 2036 curare
1415 1998 1531 2047 opor'-

62 2065 113 2093 tet
144 2056 363 2092 retinentem
391 2054 587 2105 patriam3
618 2069 736 2107 neque
763 2052 895 2091 liberis
922 2052 983 2091 vel
1006 2053 1252 2105 parentibus,
1285 2053 1320 2091 si
1353 2053 1418 2090 cui
1437 2051 1527 2096 sint,

62 2109 333 2148 revocantibus
351 2107 680 2163 ejulantibusque,
699 2112 818 2163 flecti
838 2119 872 2147 et
890 2110 1009 2160 verti‘7·
1039 2108 1107 2147 secl
1128 2121 1161 2147 et
1180 2124 1243 2148 eos
1265 2108 1441 2147 maxime
1475 2103 1531 2144 acl

62 2164 224 2204 eandem
245 2166 348 2201 viam
369 2163 546 2203 hortari:
573 2168 632 2203 sin
655 2178 782 2204 autem
803 2164 952 2214 nolint,
983 2165 1046 2204 vel
1063 2176 1270 2219 nequeant,
1293 2173 1531 2203 amoventem

63 2221 156 2260 illos
188 2220 307 2270 (sive
341 2222 482 2257 amotis
508 2220 615 2267 illis)
652 2233 757 2260 recta
788 2221 843 2260 acl
873 2221 1044 2275 undique
1074 2222 1228 2260 beatam
1256 2221 1369 2259 illam
1399 2218 1532 2257 urbem

67 2276 314 2328 contendere3
347 2277 440 2328 quin
459 2285 492 2313 et
515 2278 637 2327 ipsum
661 2278 902 2329 abjicientem
919 2278 1087 2330 pallium
1120 2277 1237 2331 (sive
1267 2278 1351 2329 ipso
1380 2275 1532 2327 abjecto

67 2333 235 2387 pallio),
259 2334 294 2369 si
311 2346 352 2369 eo
373 2331 608 2383 apprehenso
630 2331 848 2383 detinerent,
881 2333 1193 2388 illucfestinare.
1253 2332 1339 2371 Hic
1363 2329 1534 2384 quidem

69 2389 256 2428 auctoris
282 2401 427 2426 sensus
449 2396 534 2426 est:
569 2387 640 2425 sed
673 2389 717 2426 in
743 2389 913 2428 Graecis
935 2389 1101 2432 aliquid
1125 2399 1210 2438 est,
1254 2387 1305 2426 ad
1328 2385 1442 2441 quod
1465 2386 1534 2424 of-

70 2444 230 2485 fendas.
289 2444 374 2485 chi
396 2437 492 2484 αὐτὸ
526 2439 831 2497 (Ξποῤῥίψαντας
851 2441 894 2486 τὸ
915 2437 1095 2497 ἷμάτῖον,
1128 2447 1163 2486 εἰ
1178 2442 1322 2486 τούτου
1347 2444 1535 2493 ἐπειλημ-

70 2497 482 2555 μένοωιατερύκοιεν,
515 2496 729 2552 ἐσσύμενον
750 2502 878 2543 ἐκεῖσε
901 2511 980 2543 etc.
1038 2501 1084 2539 Si
1115 2500 1384 2553 sequendum
1412 2500 1533 2551 juxta

74 2567 115 2595 et
135 2557 477 2610 praecedentium
503 2554 707 2595 habeatur
726 2558 858 2608 ratio,
890 2560 957 2597 vel
980 2571 1112 2610 puero
1134 2565 1278 2609 pateat
1302 2553 1530 2608 legendum

74 2609 369 2665 ἆπορῤίψαντα.
403 2612 526 2653 Jssss.
586 2613 742 2653 Omnes
770 2613 870 2652 libri
893 2613 1107 2665 impressi,
1140 2622 1180 2652 et
1204 2612 1291 2664 ipse
1313 2613 1376 2650 M.
1398 2607 1530 2663 ἆποῤ-

73 2672 293 2722 ῥίψαντας,
325 2668 536 2708 mendose.
596 2670 814 2722 Displicet
831 2670 955 2708 etiam
977 2668 1131 2722 duplex
1151 2668 1257 2707 illud
1277 2669 1416 2711 ἐκεῖσε.
1450 2665 1533 2706 So-

78 2741 182 2765 LAN.
241 2726 341 2764 Non
367 2735 477 2763 certe
494 2734 735 2780 utrumque.
795 2724 875 2765 Sed
897 2736 1036 2765 utrum
1056 2729 1162 2780 jam,
1196 2724 1382 2778 quaeso?
1412 2722 1531 2764 Mihi

124 2794 271 2826 Luciam.
302 2790 378 2827 Vol.
405 2791 473 2823 IV.
1183 2782 1216 2821 C
1238 2795 1259 2821 C
