1834 3188
290 183 393 231 370
816 188 1239 221 scHOL1A.

295 310 386 351 ραν,
414 289 488 346 τὴν
503 289 546 334 δὲ
562 289 783 363 κεραμίνην
799 288 841 344 ²)
871 289 937 332 καὶ
956 284 1057 330 πολυ
1074 288 1118 330 τό
1137 284 1368 342 εύθρυπτον
1383 289 1449 331 καὶ
1469 287 1668 344 σαθρὸν”
1646 307 1757 357 εχου·

298 366 400 402 σαν,
431 350 518 392 ἐπεί
538 364 601 390 τοι
620 349 687 390 καὶ
708 350 753 389 αἵ
771 348 923 394 ἐλπίδες
942 352 1027 394 τοῖς
1048 341 1186 414 ἆργοῖς
1207 345 1274 386 και
1295 344 1512 399 βλακώδεσι
1533 347 1599 388 καὶ
1621 343 1758 403 90:315-

298 424 391 462 μοις
409 408 454 449 αἱ
470 406 551 472 μὲν
567 401 729 446 πάντων
748 401 849 445 κατὰ
873 403 917 444 τὸ
938 400 1133 469 καρτερὸν
1158 402 1225 442 καὶ
1250 399 1536 456 ἀμετακίνητον
1559 404 1760 445 ἐντίκτον-

297 482 376 507 ται.
404 463 474 505 καὶ
502 456 644 504 οὔποτ’
669 457 720 502 δῖν
741 463 781 510 a)
812 456 1131 513 μεταβαλλεσθαι
1149 459 1371 510 πεφυκέναι
1392 455 1484 510 ¹³)
1469 457 1580 508 ὅσοις
1598 477 1759 511 περιου-

301 524 369 564 σία
388 516 626 586 ἇνθρωποις
645 515 690 558 τὸ
712 521 870 559 τοιοῦτο
894 514 1030 564 πάθος
1051 516 1274 583 ἐνίδρυται,
1307 521 1388 564 τοῖς
1404 516 1444 557 δὲ
1462 518 1530 557 καὶ
1550 533 1759 569 μετακινη-

300 581 394 630 θείη
418 573 469 618 ἆν
492 572 537 616 τὸ
555 590 637 615 των
652 574 831 615 ἐλπίδων
849 569 1131 641 ἀστάθμητον,
1165 569 1274 620 όσοις
1299 576 1355 627 τῷ
1372 575 1589 628 περιλοίπῳ
1608 578 1679 626 τῆς
1697 575 1761 626 ε’μ-

303 650 461 688 φρονος
476 628 645 698 γνώμης
655 627 731 681 ὂψέ
749 647 842 672 ποτε
860 633 933 670 τοῦ
947 628 1072 687 κάρου
1091 631 1132 683 ⁰)
1162 626 1387 683 ἀνενεγκεῖν
1403 631 1664 698 περιγίνεται,
1695 629 1763 671 καὶ

301 696 381 732 τῶν
403 685 595 731 τοιοῦτων
618 682 894 742 α’παλλαγῆναι
915 688 1090 738 ματαίων
1113 687 1363 753 φροντίδων
1406 690 1518 738 φιλεῖ
1527 703 1602 740 γαρ
1622 683 1647 738 ἡ
1679 686 1763 727 ἐπί-

303 763 386 788 παν
409 742 657 816 καταλλῄλου
685 747 764 784 τῶν
791 745 1019 812 φροντίδων
1048 742 1118 783 καὶ
1144 760 1191 782 τα
1225 739 1396 783 ἐνυπνια
1425 747 1762 811 παρακολουθεῖν.

303 802 432 850 ἄλλως
447 818 486 843 τε
507 817 573 842 και
595 801 814 854 κεραμίνην
836 799 907 852 τήν
939 798 1068 852 πύλην
1088 800 1245 851 ἐκείνην
1272 796 1513 848 ανέπλασεν,
1555 793 1612 839 δι’
1639 815 1689 866 ης
1714 815 1764 838 τοι

305 857 462 926 φοβερα
481 861 560 898 τῶν
581 858 781 899 ἐνυπνίων
806 857 991 929 διέρχεται
1011 857 1078 897 καὶ
1111 854 1309 927 φρικώδη.
1349 853 1430 908 α’μα
1457 872 1532 910 γαρ
1561 872 1615 895 τω
1645 852 1762 922 ὕπνῳ

304 917 376 958 καὶ
393 910 494 956 αυτᾶ
515 914 681 984 o't'ygfiwt.⁴¹
706 915 740 954 εί
756 912 798 954 δὲ
818 914 886 954 καὶ
906 916 1077 961 πλοῦτος
1096 913 1163 952 καὶ
1183 909 1298 960 δόξα,
1331 915 1495 953 τοιαῦτα
1510 927 1576 952 και
1593 928 1639 951 τα
1657 898 1761 951 καθ’

305 970 487 1021 ν’πνους,
520 967 616 1011 ἀλλὰ
637 986 684 1010 τα
707 988 750 1023 με
737 969 776 1010 ὲν
808 973 974 1023 δυςχερῆ
1000 972 1057 1026 τῷ
1087 963 1250 1009 ανιῶντι
1280 969 1348 1009 καὶ
1384 971 1440 1017 εἰς
1460 964 1505 1020 d)
1542 962 1766 1020 αμνηστίαν

305 1027 468 1071 εὔκολα.
499 1024 548 1067 τὰ
565 1026 608 1068 δὲ
631 1023 782 1094 τερπνὰ
799 1027 866 1067 καὶ
884 1024 1073 1079 ε’ραςμια,
1103 1042 1157 1065 τω
1178 1023 1319 1078 ἥδοντι
1338 1026 1406 1067 καὶ
1427 1022 1684 1080 εὖφραίνοντι
1705 1025 1769 1076 ἒμ-

302 1101 492 1140 μενετικα
482 1080 554 1134 ’9)
580 1099 620 1124 τε
639 1084 710 1124 καὶ
732 1078 1000 1136 ἆναπὸβλητα.
1031 1083 1084 1122 V.

418 1160 521 1204 Ead.
545 1163 573 1200 1.
597 1165 664 1205 13.
697 1160 991 1215 Καρεῶτιν]
1018 1158 1116 1202 ’And
1144 1176 1216 1202 του
1238 1157 1368 1214 κᾶρου
1390 1163 1463 1201 τοῦ
1491 1158 1769 1215 ἐπιγινομένου

302 1225 389 1271 τοῖς
408 1217 589 1261 ὖπνοῦσι
606 1234 680 1270 την
702 1235 837 1272 πηγην
855 1215 1107 1271 καταλληλως
1130 1213 1337 1271 ὠνόμασεν
1355 1211 1409 1270 f).
1439 1215 1493 1256 V.

417 1298 519 1351 Pag.
540 1290 637 1340 307
659 1299 688 1336 1
714 1301 780 1340 12.
810 1313 902 1348 την
933 1302 1012 1346 τε]
1046 1301 1157 1349 Γραι.
1189 1293 1264 1348 τήν
1293 1313 1333 1338 τε
1353 1291 1487 1336 αὕτων
1514 1291 1773 1352 παρασκευὴν

302 1357 584 1413 μεγαλοπρεπῆ
603 1367 981 1406 παρασκευασαντες
1002 1354 1069 1395 καὶ
1090 1351 1417 1406 ὑπισχνούμενοι
1451 1351 1502 1389 (Ξ.

418 1434 640 1486 Pag.309.
665 1434 781 1476 112.
823 1434 908 1474 καὶ
939 1434 982 1474 εἰ
1005 1432 1341 1506 σωφρονοίη]
1387 1436 1498 1484 Γραι.
1526 1431 1594 1472 καὶ
1627 1432 1663 1473 εἶ
1695 1442 1769 1471 σω-

305 1496 497 1549 φρονοῖεν
516 1486 701 1543 καθαπερ
722 1485 944 1537 Ὀδυσσεὺς
962 1486 1083 1530 παλαι
1100 1506 1192 1543 περι
1211 1484 1346 1541 αὐτῆς.
1380 1488 1417 1526 G

419 1568 517 1621 Pag.
540 1571 636 1611 311.
658 1569 684 1608 l.
710 1571 750 1609 9.
780 1585 830 1608 κε
840 1565 999 1620 λυφη,
1028 1564 1273 1621 καρυων]
1311 1564 1534 1618 Κελύφανα
1562 1567 1675 1619 (leg.
1707 1582 1769 1606 κε-

305 1626 488 1679 λύφινα)
508 1624 684 1675 κέλυφος
701 1641 743 1664 το
766 1628 837 1665 τοῦ
858 1622 943 1666 ωοῦ
958 1625 1085 1673 λέπος.
1120 1625 1173 1667 G.
1233 1624 1320 1675 (At
1355 1638 1444 1662 non
1469 1625 1533 1662 ovi
1560 1622 1656 1671 hic,
1698 1620 1772 1660 sed

305 1686 442 1732 nucis,
475 1689 690 1734 putamen.
724 1679 892 1730 Solam.)

419 1760 518 1813 Pag.
535 1762 631 1802 312.
654 1761 683 1796 l·
707 1762 746 1801 8.
779 1757 1067 1812 ἐλάθομεν]
1099 1756 1187 1800 ἀντὶ
1204 1763 1277 1800 τοῦ
1296 1754 1618 1809 ἆνεπαισθήτως.
1649 1755 1702 1796 V.

418 1836 754 1934 {ag-313.1.5.
799 1838 1045 1888 πλέοντες
1086 1836 1406 1891 ἆπείκομεν]
1451 1840 1562 1892 Γραι.
1594 1832 1772 1887 ἀπέσχο-

306 1913 394 1951 μεν.
471 1925 482 1936 .

354 2064 397 2106 τι)
422 2060 716 2105 κεραμίνην]
741 2060 838 2104 ‚,Ed.
854 2060 941 2094 Cler·
960 2063 1057 2096 male
1075 2060 1269 2108 κεραμίσιν·
1296 2058 1398 2105 quod
1419 2057 1548 2091 eodem
1567 2057 1642 2091 hoc
1659 2057 1777 2092 Scho-

401 2108 453 2140 lio
473 2118 557 2139 mox
576 2107 712 2140 iterum
734 2112 955 2144 correctum.
962 2109 985 2128 “

354 2165 401 2208 a)
427 2162 510 2199 καὶ
533 2159 704 2197 οὔποτ’
728 2160 786 2198 α“ν
808 2176 844 2207 μ
870 2177 909 2197 π.
921 2167 936 2205 ]
966 2166 1023 2208 ,,Ϊ.
1047 2176 1076 2198 e.
1097 2164 1182 2210 quia
1205 2164 1396 2198 abundant
1416 2160 1548 2201 οἷνοίας
1568 2159 1612 2194 C.

350 2222 376 2258 b
387 2223 480 2300 >suls
492 2234 520 2265 φ
531 2233 553 2255 υ
566 2218 644 2255 κέν
654 2234 678 2256 α
688 2223 727 2266 ι]
753 2220 938 2266 ,,Πε’φυκε
958 2228 1104 2256 tantum
1121 2223 1314 2266 legebatur
1331 2220 1371 2253 in
1390 2219 1490 2252 edito
1501 2231 1511 2260 ;
1536 2218 1600 2251 sed
1618 2217 1777 2252 mutavit

427 2281 445 2300 0
463 2281 563 2301 anu-5

354 2326 396 2369 c)
422 2336 508 2358 του
534 2320 743 2378 κάρον]
749 2326 820 2366 ‚Ita
849 2336 890 2357 ex
909 2326 952 2360 V.
974 2337 1040 2370 pro
1061 2325 1212 2368 vulgato
1235 2337 1310 2360 των
1336 2324 1470 2367 καίρου
1489 2322 1608 2362 dedit,
1633 2326 1669 2353 et
1687 2331 1775 2353 mox

396 2368 625 2414 καταλλήλου
644 2382 712 2414 pro
735 2372 835 2404 edito
864 2371 1098 2416 καταλλήλων
1117 2371 1217 2404 dedit
1238 2372 1400 2404 solanus.
1406 2372 1429 2389 ‘⁴

354 2428 403 2470 d)
431 2429 519 2471 εἰς]
546 2425 677 2472 ,,Πρός
697 2428 809 2460 habet
828 2427 870 2461 C.
876 2431 901 2448 “

357 2484 397 2527 e)
424 2484 563 2539 ἔμμεν
575 2496 618 2519 ετ
630 2484 733 2528 ικα]
760 2497 828 2528 „ex
850 2487 891 2519 C.
910 2486 1103 2529 insertum,
1130 2497 1215 2519 cum
1234 2486 1274 2519 in
1291 2485 1402 2518 Edito
1421 2488 1565 2516 tantum
1584 2481 1771 2526 legeretur

400 2543 537 2566 νετικα.
578 2531 643 2563 sed
667 2536 836 2564 remanet
863 2537 989 2566 tamen
1018 2533 1161 2574 binum,
1188 2532 1330 2576 finique
1357 2528 1497 2563 Scholii
1523 2528 1771 2572 adscripserat

400 2578 571 2609 Saluum
609 2578 692 2609 Hoc
715 2577 908 2611 Scholium
935 2579 988 2611 sic
1017 2578 1286 2620 emaculatum,
1312 2576 1376 2609 sed
1401 2574 1522 2607 adhuc
1553 2575 1768 2616 obscurum,

400 2621 481 2654 aliis
499 2623 752 2657 enarrandum
773 2623 905 2656 lubens
934 2624 1119 2669 relinquo.
1126 2625 1149 2643 ‘⁶

351 2676 391 2718 f)
420 2675 689 2733 ὠνόμασεν]
715 2681 798 2713 Hoc
817 2681 1010 2714 Scholium
1028 2681 1124 2713 inter
1148 2680 1328 2713 V'osmana
1348 2676 1432 2710 Vol.
1453 2688 1485 2711 2.
1506 2690 1539 2722 p.
1557 2689 1614 2722 54.
1638 2678 1709 2712 ΝΟ.
1730 2683 1762 2716 8-

396 2729 495 2765 erat‚
520 2721 730 2765 ῑὼίύπνοις
751 2725 899 2770 legitur.
947 2727 1019 2760 Sed
1042 2725 1126 2761 Coll.
1148 2734 1180 2768 5.
1203 2724 1335 2758 melius
1352 2734 1523 2758 υπνουσι.
1573 2724 1693 2759 Solan,
