1834 3188
297 217 397 263 672
655 227 1412 263 ADNOTATIONES

289 333 363 371 10.
390 327 450 366 D.
469 325 647 382 Mysona
667 326 730 365 ibi
753 340 830 381 pro
863 326 1083 369 Periandro
1103 342 1125 367 a
1149 326 1316 368 Platone
1349 327 1574 369 suffectum
1609 330 1763 372 obser—-

292 394 380 425 vat.
439 384 547 423 Vere
578 384 725 437 itaque
756 393 898 423 censet
925 384 1162 437 menagius,
1203 385 1387 437 priorem
1409 386 1598 440 Diogenis
1617 390 1761 429 locum

292 440 421 481 scioli
446 455 533 480 esse
556 443 790 506 glossema,
832 439 989 493 quod'
977 455 1022 477 ln
1041 450 1206 480 textum
1235 440 1414 479 absurde
1443 453 1660 497 receptum
1682 454 1757 485 est.

291 497 404 537 Vide
425 507 548 535 notas
572 499 662 548 ejus
682 496 734 535 ad
754 506 980 550 utrumque
998 499 1164 543 locum,
1203 496 1317 537 unde
1340 500 1471 536 multa
1495 513 1547 537 ex
1569 501 1759 554 antiquis

292 553 578 606 Scriptoiibus
597 551 751 604 habes,
785 567 892 605 quae
913 551 964 590 ad
987 557 1227 608 catalogum
1254 554 1375 592 illum
1397 554 1485 594 VII
1508 555 1759 608 Sapientum

291 619 499 664 spectant.
539 608 711 649 SOLAN.
769 609 998 649 Periander
1027 610 1166 648 insula
1202 610 1417 648 beatorum
1450 611 1612 650 excidit
1643 612 1759 652 haud

281 666 446 717 dubie,
479 664 594 719 quod
613 675 820 718 tyrannus
839 675 982 716 ¹esset,
1023 675 1066 706 et
1091 681 1332 719 oppressam
1364 667 1570 708 servitute
1597 668 1758 709 Corin-

290 722 410 763 thum
434 731 610 761 teneret.
643 722 783 762 GESN.
842 722 1089 762 Assentitur
1117 722 1576 766 Wielanclius.Lmnv1,

403 778 508 817 Ead
527 781 652 823 1.13.
690 776 1009 843 Ἀδολεσχουντα
1030 777 1124 831 μετὰ
1144 780 1378 834 Νέστορος)
1418 780 1550 834 Quod
1579 781 1757 836 optabat

293 836 339 874 in
360 835 524 875 ultimis
556 835 822 875 sermonibus
847 836 957 886 suis,
990 851 1011 874 a
1033 836 1234 875 Platone
1224 852 1267 874 m
1298 837 1512 890 Apologia
1545 847 1588 877 et
1614 840 1760 878 Aeno-

285 892 430 946 phonie
456 891 649 938 servatis.
682 892 821 933 GEsN.
884 869 1158 946 Quapropter
1189 903 1229 931 et
1262 893 1351 944 ipse
1378 893 1584 933 Lucianus
1615 895 1751 936 Dian.

286 950 444 992 Mortt.
465 948 563 998 XX,
587 952 625 995 4.
645 948 824 987 eundem
849 949 1093 989 Socratem
1083 964 1127 987 ln
1148 949 1261 988 Orco
1284 949 1407 1003 fingit
1428 967 1524 1002 μετα
1546 951 1755 1005 Νέστορος

282 1007 350 1047 καὶ
368 979 640 1057 Παλαμήδους
660 1010 861 1058 ληρουντα
890 1003 938 1046 τὰ
968 1003 1110 1047 πολλα.
1172 1005 1361 1045 Omnino
1389 1016 1528 1044 autem
1556 1006 1752 1061 dialogus

281 1062 357 1101 ille
379 1061 568 1100 conferri
591 1070 735 1114 potest
753 1076 847 1100 cum
870 1061 949 1100 hac
976 1062 1119 1114 Elysii
1139 1061 1440 1112 descriptione.
1472 1063 1633 1104 Lmrm.

395 1119 503 1170 Pag2
521 1122 618 1163 289.
639 1119 668 1165 l-
692 1123 756 1161 12.
779 1116 908 1159 ‘aava
932 1124 1055 1172 γῆμαι
1077 1120 1240 1167 Λαΐδα)
1271 1117 1394 1158 Serio
1421 1119 1587 1173 accepit
1608 1119 1752 1160 Mena-

277 1176 381 1228 ἐνίας,
411 1173 493 1223 (ad
511 1174 630 1228 Diog.
651 1173 788 1216 La'e'r·t.
806 1189 847 1228 p.
874 1180 967 1219 138.
988 1176 1049 1215 D.
1069 1176 1151 1227 E.)
1178 1173 1291 1228 quod
1317 1174 1449 1213 nolim
1471 1189 1493 1213 a
1514 1184 1635 1214 tanto
1657 1177 1752 1215 viro

280 1233 458 1270 factum.
517 1230 674 1271 Jocose
701 1231 812 1270 enim
839 1230 943 1272 haec
970 1232 1194 1281 Lucianus,
1229 1230 1327 1281 quia
1350 1245 1372 1269 a
1393 1230 1561 1282 nuptiis
1591 1231 1752 1270 abhor-

278 1288 418 1327 ruisse
446 1286 631 1326 traditur
659 1287 896 1341 Diogenes.
957 1288 1056 1328 Vid.
1087 1289 1206 1341 Dion.
1229 1287 1367 1327 Lazrt.
1397 1292 1491 1330 144.
1510 1288 1560 1325 E.
1585 1297 1629 1328 et
1653 1292 1748 1333 150.

277 1344 332 1383 Ε.
353 1345 572 1397 ἐρωτηθεις
592 1347 698 1399 ποίῳ
716 1348 846 1400 καιρῷ
865 1348 926 1387 δεῖ
941 1352 1099 1400 γαμεῖν5
1131 1347 1233 1397 ε’,φη
1278 1361 1371 1392 τους
1391 1344 1460 1395 μὲν
1480 1343 1598 1393 νέους
1628 1346 1750 1399 μηδέ-

276 1418 403 1452 ποτε,
442 1398 539 1449 τοὺς
569 1400 612 1442 δὲ
642 1403 935 1455 πρεσβυτέρους
962 1403 1060 1456 μηδὲ
1088 1418 1261 1443 πωποτε.
1300 1410 1343 1440 et
1373 1404 1464 1445 155.
1488 1401 1540 1440 B
1574 1401 1678 1472 ἔλεγε
1707 1402 1750 1444 δὲ

275 1459 348 1499 καὶ
377 1474 517 1505 κοινας
548 1456 649 1500 εἶναι
677 1461 760 1500 δεῖν
783 1475 852 1507 τας
869 1465 1081 1512 γυναῖκας
1112 1456 1241 1513 γάμον
1263 1457 1363 1511 μηδὲ
1378 1455 1615 1511 ὀνομάζων,
1647 1455 1748 1500 ἄλλα

274 1512 347 1556 τὸν
366 1518 555 1556 πείσαντα
576 1520 625 1570 τῇ
643 1514 814 1569 πεισάσῃ
838 1523 1031 1558 συνεῖναι.
1063 1515 1229 1554 SOLAN.

389 1572 658 1625 Pag.290.1
679 1577 719 1615 3
757 1574 946 1625 Τέταρτον
974 1597 1032 1603 --
1062 1570 1324 1625 ἐλλεβορίσῃ)
1363 1569 1473 1611 Vide
1494 1584 1623 1625 supra
1651 1570 1743 1612 Vit.

274 1626 404 1666 Auct.
431 1642 467 1667 c.
490 1633 556 1671 23.
581 1637 622 1667 et
642 1628 836 1666 Hermot.
861 1643 895 1666 c.
921 1634 988 1672 86.
1021 1629 1189 1667 SOLAN.

387 1683 490 1723 Eacl.
510 1686 536 1725 1.
560 1687 604 1727 4.
618 1680 893 1753 Ἐλλεβορίσῃ)
917 1685 1045 1725 Conf.
1068 1698 1181 1736 supr.
1207 1684 1401 1723 Hermot.
1420 1697 1456 1724 c.
1467 1686 1544 1723 ult.
1562 1684 1741 1724 Gunzr.

385 1739 492 1781 Ibicl.
517 1727 872 1793 Ἀκαδημαϊκοὺς)
905 1741 1116 1795 Analogia
1145 1739 1316 1779 videtur
1342 1739 1521 1780 suadere
1549 1740 1744 1780 scriben-

272 1794 400 1836 dum'
404 1795 732 1861 Ακαᾷημιακούς.
795 1797 950 1836 Verum
972 1797 1092 1849 prius
1114 1810 1167 1834 ex
1184 1810 1264 1834 usu
1285 1796 1500 1846 obtinuit,
1531 1799 1742 1851 pluraque

269 1854 402 1907 hujus
428 1854 665 1906 scripturae
685 1856 878 1905 exempla
897 1854 1002 1892 citat
1021 1852 1154 1906 Stepk.
1181 1852 1224 1890 in
1249 1852 1374 1892 Thes.
1368 1882 1393 1902 .,
1418 1852 1493 1906 qui
1510 1853 1635 1892 etiam
1659 1853 1740 1892 ob-

269 1920 432 1960 servat,
466 1908 681 1964 μετάθεσιν
700 1910 912 1948 vocalium
933 1910 977 1947 in
997 1909 1080 1948 hoc
1103 1908 1316 1962 adjectivo
1338 1910 1505 1950 factam.
1559 1909 1618 1947 Et
1636 1910 1739 1963 quia

266 1980 468 2005 numerus
491 1966 794 2019 exemplarium
815 1969 943 2021 longe
962 1969 1119 2019 major,
1160 1979 1244 2004 non
1269 1964 1340 2003 hic
1359 1963 1514 2013 modo,
1546 1964 1618 2006 sed
1642 1965 1739 2004 ubi-

267 2036 350 2076 que
379 2023 423 2061 in
444 2023 650 2073 Luciam,
680 2025 894 2077 vulgatam
926 2021 1169 2072 confir-‚mat
1203 2035 1291 2060 non
1310 2020 1419 2059 mihi
1443 2020 1621 2061 dubium
1641 2032 1730 2074 est,

263 2078 375 2118 hanc
392 2080 644 2133 scripturam
665 2093 754 2118 esse
776 2092 930 2118 veram.
963 2080 1128 2117 Rmcrz.

374 2135 478 2175 Ead
502 2134 1064 2189 1.10.Καταλαμβάνουτας)
1097 2131 1487 2188 Καταλαμβᾶνοντας
1507 2132 1613 2173 illud
1638 2148 1731 2188 per-

264 2201 375 2232 tlnet
404 2191 456 2230 ad
481 2189 761 2256 ἀκαταληψίαν
786 2192 1162 2230 Academicorum:
1207 2192 1354 2244 itaque
1383 2191 1732 2244 comprehendendi

261 2249 390 2288 verbo
415 2263 515 2287 usus
536 2262 690 2300 essem,
722 2249 758 2286 si
777 2247 883 2286 illud
903 2247 954 2287 de
973 2263 1023 2287 eo
1048 2261 1220 2302 quoque
1240 2246 1326 2286 dici
1348 2261 1471 2298 posse
1491 2247 1729 2295 scivissem,

256 2306 339 2357 qui
361 2315 568 2358 sequutus
592 2308 788 2353 alterum,
827 2303 994 2344 tandem
1021 2305 1273 2357 assequitur.
1333 2303 1486 2356 Neque
1518 2303 1630 2342 enim
1655 2300 1728 2343 hic

261 2360 313 2399 de
343 2362 455 2406 fure,
504 2371 578 2399 aut
613 2374 734 2400 servo
769 2360 959 2414 fugitivo
993 2375 1126 2400 sermo
1155 2370 1240 2408 est,
1281 2358 1356 2398 sed
1379 2358 1431 2398 de
1458 2359 1723 2410 viatoribus,

259 2419 329 2456 vel
355 2418 659 2457 currentibus'
647 2432 692 2455 111
716 2416 876 2455 stadio:
919 2417 993 2454 ubi
1013 2416 1242 2470 assequendi
1261 2415 1434 2455 verbum
1456 2414 1723 2454 domicilium

258 2473 381 2524 quasi
401 2473 550 2522 habet,
585 2472 699 2527 quod
723 2483 862 2512 tamen
891 2472 1030 2525 ipsum
1055 2475 1180 2512 etiam
1204 2471 1255 2510 ad
1278 2473 1390 2510 illam
1413 2471 1566 2510 mentis
1587 2472 1722 2509 facul·

257 2537 385 2567 tatem
405 2531 678 2580 transfertur,
711 2543 792 2583 qua
813 2529 1128 2583 compr·elzendme¹
1147 2529 1349 2579 dicimur,
1383 2541 1491 2582 quae
1508 2529 1634 2581 plane
1656 2526 1722 2566 in·

255 2585 668 2639 telligimus.G1·:sN.

366 2641 468 2684 Eacz
486 2639 756 2686 1.11.Ησαν
776 2639 1093 2697 ἀξιολογώτατοι)
1114 2643 1227 2681 Flor.
1246 2638 1514 2696 λογικωτατοι.
1536 2638 1717 2680 Bounn.

364 2697 467 2750 Pag.
488 2703 585 2742 291
607 2701 637 2739 l
662 2705 698 2743 1.
727 2698 942 2752 Διωμνυτο
965 2709 1042 2740 etc.
1058 2701 1072 2747 )
1117 2697 1253 2748 Vide,
1287 2711 1395 2751 quae
1417 2710 1495 2737 nos
1516 2709 1643 2751 supra
1663 2695 1717 2735 ad

252 2751 706 2801 Vit.Auct.c.16.in
727 2770 816 2798 eam
836 2771 921 2797 rem
943 2755 1175 2797 attulimus.
1207 2754 1376 2794 SOLAN.
