1834 3188
390 226 488 273 132
881 234 911 265 L
946 233 981 265 U
1017 233 1044 263 c
1079 233 1098 263 1
1135 232 1167 263 A
1203 234 1236 265 N
1271 234 1290 265 1

239 335 482 392 Ρ·84·1·μετὰ
514 339 594 377 τῶν
623 330 753 375 ἄλλων
772 329 813 389 t)
846 333 902 381 εἷς
921 329 1101 373 Ἰταλίαν
1130 331 1405 384 πεπομφέναι·
1439 331 1523 376 εἶτα
1550 336 1641 390 περὶ
1673 342 1772 381 Μα-

382 407 475 448 λέαν
496 405 565 458 ιι),
609 402 743 455 οἶμαι,
784 398 1015 453 καταδύσης
1048 405 1120 451 τῆς
1150 396 1343 450 ὁλκάδος,
1385 398 1608 445 ἀπολέσθαι
1637 403 1772 449 ἅπαν-

381 477 516 524 vax),
547 474 612 514 καὶ
632 469 702 523 τὴν
728 466 905 524 γραφήν.
947 466 1052 520 πλὴν
1073 465 1168 509 ἀλλὰ
1195 467 1271 521 τήν
1298 486 1340 523 γε
1361 467 1496 511 εἰκόνα
1523 476 1594 524 τῆς
1613 474 1773 526 εἰκόνος

384 542 518 594 εἶδον,
549 542 617 583 καὶ
643 537 764 585 αὐτὸς
781 533 898 590 ὑμῖν,
931 533 985 585 ὦς
1005 532 1056 576 ἂν
1089 534 1175 584 οἷός
1197 553 1236 577 τε
1256 531 1307 587 ὦ,
1340 540 1452 587 δείξω
1471 545 1528 596 τῷ
1543 539 1669 597 λόγῳ,
1704 539 1769 592 οὗ,

383 611 440 666 μὰ
469 610 540 653 τὸν
561 612 663 657 Δία,
696 601 895 661 γραφικός
922 621 980 653 τις
1008 601 1086 654 ὢν,
1119 600 1217 645 ἀλλὰ
1239 603 1348 645 πάνυ
1372 606 1591 660 μέμνημαι,
1625 607 1672 652 οὗ
1692 610 1773 665 πρὸ

375 683 533 722 πολλοῦ
554 675 651 719 ἰδών
681 676 722 715 ἕν
742 690 849 721 τινος
867 672 910 724 y)
940 677 1020 714 τῶν
1042 674 1232 727 γραφέων
1251 670 1458 730 Ἀθήνῃσι.
1492 678 1560 718 καὶ
1587 676 1631 719 τὸ
1650 675 1772 735 ὑπερ,

374 744 590 800 θαυμάσαι
618 742 706 786 τότε
724 740 797 794 τὴν
817 741 978 794 τέχνην,
1010 737 1094 794 τάχ’
1131 738 1180 782 ἅν
1205 758 1274 794 μοι
1305 743 1372 783 καὶ
1398 747 1473 783 νῦν
1497 742 1600 796 πρὸς
1626 744 1668 787 τὸ
1691 761 1770 788 σα..

328 823 357 863 4
381 817 575 871 φέστερον
614 815 787 865 δηλῶσαι
828 813 1157 862 συναγωνίσαιτο.
1224 808 1319 850 Ἐπὶ
1358 807 1475 864 χλόης
1516 806 1718 862 εὗθαλοΰς
1741 809 1768 867 ἦ

382 887 614 937 Κένταυρος
635 878 734 931 αὕτη
765 879 1001 930 πεποίηται,
1035 875 1106 933 ὅλῃ
1132 877 1200 930 μὲν
1227 882 1277 934 τῇ
1295 880 1404 929 ἵππῳ
1424 878 1467 932 Ζ)
1499 881 1618 932 χαμαὶ
1638 882 1771 935 κειμέ-

379 972 444 1007 νη,
468 953 537 994 καὶ
557 947 817 991 οἷποτέτανται
838 948 891 994 εἰς
910 940 1086 986 τούπίσω
1110 947 1151 985 οἵ
1166 944 1286 995 πόδες
1300 960 1309 968 ·
1342 945 1385 988 τὸ
1410 946 1451 988 δὲ
1469 955 1702 1001 γυναικεῖον
1723 952 1766 1001 ³)

381 1019 479 1063 ὅσον
512 1016 653 1070 αὐτῆς,
685 1013 812 1069 ἠρέμα
838 1011 1047 1068 ἐπήγερται
1068 1007 1134 1062 b),
1166 1013 1233 1054 καὶ
1265 1011 1327 1054 ἐπ’
1355 1011 1537 1068 ἀγκῶνός
1566 1018 1694 1058 ἐστιν.
1727 1021 1771 1061 οἵ

382 1090 425 1132 δὲ
441 1087 562 1135 πόδες
589 1088 629 1127 οἵ
653 1086 903 1138 ἔμπροσθεν,
938 1077 1014 1122 οὖκ
1034 1082 1088 1121 ἔτι
1108 1082 1173 1121 καὶ
1203 1074 1316 1123 οὗτοι
1333 1084 1376 1134 ⁰)
1409 1078 1641 1138 ἀποτάδην,
1677 1085 1768 1129 οἷον

379 1158 447 1201 ἐπὶ
466 1150 639 1209 πλευρὰν
659 1148 707 1207 ¹¹)
738 1151 941 1205 κειμένης·
973 1143 1059 1190 ἄλλ’
1089 1145 1110 1190 ὁ
1132 1149 1203 1202 μὲν
1229 1146 1432 1198 ὀκλάζοντι
1458 1152 1608 1204 ἔοικεν,
1641 1152 1697 1196 ὧν
1718 1155 1765 1209 ε)

470 1255 692 1311 turpissime
709 1260 945 1298 corruptum:
972 1250 1083 1285 modo
1105 1250 1194 1286 ibid.
1214 1248 1255 1287 τὸ
1273 1267 1343 1298 γαρ
1367 1252 1581 1298 ἀρχέτυπον.
1630 1254 1721 1300 ῒ)μ
1732 1269 1768 1292 ε-

471 1304 530 1340 τοὶ
556 1316 643 1337 των
671 1298 845 1344 ἄλλων]
872 1297 1014 1335 σκύλων
1039 1309 1080 1330 ex
1110 1311 1176 1331 suo
1198 1300 1342 1332 addidit
1362 1301 1683 1336 Schol.ssod1.ac
1703 1304 1766 1336 de-

469 1351 557 1384 inde
580 1348 816 1392 πεπομφέναι
842 1347 879 1379 in
912 1342 1093 1380 ἀπέστειλε
1097 1358 1117 1378 ν
1137 1346 1426 1390 11111tavit.u)
1455 1347 1673 1390 Μαλέαν]
1699 1361 1764 1392 με-

471 1398 581 1431 λαίαν
609 1395 716 1428 Bodl.
766 1393 930 1435 Deinde,
958 1392 1116 1433 omisso,
1142 1397 1184 1423 nt
1213 1403 1279 1434 par
1306 1398 1403 1435 e1·‚at
1432 1391 1552 1436 οἶμαι,
1579 1395 1764 1438 scriptum

470 1445 523 1476 ibi
542 1438 750 1476 καταδύσει.
798 1441 840 1481 x)
869 1417 1084 1478 ἅπαντα]
1110 1434 1231 1471 πάντα
1252 1438 1359 1470 Bodl.
1413 1440 1516 1482 Quae
1533 1447 1763 1484 sequuntur:

469 1487 565 1533 πλὴν
595 1484 686 1522 ἄλλα
717 1496 833 1530 nsque
859 1485 905 1517 ad
937 1484 1225 1526 συναγωνίσαιτο
1263 1484 1388 1516 omisit
1417 1484 1498 1524 ille,
1537 1491 1714 1541 tanquam
1740 1499 1764 1521 a

466 1546 627 1580 persona
657 1545 721 1565 sua
748 1532 879 1563 aliena.
929 1530 999 1562 Sed
1029 1541 1096 1571 pro
1125 1529 1170 1562 iis
1199 1529 1370 1573 scripsit.
1396 1528 1499 1573 μόλις
1516 1529 1555 1565 δὲ
1573 1544 1764 1576 γραφουσι

467 1593 514 1616 κο
518 1581 687 1624 λλίμαχος
707 1577 769 1612 καὶ
793 1579 971 1618 καλαισης
998 1574 1066 1619 τήν
1084 1572 1211 1609 εἰκόνα
1239 1576 1306 1619 τῆς
1335 1574 1476 1616 εἰκόνος
1497 1575 1626 1617 οὕτως.
1677 1580 1760 1613 Vid.

465 1628 603 1659 Adnot.
653 1623 741 1668 y)L
730 1622 776 1657 e'v
800 1623 952 1664 τινος]
979 1622 1035 1653 Ita
1054 1621 1186 1664 scripsi
1205 1633 1223 1654 e
1241 1627 1329 1653 vett.
1350 1622 1442 1655 Edd.
1465 1621 1504 1657 ἐν
1522 1623 1623 1663 τινὸς
1641 1626 1759 1657 Reitz.

467 1679 504 1705 et
527 1676 682 1705 recentt.
750 1671 790 1712 z)
816 1664 1238 1723 Ἐπὶχλόης-τῇ
1259 1667 1407 1723 ι’ππῳ]
1437 1665 1621 1714 ἐπὶχλοῆς
1644 1669 1762 1705 εὐθα-

465 1720 553 1757 λοῦς
578 1714 602 1762 ἢ
627 1717 765 1751 κενταῦ
769 1725 851 1758 ρος·
887 1711 981 1757 αὕτη
1008 1714 1206 1756 πεποίηται
1226 1710 1290 1757 ὅλη
1312 1712 1355 1757 μὶ
1342 1726 1378 1747 ν
1398 1728 1442 1758 τη
1467 1716 1604 1758 imm,
1632 1717 1762 1750 admo-

465 1765 556 1798 dum
581 1763 714 1796 vitiose
743 1762 846 1794 ssodl.
908 1765 952 1801 a)
980 1763 1291 1817 γυναικεῖον]
1318 1773 1509 1803 γυναικιον
1544 1741 1650 1796 sso’dl.
1678 1766 1758 1796 sine

463 1816 632 1844 accentu.
680 1809 728 1850 b)
755 1805 1041 1853 ἐπήγερται]
1069 1803 1220 1861 ἐπεγείεγ
1225 1807 1427 1849 ρταιΒοάΙ.
1451 1814 1487 1841 et
1506 1806 1671 1842 deinde’
1655 1821 1761 1854 επαγ-

461 1854 766 1896 xo'vogunavoce
817 1855 860 1895 c)
889 1856 1051 1894 ουτοι]
1079 1849 1302 1887 αὕτοὶΒοάΙ.
1355 1853 1398 1892 d)
1427 1851 1502 1889 ἐπὶ
1525 1858 1606 1889 πλε
1593 1855 1755 1899 υραν]

462 1901 681 1946 ἔπιπλευρον
698 1900 807 1934 Bodl.
855 1901 895 1941 e)
925 1895 1007 1943 ὢν]
1038 1899 1126 1942 „Sic
1144 1898 1238 1932 Edd.
1257 1899 1442 1942 plurimae
1460 1907 1495 1932 et
1514 1902 1552 1934 P.
1567 1899 1660 1934 Cod.
1687 1902 1761 1935 Sed

369 1992 417 2018 ro
438 1977 715 2028 archetypum
742 1976 853 2026 Sylla
877 1974 1031 2012 Roma·
1091 1973 1196 2013 rim:
1229 1982 1270 2012 et
1290 1973 1513 2013 vehemens
1538 1983 1626 2013 tum
1652 1977 1757 2016 artis

368 2048 519 2072 norum
551 2033 779 2084 imperator
810 2029 1030 2068 dicebatur

368 2104 462 2128 cum
483 2089 577 2127 aliis
596 2089 638 2125 in
662 2088 830 2125 Italiam
851 2086 1026 2135 misisse,

353 2144 521 2184 'deinde
543 2145 653 2182 circa
672 2145 845 2181 Malean
860 2175 870 2191 ‚
904 2153 1027 2195 puto,

364 2201 580 2239 submersa
618 2199 717 2237 navi
750 2199 906 2250 perisse
937 2212 1028 2236 om-

364 2257 463 2306 nia,
511 2267 551 2295 et
582 2256 714 2308 ipsam
750 2254 854 2292 adeo
884 2254 1027 2305 pictu-

363 2327 466 2353 ram.
513 2312 665 2350 Verum
686 2311 913 2363 imaginem
941 2324 1024 2348 cer—

362 2378 404 2408 te
442 2368 642 2423 imaginis
684 2367 799 2415 vidi,
853 2375 893 2405 et
934 2366 1024 2417 ipse

361 2438 449 2462 eam
493 2425 638 2473 vobis,
687 2432 890 2476 quantum
931 2425 1021 2473 ejus

360 2490 526 2531 potero,
544 2479 787 2527 ostendam3
817 2492 899 2515 non
924 2492 1019 2528 pro-

357 2535 495 2584 fecto,
530 2546 576 2573 ut
599 2537 671 2588 qui
695 2536 887 2588 picturae
911 2534 1018 2586 peri-

356 2598 424 2628 tus
448 2593 523 2628 sim
542 2622 552 2640 ‚
598 2606 739 2629 verum
765 2590 870 2645 quod
893 2593 1017 2641 plane

353 2646 550 2695 memini,
592 2648 665 2698 qui
698 2646 811 2684 haud
833 2647 891 2683 ita
925 2645 1016 2697 pri-

353 2699 444 2739 dem
487 2703 530 2739 in
574 2702 752 2754 pictoris
794 2701 1013 2753 cujusdam

346 2756 512 2810 pergula
547 2758 733 2796 Athenis
772 2773 857 2796 eam
886 2756 1013 2798 vide-

1092 2029 1318 2067 admiratio
1336 2030 1448 2069 forte
1470 2046 1534 2070 me
1553 2046 1669 2070 nunc
1693 2043 1754 2071 et-

1090 2086 1172 2123 iam
1196 2085 1238 2122 in
1271 2100 1317 2123 ea
1338 2086 1582 2126 evidentius
1616 2087 1753 2128 decla-

1089 2141 1219 2179 randa
1272 2142 1444 2193 juverit.
1516 2144 1567 2181 In
1620 2144 1753 2185 viridi

1088 2198 1274 2236 molliter
1300 2198 1487 2251 gramine
1511 2200 1750 2240 Centaurus

1087 2253 1192 2291 haec
1212 2254 1321 2291 facta
1346 2264 1408 2292 est
1425 2286 1435 2303 ‚
1469 2269 1550 2307 qua
1576 2257 1749 2309 quidem

1086 2323 1194 2361 equa
1216 2319 1300 2359 est,
1332 2309 1451 2348 humi
1475 2321 1564 2350 tota
1587 2312 1746 2352 cubans

1084 2366 1270 2404 extentis
1290 2376 1516 2405 retrorsum
1540 2366 1745 2422 pedibus3

1083 2431 1287 2474 quantum
1305 2432 1439 2460 autem
1459 2422 1575 2460 illius
1592 2424 1743 2464 mulie-

1081 2476 1152 2516 bre
1198 2487 1285 2525 est,
1335 2480 1487 2516 sensim
1527 2481 1742 2520 attollitur

1079 2534 1226 2571 nixum
1279 2532 1446 2575 cubito:
1507 2536 1739 2576 anteriores

1078 2603 1177 2627 vero
1224 2587 1349 2639 pedes
1390 2603 1475 2627 non
1516 2593 1597 2642 jam
1650 2592 1734 2642 ipsi

1077 2649 1247 2696 qu'oque
1276 2646 1486 2696 porrecti,
1534 2656 1734 2701 tanquam

1069 2700 1250 2753 jacentis
1286 2700 1331 2738 in
1368 2703 1476 2740 latus
1527 2701 1730 2754 Centauri,

1069 2754 1142 2795 sed
1158 2758 1262 2796 alter
1290 2756 1459 2810 quidem
1483 2760 1731 2813 geniculan-
