1834 3188
457 208 509 238 m
545 206 716 238 VERAE
753 207 1019 238 msronun
1053 208 1146 238 Lm.
1185 208 1216 238 1.
1469 199 1569 247 643

213 303 316 344 Εαιῖ.
337 307 367 346 1.
392 309 458 349 13.
496 301 691 358 Τοιαύτην
711 301 809 358 παρ’
830 302 927 358 ἡμῖν
946 303 1022 358 τήν
1041 302 1219 359 Δάφνην
1234 303 1466 363 γράφουσι)
1495 311 1568 350 In·

102 371 331 415 terprete8‚
362 361 481 401 talem
497 361 605 414 apud
624 378 695 401 nos
719 362 912 415 Daphnen
934 362 1166 404 describunt.
1209 363 1344 402 Immo
1367 380 1455 404 non
1480 383 1566 408 ma.

103 420 167 473 gis
188 418 430 472 Daphnen,
453 432 576 472 quam
601 417 988 465 Phaethontiadas,
1022 433 1145 472 quam
1164 419 1409 472 Myrrham,
1444 424 1567 464 alias-

105 490 186 528 que
216 476 261 513 in
291 474 402 514 idem
436 475 700 513 immutatas:
732 488 872 529 neque
905 475 977 515 hic
999 475 1228 530 quidquam
1255 475 1564 531 descriptiones

100 536 322 583 poetarum
363 541 436 570 aut
469 530 769 571 fabulantium.
840 532 961 570 Vetti
994 532 1165 583 debuit,
1206 533 1322 573 talem
1355 535 1463 588 apurl
1495 553 1566 577 reos

102 587 313 641 depingunt
333 588 527 641 Daphnen
548 596 627 626 etc.
660 588 803 626 GnoN.
864 588 974 628 Vide
1002 588 1261 639 Ouidianum,
1296 604 1402 643 quae
1425 593 1565 644 pictu-

101 659 170 683 rae
191 644 324 682 instar
347 654 432 695 est,
465 644 793 696 descriptionem
817 645 1038 685 Metamm.
1063 645 1104 696 Ι,
1125 649 1220 689 548.
1245 661 1304 700 sq.
1347 648 1505 692 Lnum,

216 701 315 753 Pag,
336 706 430 745 237.
449 703 478 741 1.
500 706 540 744 2·
575 701 759 752 Μεστοὶ)
792 701 860 739 Ex
876 703 961 740 Ms.
982 702 1088 757 Reg.
1110 707 1234 747 2954.
1267 703 1392 758 Vulg.
1411 708 1563 756 μεσταί.

97 758 198 797 B1r.
257 757 420 796 lVIirum
451 756 566 811 quod
593 767 716 796 vetus
748 757 962 812 Interpres
988 758 1173 797 Latinus
1204 759 1352 799 vertit:
1380 762 1564 814 palmites

97 816 182 853 uvis
204 813 337 868 pleni3
375 828 454 852 nec
486 815 609 853 aliter
640 812 854 855 Gesnerus:
887 813 1072 868 palmites
1096 814 1205 868 pleni
1233 831 1418 869 uvarum5
1453 830 1564 858 uter-

100 885 211 923 que,
250 884 298 908 ac
327 869 363 908 si
396 869 569 924 legisset
600 873 749 923 μεστοί.
808 870 945 924 quue
977 871 1090 909 haud
1125 871 1255 910 dubie
1289 883 1424 913 recte:
1465 889 1561 917 nam

98 927 215 978 ipsae
238 926 436 964 mulieres
460 939 544 979 quo
566 927 706 964 minus
730 926 834 980 fingi
855 928 1021 980 possint
1045 944 1205 967 uvarum
1223 928 1384 982 plenae,
1416 931 1563 983 prohi-

95 981 167 1022 bet
186 997 280 1021 cum
301 982 362 1022 rei
383 992 553 1032 natura,
587 992 676 1021 tum
702 984 869 1036 reliqua
893 983 1139 1037 descriptio.

208 1038 311 1079 Easl.
330 1041 359 1077 1.
380 1036 708 1088 4.,Ἠσπάζοντο
743 1041 840 1094 καὶ)
871 1041 956 1080 Ms.
989 1042 1093 1096 Reg.
1117 1043 1241 1085 2954.
1270 1036 1495 1094 ἠσπάζοντό
1525 1062 1564 1088 τε

98 1096 190 1147 καὶ,
230 1095 300 1134 cui
336 1095 516 1134 lectioni
551 1097 689 1145 favet,
731 1097 846 1148 quod
889 1097 933 1134 in
967 1098 1051 1135 Ms.
1086 1099 1191 1152 Reg.
1227 1104 1353 1142 3011.
1388 1102 1561 1154 legitur,

95 1150 242 1204 ἤσπάζ.
263 1167 350 1194 τοτε
369 1154 446 1193 καί.
509 1151 649 1205 Quare
673 1152 780 1190 illud
802 1170 860 1196 τε,
897 1153 1012 1206 quod
1037 1153 1180 1193 deerat
1200 1154 1244 1193 iu
1269 1155 1380 1196 Edd.
1408 1157 1453 1194 in
1475 1167 1565 1196 tex-

96 1218 186 1248 tum
211 1212 293 1262 jam
317 1207 540 1247 admittere
563 1223 648 1247 non
675 1208 979 1249 dubitavimus.
1011 1211 1108 1251 Bw.

210 1264 316 1305 Ead.
347 1267 375 1303 1.
406 1269 471 1307 10.
519 1260 619 1306 Οὔκ
661 1262 726 1306 ἔτ’
757 1262 1077 1320 ἀπελύοντο]
1120 1268 1236 1307 Petit
1267 1277 1415 1308 auctor
1447 1269 1562 1310 haud

99 1321 228 1361 dubie
257 1322 442 1360 fabulam
480 1321 615 1370 illam,
660 1336 782 1375 quam
819 1322 984 1362 Ovidius
1016 1324 1264 1376 plenissime
1298 1326 1485 1364 omnium
1521 1337 1564 1366 et

98 1378 310 1417 uberrime
345 1387 487 1416 narrat
510 1379 729 1416 Metamm.
751 1379 825 1428 IV,
851 1385 945 1423 288.
972 1395 1029 1434 sq.
1066 1380 1116 1419 de
1138 1381 1502 1434 Hermaphrodito
1521 1392 1564 1423 et

96 1435 343 1487 Salmacide.
405 1433 601 1473 Ceterum
633 1435 808 1474 omnino
837 1435 1008 1489 quidem
1037 1435 1151 1475 haud
1180 1437 1475 1489 diffitendum,
1519 1438 1566 1478 id

97 1492 213 1546 quod
234 1490 476 1530 Sclioliastes
506 1490 677 1542 adnuit,
710 1491 791 1530 loti
823 1492 909 1530 vim
943 1494 1081 1543 illam,
1117 1508 1239 1547 quam
1263 1495 1460 1534 Homerus
1488 1494 1566 1535 de-

98 1548 247 1587 scribit
269 1547 423 1599 Odyss.
446 1547 532 1597 IX,
556 1552 645 1598 94.,
678 1547 721 1589 h.
745 1550 774 1586 l.
798 1562 821 1586 a
841 1549 1026 1588 Luciano
1050 1551 1179 1589 simul
1206 1552 1363 1604 respici
1385 1566 1432 1590 ac
1458 1552 1566 1591 risui

97 1604 270 1658 exponi.
304 1605 463 1644 mem.

212 1660 316 1700 Ead.
338 1664 368 1700 l.
394 1665 459 1704 13·
487 1656 625 1702 ‘'06021
648 1658 834 1715 οὗδὲπω)
867 1663 937 1702 Sic
965 1662 1185 1702 Herodian.
1217 1663 1261 1712 I,
1299 1669 1374 1715 13,
1400 1670 1440 1708 6.
1470 1661 1570 1718 ’ἡμῖν

99 1719 139 1761 δὲ
164 1720 343 1769 (αἴτιον)
366 1715 559 1770 ἐσόμενον
581 1716 681 1759 ὅσον
706 1717 879 1761 οὐδέπω.
925 1719 1109 1769 Confer,
1133 1721 1169 1758 si
1190 1720 1332 1771 lubet,
1356 1721 1406 1760 de
1429 1723 1566 1762 Mero.

102 1776 226 1814 cond.
252 1788 341 1826 cap.
361 1779 428 1817 31.
451 1774 480 1814 f.
507 1773 582 1811 ubi
615 1774 757 1813 eadem
778 1775 943 1827 phrasis
968 1791 1192 1814 occurrens
1217 1776 1358 1816 obiter
1378 1779 1569 1831 explica-

101 1843 182 1872 tur.
244 1830 315 1868 Sic
335 1827 432 1872 ὅσον
453 1827 565 1870 οὔπω
591 1830 722 1883 Bergl.
747 1831 799 1869 ad
818 1831 1012 1883 Alciphr.
1037 1833 1078 1881 I,
1107 1837 1170 1874 10.
1202 1834 1364 1872 Rmrz.

214 1888 308 1939 Pag.
323 1891 418 1930 238.
443 1888 470 1924 l.
489 1892 525 1928 1.
560 1886 807 1939 Συμπλοκήν
828 1887 923 1942 καὶ)
957 1889 1073 1927 Haec
1097 1888 1247 1928 desunt
1267 1889 1311 1927 in
1328 1890 1434 1929 Cod.
1453 1893 1565 1930 Flor.

97 1947 276 1986 Bounn.
334 1944 428 1982 Nec
457 1945 728 1996 reperiuntur
751 1944 794 1981 in
818 1943 951 1985 Codd,
979 1945 1129 1983 Pariss.
1153 1960 1229 1984 nec
1254 1946 1419 1985 reddita
1446 1963 1466 1985 a
1490 1962 1567 1986 ve-

98 2012 186 2041 tere
207 2002 445 2053 Interprete
466 2000 650 2038 Latino:
683 2011 764 2039 tum
794 2012 834 2057 eg
857 2001 1126 2040 derelictorum
1151 2002 1254 2051 (ubi
1291 2017 1391 2042 vero
1416 2003 1499 2041 hoc
1521 2005 1566 2042 in

101 2067 229 2097 textu
245 2057 290 2106 (ἓ)
320 2058 504 2097 comitum.
526 2059 844 2097 commixtionem
865 2074 951 2097 cum
968 2057 1111 2096 vitibus
1133 2061 1411 2098 enarravimus.
1474 2060 1568 2099 Ne-

102 2128 185 2166 que
205 2113 404 2165 denique,
428 2113 463 2150 si
487 2112 639 2161 absint,
666 2112 1032 2153 desiderabantur.
1072 2115 1206 2154 Recte
1227 2115 1369 2171 itaque
1393 2116 1568 2155 Schmic-

99 2170 214 2210 clerus
230 2169 404 2208 uncinis
431 2183 475 2207 ea
500 2169 670 2208 videtur
695 2170 929 2210 inclusisse.
962 2172 1122 2211 LmrM.

211 2226 314 2266 Ead.
336 2228 362 2267 l.
383 2231 421 2270 3.
460 2224 743 2277 Οἰνισοὲμενοι)
773 2228 923 2265 Minus
946 2228 1070 2267 etiam
1087 2259 1098 2277 ‚
1133 2243 1252 2281 quam
1279 2228 1323 2265 in
1345 2227 1457 2276 aliis,
1491 2228 1570 2267 ad-

102 2297 327 2338 sequemur
353 2282 397 2319 in
420 2281 536 2321 hisce
559 2282 676 2320 libris
699 2283 888 2322 Luciani
910 2284 1188 2323 suavitatem:
1222 2284 1334 2339 quod
1358 2285 1498 2323 mollis
1524 2295 1566 2324 et

103 2342 147 2379 in
170 2349 308 2393 partes
331 2352 474 2377 omnes
495 2351 654 2391 sequax
681 2339 829 2392 lingua
851 2339 1107 2380 liberrimam
1132 2342 1196 2379 illi
1229 2340 1419 2393 fingendi
1442 2355 1566 2380 voces

103 2405 360 2452 potestatem
391 2393 565 2443 tribuit,
601 2408 724 2447 quam
755 2396 946 2434 Romana
980 2397 1141 2450 refugit
1172 2396 1391 2436 modestia.
1453 2397 1566 2450 Quis

107 2454 219 2493 enim
241 2453 349 2491 ferat
373 2464 472 2499 nOS‚
504 2450 539 2488 si
561 2450 632 2489 hic
651 2465 790 2502 presse
812 2453 945 2491 secuti
968 2453 1092 2492 verba
1115 2454 1272 2493 Graeca
1296 2468 1562 2505 poneremus,

105 2512 243 2564 aquali
262 2506 381 2546 simul
401 2518 434 2544 et
457 2509 646 2561 exfluvio
667 2509 790 2546 vinuli
801 2510 823 2550 Ξ)
853 2509 985 2562 Atqui
1007 2524 1026 2547 a
1047 2509 1152 2563 ligno
1170 2510 1316 2562 lignari
1333 2519 1406 2559 est,
1441 2509 1565 2562 quid..

106 2569 152 2604 ni
172 2567 301 2605 vinam·
323 2580 343 2602 a
368 2562 491 2602 vino?
520 2563 684 2615 Nempe
709 2564 847 2616 Grajis
872 2576 1035 2616 praeter
1057 2566 1275 2620 ingenium
1295 2567 1419 2605 etiam
1444 2565 1563 2605 dedit

108 2637 180 2662 ore
200 2620 385 2660 rotundo
406 2620 533 2657 Musa
554 2619 697 2672 loqui:
733 2633 811 2657 nos
831 2622 979 2660 Musas
1007 2623 1183 2660 colimus
1203 2622 1448 2663 severiores,
1499 2622 1563 2659 Si-

106 2678 198 2716 mili
218 2677 267 2716 de
288 2690 431 2715 caussa
454 2675 722 2728 JIippoffl'pos‚
744 2676 1101 2733 I-Jippomytmeccs‚
1116 2687 1157 2718 et
1175 2678 1218 2716 id
1242 2693 1372 2733 genus
1394 2693 1563 2730 compo-

106 2735 209 2785 sita,
241 2737 366 2773 semel
397 2729 569 2786 quidem
599 2732 642 2769 in
667 2733 910 2785 parenthesi
941 2736 1266 2788 interpretamur
1291 2735 1560 2790 cquivulturcs,

1166 2792 1285 2836 8³2
