1834 3188
261 184 361 231 498
619 193 1372 225 AnNo'rA'rionsss

261 297 307 346 I,
333 298 371 339 4.
405 292 602 334 Ceterum
621 291 694 331 hic
714 306 886 347 quoque
909 291 1200 342 observemus,
1232 306 1321 332 non
1342 306 1504 347 semper
1528 292 1571 331 in
1594 291 1725 331 tabu-

261 354 315 392 lis
336 350 527 405 pinxisse
553 359 740 400 veteres,
775 349 849 388 sed
878 349 1006 388 etiam
1028 349 1218 402 picturas
1241 350 1286 387 in
1310 350 1546 390 membrana
1566 350 1722 388 colori·

262 409 342 448 bus
369 421 478 461 aqua
499 407 742 459 temperatis
760 407 908 445 factas.
948 406 1066 460 Quin
1087 415 1130 445 et
1151 407 1194 444 in
1215 406 1353 445 linteo
1377 407 1552 460 pingere
1573 416 1724 444 notum

260 465 395 504 fuisse
413 473 601 516 tempore
625 462 771 513 Plinii,
805 462 891 503 vid.
913 477 980 515 ap.
1003 463 1139 515 ipsum
1163 462 1238 504 lib.
1260 463 1440 502 XXXV.
1461 477 1496 502 c.
1519 467 1556 505 7.
1591 460 1722 514 Quod

261 536 349 560 nou
382 520 533 565 miror,
578 533 672 557 cum
703 518 753 558 de
781 519 904 572 libris
932 519 1122 569 linteis„
1151 533 1194 558 se
1220 522 1352 558 multo
1385 518 1721 572 antiquioribus,

260 581 343 631 jam
372 575 522 616 fecerit
553 575 815 614 mentionem
834 575 985 614 Livius.
1045 576 1218 614 Veteres
1240 585 1379 615 autem
1409 589 1518 629 aqua
1543 583 1723 618 tautum,

261 649 349 673 non
371 636 466 672 oleo
498 632 740 684 temperatis
771 632 988 671 coloribus
1011 646 1131 680 uSOS,
1166 632 1226 669 ait
1255 630 1469 671 eruditiss.
1488 629 1725 676 Alkemade,

261 691 307 729 in
331 689 513 728 Praefat.
535 687 586 725 ad
610 687 732 727 Melis
757 687 874 727 Stoke
900 686 1238 742 Rym-aeKronyk,
1271 687 1605 737 methodumque
1629 690 1725 725 oleo

262 744 471 800 pingendi
496 758 609 782 anno
635 743 798 783 demum
822 744 984 783 Christi
1010 750 1129 788 1410.
1151 745 1201 782 ab
1221 744 1363 784 Isaaco
1381 760 1460 783 van
1487 742 1559 782 Eik
1576 743 1729 781 inven-

264 813 347 841 tam
371 802 508 840 docet.
570 800 628 838 At
647 800 863 853 quomodo
893 815 1054 854 aqueae
1077 802 1183 840 istae
1211 802 1403 855 picturae
1426 801 1559 847 aeris,
1591 811 1727 852 aquae

263 862 423 904 salsae,
463 867 506 896 et
535 855 730 895 imbrium
760 857 938 910 injurias
968 859 1077 897 ferre
1107 857 1341 910 poterant?
1386 856 1572 895 Picturis
1610 856 1726 893 enim

267 924 435 953 ornatas
464 923 506 953 et
534 913 748 952 coloribus
780 915 963 952 variatas
985 915 1117 952 fuisse
1140 929 1292 964 naves,
1323 916 1499 966 januas,
1533 915 1725 964 clypeOS,

265 985 412 1011 currus
433 980 475 1009 et
492 969 661 1018 similia,
694 979 872 1009 testatur
893 970 1001 1010 Pan.
1020 970 1166 1010 eodem
1189 986 1223 1010 c.
1248 977 1286 1015 7.
1308 980 1350 1010 et
1370 984 1455 1022 seq.
1477 968 1610 1022 ejusd.
1630 966 1728 1008 libr.

263 1033 331 1072 35.
357 1025 473 1080 quod
503 1036 544 1065 et
576 1026 649 1064 alii
681 1036 874 1065 auctores
906 1036 1129 1066 testantur.
1191 1029 1248 1065 Et
1276 1025 1494 1081 quomodo
1527 1023 1579 1062 ad
1607 1027 1730 1077 plura

266 1085 431 1123 saecula
454 1081 742 1135 perdurabant
768 1083 894 1121 etiam
918 1083 994 1120 sub
1023 1092 1132 1122 terra
1156 1085 1356 1122 inventae
1386 1081 1554 1120 tabulae
1574 1080 1730 1132 pictae,

266 1151 315 1179 ut
334 1142 496 1178 colores
517 1138 656 1177 adhuc
673 1137 888 1192 distingui
910 1139 1161 1189 potuerint?
1194 1139 1330 1179 veluti
1352 1139 1424 1177 illa
1442 1135 1732 1189 nymphaeum

265 1197 475 1246 referens,
510 1195 562 1234 de
592 1208 673 1248 qua
705 1194 790 1236 vid.
822 1195 1025 1234 Holstenii
1054 1195 1339 1235 Commentar.
1363 1195 1407 1232 in
1437 1193 1562 1235 Thes.
1591 1191 1732 1233 Graev.

265 1255 318 1292 T.
334 1253 410 1292 IV.
430 1266 470 1304 p.
489 1257 612 1295 1800.
643 1252 915 1305 Tegebantur
939 1253 1100 1305 qnippe
1121 1253 1206 1292 udo
1228 1251 1412 1292 tectorio
1434 1249 1512 1301 (de
1536 1263 1620 1303 quo
1641 1247 1729 1288 vid.

268 1308 448 1358 Vin-nv.)
473 1318 515 1348 et
535 1309 880 1346 incrustabantur
899 1307 1115 1361 pellucido
1136 1324 1187 1348 ex
1211 1306 1370 1360 gummi
1389 1321 1437 1345 ac
1456 1304 1608 1346 resinis
1631 1318 1732 1343 con-

266 1366 384 1405 fecto
414 1365 602 1420 glutine,
637 1367 703 1404 vel
732 1364 1033 1415 inurebantur,
1065 1365 1152 1406 vid.
1182 1365 1287 1405 Plin.
1322 1379 1357 1402 c.
1381 1363 1460 1403 XI.
1488 1361 1590 1401 libri
1624 1360 1732 1399 dicti

265 1436 330 1476 pr.
351 1431 393 1462 et
414 1422 485 1461 fin.
511 1421 663 1474 capitis
677 1452 688 1469 ,
723 1419 839 1475 quod
869 1421 1080 1460 vocabant
1100 1424 1141 1461 in
1162 1423 1382 1461 encaustice
1396 1423 1576 1474 pingere,
1610 1420 1733 1470 cujus

268 1478 354 1517 duo
386 1478 550 1517 fuerint
573 1491 751 1530 genera,
784 1493 890 1527 cera,
920 1489 955 1516 et
984 1481 1024 1516 in
1047 1478 1178 1527 ebore,
1212 1489 1359 1518 cestro:
1391 1491 1438 1514 ac
1467 1475 1637 1514 tertium
1658 1487 1733 1511 ac-

266 1534 456 1582 cessisse,
490 1534 666 1572 resolutis
686 1536 769 1587 igni
790 1536 887 1573 ceris
902 1534 1089 1587 penicillo
1109 1534 1267 1585 utendi5
1297 1548 1398 1587 quae
1415 1534 1573 1586 pictura
1588 1533 1627 1568 in
1649 1545 1732 1567 na—

266 1591 378 1630 vibus
399 1606 469 1630 nec
489 1590 591 1638 sole,
622 1606 691 1629 nec
712 1589 793 1629 sale
812 1593 1008 1644 ventisque
1026 1594 1299 1644 corrumpitur.
1360 1589 1514 1629 Verum
1539 1601 1631 1625 cum
1654 1582 1732 1638 λή-

266 1653 398 1695 κυθος
418 1647 614 1685 oleariam
640 1648 864 1699 ampullam
885 1647 1059 1700 proprie
1080 1646 1352 1701 significans,
1385 1645 1511 1684 etiam
1532 1657 1609 1696 pro
1631 1655 1731 1681 vase

203 1700 205 1703 ’
265 1702 555 1757 pigmentario
574 1702 822 1742 inveniatur
844 1712 1093 1755 usurpatum
1108 1736 1119 1754 ,
1151 1712 1193 1743 et
1213 1706 1353 1742 oleum
1376 1701 1491 1740 cedri
1511 1700 1733 1751 incorrup-

266 1769 310 1798 ta
334 1774 357 1797 a
380 1758 589 1798 vermibus
612 1769 822 1810 praestare
840 1759 959 1814 ligna
981 1769 1023 1797 et
1041 1759 1145 1798 ebur
1169 1759 1374 1798 sciverint
1391 1766 1576 1806 veteres,
1601 1753 1732 1808 idque

266 1829 339 1855 eos
364 1816 410 1854 in
430 1829 531 1853 usus
559 1813 855 1865 adhibuerint,
888 1815 1061 1866 mirum,
1094 1830 1169 1854 cur
1198 1816 1243 1853 in
1264 1823 1448 1853 mentem
1467 1813 1632 1863 iisnon
1654 1824 1730 1850 ve-

264 1871 402 1920 nerit,
436 1871 551 1924 ipsos
573 1874 734 1910 colores
760 1874 856 1910 oleo
878 1881 1135 1925 temperare,
1168 1881 1210 1912 et
1228 1870 1362 1925 magis
1383 1869 1533 1918 miror,
1569 1868 1631 1906 Fr.
1657 1866 1730 1906 Ju-

265 1931 373 1967 m'um
397 1926 510 1965 nihil
529 1927 579 1967 de
598 1926 677 1966 hac
700 1927 956 1967 inventione
977 1928 1168 1981 prodere.
1209 1929 1304 1980 Ego
1325 1929 1473 1964 saltem
1494 1924 1614 1961 illum
1633 1937 1730 1976 per-

261 1987 441 2025 volvens
476 1984 671 2024 invenire
701 1997 789 2022 non
820 1984 960 2036 potui.
1021 1984 1163 2038 Quare
1194 1989 1373 2021 manum!
1399 1980 1450 2020 de
1473 1979 1638 2027 tabula,
1672 1993 1728 2019 ne

261 2040 372 2078 mihi
393 2039 693 2093 exprobretur,
728 2039 844 2093 quod
864 2040 1112 2094 Protogeni,
1144 2042 1264 2092 cujus
1287 2037 1462 2076 unicum
1486 2038 1530 2074 in
1556 2046 1644 2074 arte
1664 2036 1729 2073 vi-

260 2096 372 2135 tium
403 2095 678 2149 reprehendit
709 2096 901 2149 Apelles,
933 2096 1041 2151 quod
1067 2112 1226 2136 manum
1255 2095 1302 2134 cle
1325 2094 1464 2133 tabula
1493 2091 1627 2132 tollere
1646 2105 1728 2130 ne-

262 2153 417 2202 sciret,
450 2151 716 2191 memorabili
738 2163 988 2205 praecepto,
1021 2167 1175 2192 nocere
1194 2165 1318 2205 saepe
1340 2150 1515 2188 nimiam
1535 2148 1727 2202 diligen-

261 2209 381 2248 tiam.
420 2209 583 2249 Rm'rz.
630 2207 972 2260 ¹Simplicissima
1007 2218 1070 2248 est
1097 2208 1270 2248 dicendi
1303 2207 1437 2257 ratio,
1481 2205 1530 2244 de
1566 2205 1724 2258 quain

261 2265 406 2318 priori*
425 2264 554 2316 hujus
586 2263 894 2303 Adnotationis
933 2275 1054 2318 parte
1080 2265 1258 2304 Reitzius
1283 2264 1385 2319 egit.
1447 2263 1646 2316 Περίβαλε
1671 2259 1726 2298 ad

262 2335 395 2359 unum
418 2320 683 2360 Mieoionem
701 2320 909 2374 pertinet3
944 2321 1061 2375 quod
1089 2322 1232 2361 statim
1257 2319 1518 2368 adnectitur,
1549 2317 1601 2356 ad
1619 2319 1726 2369 plu-

261 2390 350 2428 res,
382 2376 537 2432 quibus
570 2391 678 2429 opus
709 2385 799 2416 erat
827 2376 880 2415 ad
909 2379 1037 2417 istum
1066 2377 1216 2428 finem,
1263 2379 1332 2417 vel
1362 2374 1619 2427 discipulos,
1652 2374 1722 2411 vel

262 2433 460 2474 famulos.
530 2433 683 2487 Neque
714 2432 813 2473 ideo
844 2447 950 2486 opus
984 2443 1069 2483 est,
1112 2443 1161 2472 ut
1188 2434 1331 2487 pictor
1359 2429 1575 2478 credatur,
1614 2427 1720 2467 haec

262 2490 500 2540 posteriora
517 2493 722 2544 loquens,
746 2488 797 2527 ad
819 2490 925 2529 alios
946 2504 1035 2530 sese
1056 2489 1339 2539 convertisse3
1370 2483 1719 2541 quemadmodum

263 2557 342 2582 nec
369 2545 490 2585 Jesus
522 2546 570 2585 in
605 2544 823 2585 simillimo
854 2546 932 2586 illo
963 2547 1101 2587 Lucae
1128 2549 1226 2585 loco
1256 2546 1420 2597 Evang.
1447 2542 1497 2590 V,
1519 2545 1557 2582 4.
1589 2539 1718 2579 verba

262 2598 485 2656 ἐπανάγαγε
510 2605 568 2651 εἰς
588 2601 631 2645 τὸ
649 2601 782 2656 βάθος
808 2601 861 2640 ad
885 2604 1082 2654 Petrum,
1113 2601 1335 2655 sequentia
1362 2611 1484 2641 vero,
1517 2597 1583 2637 καὶ
1601 2596 1719 2649 χαλά-

262 2668 355 2697 σατε
379 2655 427 2697 τὰ
457 2662 598 2701 δίκτυα
625 2656 739 2711 ὑμῶν
760 2657 811 2697 ad
832 2660 1021 2713 reliquos
1041 2667 1269 2698 sectatores
1293 2668 1415 2704 suos,
1449 2652 1609 2691 dixisse
1629 2652 1719 2691 exi-

259 2711 496 2753 :rimandus
517 2726 596 2755 est.
645 2714 959 2768 Complectitur
984 2717 1099 2756 enim
1116 2712 1296 2753 Pluralis
1315 2724 1411 2761 eos,
1436 2709 1510 2765 qui
1533 2707 1718 2763 ejusdem
