1834 3188
611 193 1038 227 seHOLiA.
1459 185 1557 230 371

203 294 358 336 Ead.1.
381 297 446 337 10.
479 289 503 336 ὅ
541 290 634 349 γὰρ
677 289 825 342 ἷστὸς
864 295 960 346 τῆς
996 289 1148 342 νεῶς]
1183 292 1260 341 Εἷς
1289 289 1364 346 τὴν
1396 288 1561 348 Ἀαρών

90 353 247 412 ῥάβδον
267 355 308 403 g)
341 348 366 393 ὅ
380 347 619 405 παιγνήμων
637 345 684 401 h)
714 351 920 399 διαπαίζει.
953 350 1005 392 V.

207 423 309 475 Pag.
330 420 477 464 314.1.
505 423 542 461 1.
581 416 632 461 τό
673 412 991 471 ἀλλόκοτον]
1032 414 1265 473 Γράφεται,
1307 412 1560 473 ἀποστρέψαι

89 477 134 522 ‘td
156 474 386 522 ἀλλόκοτον.
415 475 468 513 V.
714 525 722 533 ·
1492 485 1494 488 ·

203 534 309 575 Ead.
330 535 359 574 l.
385 536 424 575 4.
457 528 689 586 ἄβυσσον
712 526 774 584 ²)]
816 525 906 571 α’ντὶ
927 535 1001 572 τοῦ
1021 528 1188 584 ἔπειρον
1212 530 1301 584 ἕχον
1319 529 1472 586 βυθόν,
1508 531 1562 584 V.

202 602 301 655 Pag.
320 602 418 646 315.
438 602 466 642 l.
489 605 527 644 8.
559 594 881 646 διελθόντες]
916 597 1122 651 Γράφεται
1143 601 1365 641 διελθοῦσι.
1392 600 1446 640 V.

201 669 306 710 Ead.
324 671 352 710 1.
374 673 441 712 10.
472 663 688 721 χάσματι
717 662 941 720 μεγάλῳ]
980 665 1085 719 Τάχα
1105 661 1127 708 ὁ
1144 663 1359 721 κενολόγος
1377 669 1434 716 εἷς
1453 671 1559 710 Μω-

91 726 160 769 σὲα
179 728 248 768 καὶ
273 723 348 779 τὴν
383 722 565 779 ἐρυθρὰν
587 721 796 764 θάλασσαν
830 724 1048 764 διαστᾶσαν
1070 717 1123 775 k)
1154 722 1393 778 κρειττόνων
1409 720 1448 774 1)
1475 726 1559 768 ἐπι-

86 785 213 840 πνοίᾳ
232 777 490 826 ἐπισκώπτων
514 781 736 821 αἰνίττεται.
766 779 807 819 V

205 840 305 893 1)αὲ.
324 839 467 882 319.1.
490 839 528 880 5.
569 838 695 878 ποδε
709 834 870 886 ὦνας]
915 829 995 883 Ὣς
1022 835 1086 876 ἐπὶ
1113 835 1249 890 κωδίῳ
1280 833 1330 878 τα
1356 832 1460 890 ὂῖκρα
1488 839 1559 891 τῆς

89 893 246 948 ὀθόνης
266 898 475 942 ποδεῶνας
497 894 628 945 εἴρηκε
643 894 794 941 παίζων
808 888 1020 948 κᾷνταῦθα
1042 888 1113 945 ¹¹¹).
1148 891 1199 932 V.

201 961 304 1002 Ead.
328 964 358 1002 1.
379 964 421 1004 7.
452 959 678 1012 φελλῶν]
718 957 870 1008 Φελλὸς
887 959 934 1008 ²¹)
967 958 1060 1012 ὅρος
1081 959 1122 999 ἒν
1140 955 1288 1015 Ἰταλίᾳ
1309 959 1351 1001 ἔν
1373 954 1407 1016 ᾦ
1422 961 1556 1014 γίνον-

87 1036 152 1062 ται
171 1024 318 1061 πεῦκαι
344 1014 642 1071 ὑπερμεγέθεις.
673 1016 715 1057 ἐκ
733 1015 774 1057 δὲ
790 1013 944 1057 τούτων
964 1020 1044 1056 τῶν
1065 1017 1240 1069 δένδρων
1259 1017 1447 1070 γίνεσθαι
1465 1016 1560 1067 τούς

86 1075 259 1131 φελλούς
277 1073 378 1129 πρὸς
394 1070 626 1125 κουφισμὸν
644 1076 724 1113 τῶν
744 1070 952 1125 σωμάτων.
985 1072 1025 1111 V

199 1131 302 1172 Ead.
321 1134 352 1173 1.
379 1134 445 1175 16.
470 1129 832 1184 Ἐκβαλοῦσα]
866 1133 977 1185 Γραι.
1000 1103 1258 1183 Ιὲαβαλοῦσα.
1289 1128 1342 1169 G.

129 1295 178 1339 g)
205 1290 412 1338 ῥάβδον]
445 1293 589 1327 Iterum
618 1290 790 1336 imperite
810 1291 1018 1325 Lucianum
1045 1290 1192 1324 incusat
1218 1288 1462 1324 Scholiastes:
1489 1301 1558 1323 no-

177 1346 258 1372 tum
280 1340 380 1373 enim
400 1345 455 1372 est
485 1339 557 1372 hoc
589 1339 801 1372 desumtum
829 1349 905 1371 esse
927 1349 969 1370 ex
991 1337 1131 1371 Bacchi
1160 1336 1300 1370 fabula.
1341 1336 1428 1370 cler.
1454 1337 1556 1372 Ouid.

176 1387 373 1419 Metamm.
400 1386 482 1428 ΠΙ,
508 1385 587 1419 660.
607 1396 662 1429 sq.
681 1384 847 1428 Apollod.
872 1385 951 1426 ΙΙΙ,
969 1393 1011 1427 5,
1036 1395 1067 1418 1.
1092 1383 1212 1418 Lehm.

130 1441 183 1486 h)
209 1443 512 1487 παιγνίμων]
546 1439 792 1485 ,,παιγνήμων
815 1442 888 1477 V.“
948 1440 1061 1485 Quod
1091 1439 1321 1474 Scholiastae
1350 1441 1555 1475 restituen-

178 1487 266 1521 dum
285 1489 437 1533 putavi,
463 1500 481 1521 e
505 1489 636 1520 Suidae
655 1493 754 1521 certe
776 1487 1013 1520 auctoritate.
1039 1488 1159 1521 Lehm,

130 1546 170 1590 i)
196 1543 220 1580 ἄ
232 1547 285 1592 βυ
296 1557 316 1580 σ
327 1557 346 1580 σ
358 1558 376 1581 ο
387 1548 432 1590 ν]
458 1547 541 1579 Hoc
559 1552 595 1578 et
612 1555 766 1590 sequens
784 1545 961 1578 Scholion
977 1543 1025 1578 ad
1043 1544 1160 1578 aliena
1176 1544 1289 1579 verba
1305 1544 1485 1589 relatum,
1511 1555 1554 1578 eo

177 1603 249 1638 quo
269 1593 455 1637 pertinet,
480 1592 627 1625 reduxit
664 1591 828 1624 Salanus.

132 1648 182 1693 k)
209 1651 506 1693 διαστᾶσαν]
532 1649 703 1684 διασᾶσιν
724 1650 837 1681 Reitz.
871 1648 1065 1683 διαστᾶσιν
1086 1648 1275 1690 fecerunt,
1312 1649 1438 1681 Βεῖίηο
1469 1661 1556 1683 mo-

176 1702 307 1738 nente,
333 1699 439 1740 Bipp.
462 1702 497 1728 et
520 1696 634 1729 Selzm.
666 1694 728 1727 sed
748 1695 950 1729 διαστᾶσαν
977 1696 1154 1738 Sclmeser.
1179 1694 1325 1727 Melett.
1348 1707 1384 1739 p.
1404 1707 1460 1738 51·
1489 1696 1555 1740 qui

174 1747 367 1786 praeterea
385 1742 476 1774 haec
495 1742 684 1774 observat:
721 1740 944 1783 „Ridiculus
962 1741 1074 1773 bomo
1104 1741 1265 1773 formula
1285 1741 1401 1773 utitur
1417 1753 1493 1773 non
1513 1753 1556 1774 u-

179 1788 365 1832 surpanda
385 1788 429 1831 ei,
444 1788 507 1832 qui
525 1788 662 1819 Mosen
680 1798 701 1819 a
721 1786 878 1819 Luciani
894 1787 1018 1819 sannis
1042 1786 1238 1819 defendere
1258 1787 1410 1819 vellet.“
1435 1788 1555 1821 Lehm.

132 1845 172 1889 1)
198 1859 248 1889 up
262 1843 522 1885 ειττόνων]
551 1845 674 1888 Quam
695 1848 780 1887 apte
800 1843 897 1876 hanc
914 1855 1045 1876 vocem
1062 1843 1177 1876 horno
1199 1843 1432 1876 Christianus
1450 1855 1556 1876 usur-

178 1898 263 1936 pet,
291 1892 373 1924 aliis
396 1890 675 1932 dijudicandum
699 1889 884 1934 relinquo.
935 1891 1043 1923 Certe
1067 1891 1215 1922 Mosem
1235 1901 1254 1921 a
1286 1889 1449 1922 Luciano
1482 1889 1555 1932 peti

177 1949 254 1971 non
277 1938 399 1970 credo.
428 1938 546 1969 Solan.
597 1939 643 1968 At
664 1935 737 1968 hoc
758 1947 834 1968 non
856 1947 943 1968 sane
968 1936 1216 1980 improbabile
1244 1934 1362 1977 dices,
1395 1935 1424 1967 si
1454 1946 1556 1967 com-

180 1984 366 2028 paraveris
398 1982 514 2017 Exod.
545 1982 653 2023 XIV,
677 1994 730 2016 21.
756 1993 810 2016 22.
831 1988 865 2014 et
886 1983 970 2023 XV,
992 1991 1012 2024 5
1039 2001 1081 2005 —
1107 1987 1139 2018 8.
1182 1981 1388 2013 secundum
1417 1981 1557 2013 versio-

178 2041 288 2071 nem,
323 2040 395 2074 qua
411 2031 594 2061 Luciauus
612 2038 698 2060 usus
727 2038 804 2060 esse
822 2027 991 2071 videtur,
1028 2028 1262 2072 septuaginta
1289 2027 1555 2071 Interpretum.

176 2075 296 2109 Lehm.

136 2132 203 2174 m)
230 2129 505 2178 κᾷνταῦθα]
534 2132 580 2164 At
603 2131 685 2164 vide
712 2133 808 2171 ποῦς
826 2132 920 2165 serio
941 2143 984 2165 ea
1009 2130 1052 2164 de
1073 2142 1111 2163 re
1142 2129 1230 2163 alibi
1262 2129 1373 2163 etiam
1401 2141 1557 2175 usurpa-

182 2183 283 2220 tum,
319 2184 360 2210 ut
378 2178 539 2211 Charon.
561 2189 591 2209 c·
613 2189 645 2220 3.
663 2184 698 2210 et
718 2185 798 2212 not.
836 2179 956 2211 Solan-

131 2235 180 2279 τι)
213 2234 417 2277 Φελλὸς]
445 2235 502 2267 De
531 2234 604 2267 hoc
626 2235 757 2268 Italiae
786 2242 914 2268 monte
939 2235 1055 2275 nihil,
1093 2234 1189 2278 qnod
1219 2232 1390 2277 equidem
1419 2232 1557 2265 rescire

177 2282 384 2325 potuerim,
411 2280 510 2323 apud
540 2280 783 2325 Geogra‘phos
810 2282 1008 2314 invenitur.
1056 2281 1192 2313 Plinius
1225 2285 1417 2323 praeterea
1446 2284 1557 2321 negat

184 2330 220 2360 in
237 2336 310 2358 tola
333 2326 445 2358 ltalia
465 2328 564 2356 nasci
585 2329 704 2368 suber,
730 2327 810 2361 Lib.
836 2328 942 2365 XVI,
964 2339 995 2359 c.
1020 2332 1053 2363 8.
1102 2327 1207 2358 Licet
1233 2325 1493 2367 Theoplzraslus
1520 2326 1556 2355 in

184 2374 375 2418 Tyrrhenia
394 2372 495 2403 nasci
515 2370 656 2403 scribat
674 2373 755 2405 Lib.
778 2373 849 2405 ΙΙΙ.
872 2384 902 2406 c.
927 2373 977 2406 16.
1005 2372 1074 2404 nisi
1096 2373 1143 2403 sit
1162 2370 1338 2402 mendum
1353 2395 1362 2411 ,
1391 2369 1491 2414 quod
1514 2376 1556 2402 ut

183 2419 366 2462 suspicer,
410 2417 501 2449 facit
531 2417 663 2448 Plinius
686 2418 916 2450 contrarium
935 2419 1145 2458 affirmans,
1172 2417 1261 2448 licet
1280 2416 1429 2459 legisset
1458 2415 1557 2448 hunc

184 2465 416 2508 Theophrasti
434 2464 580 2503 locum,
610 2474 717 2506 quem
738 2469 772 2495 et
797 2464 833 2495 in
865 2463 1087 2506 quibusdam
1115 2463 1238 2494 vertit.
1292 2463 1465 2494 Ceterum
1494 2461 1556 2494 hie

183 2510 341 2543 absurde
362 2521 402 2542 ex
425 2509 538 2552 piceis
559 2509 668 2540 suber
691 2509 831 2541 desumi
854 2509 963 2551 dicit,
993 2521 1075 2541 cwn
1098 2510 1171 2540 sint
1192 2509 1342 2540 arbores
1372 2508 1480 2550 plane
1502 2508 1556 2540 di-

180 2567 318 2590 versae.
367 2556 525 2588 Videtur
542 2555 666 2597 potius
688 2555 784 2597 apud
805 2556 970 2587 Graecos
991 2552 1123 2597 φελλὸς
1141 2555 1239 2586 idem
1264 2553 1492 2596 significasse
1513 2565 1556 2586 ae

184 2599 337 2644 φλοιὸς,
363 2608 397 2634 et
416 2603 514 2632 suber
543 2597 629 2633 κατ’
651 2598 936 2643 α’ντωνομασίαν
958 2600 1098 2633 dictum
1118 2602 1276 2632 corticem
1301 2599 1379 2640 (ita
1398 2599 1553 2643 legitur,

181 2659 250 2691 pro
271 2649 413 2691 cortex)
444 2653 484 2679 ut
505 2647 615 2679 etiam
647 2647 742 2690 apud
773 2647 927 2679 Latinos
954 2646 1120 2687 sactum,
1155 2645 1254 2691 quod
1285 2645 1491 2678 observavit
1516 2646 1555 2677 in

180 2704 249 2725 suo
272 2694 404 2725 Lexico
427 2695 471 2725 R.
496 2695 762 2735 Constantinus,
789 2698 824 2725 et
841 2698 929 2738 post
953 2692 1061 2726 illum
1084 2695 1118 2726 J.
1139 2693 1346 2724 Harduinus
1364 2692 1411 2726 ad
1428 2691 1557 2726 locum

181 2739 290 2771 Plinii
304 2739 505 2773 laudatum.
537 2738 624 2773 (Τίον.

1142 2785 1281 2829 Aa2
