1834 3188
290 178 391 223 430
646 188 1409 222 ADNo'rArroNEs

292 287 407 327 unde
432 287 677 342 conjecerit.
740 286 790 326 In
807 284 941 326 Belini
958 283 1128 340 quidem
1149 284 1418 326 enarratione
1438 284 1551 325 nihil
1573 288 1664 340 ejus
1683 301 1752 341 ge-

288 345 402 384 neris
428 345 588 384 inveni.
631 345 789 384 anvr.

400 401 506 441 Ibisl.
539 398 718 449 Αὐτῶν)
750 397 1033 438 Restituenda
1057 407 1120 438 est
1146 396 1417 451 postliminio
1439 398 1601 440 sincera
1619 403 1751 442 lectio

289 473 346 497 ex
366 457 556 509 antiquis
581 456 869 502 editionibus,
897 453 949 495 “O
970 453 1016 495 zo}
1045 453 1125 496 ὗπὸ
1146 452 1309 495 πάντων
1333 450 1466 495 αὐτῶν
1483 457 1672 511 λεγόμενα
1692 461 1753 500 εἰ-

287 512 381 562 δώς.
441 513 702 552 Posteriores
729 526 944 564 perperam
969 510 1177 549 dederunt
1196 508 1324 566 αὐτῷ·
1359 510 1474 563 quod
1493 512 1603 552 idem
1627 515 1750 554 fece—

286 580 388 608 runt
414 585 445 611 e.
471 573 538 613 53.
563 568 635 606 fin.
659 565 746 612 7'Hv
772 568 812 609 δὲ
831 565 926 616 τούς
947 563 1020 608 οὔκ
1041 564 1192 614 εἰδότας
1213 569 1350 623 λέγῃς,
1383 564 1502 608 οὐδέν
1520 586 1555 610 τι
1574 568 1618 611 τό
1641 576 1751 622 πλῆ-

285 633 367 674 θος
388 623 497 676 αὐτῷ
517 622 753 677 προςάξεταί
777 634 825 675 με
844 621 1069 670 πιστεύειν,
1103 638 1193 661 cum
1227 634 1339 662 recte
1361 622 1406 660 in
1432 623 1644 675 prioribus
1669 624 1753 667 αὗ-

285 686 377 723 τιόν.
439 683 484 721 Si
509 697 597 720 vcro
628 680 674 719 cle
703 683 890 735 imperitis
917 679 1112 735 loquaris,
1154 678 1258 720 nilziZ
1283 696 1344 719 me
1378 695 1507 720 eorum
1538 682 1750 722 multitudo

288 738 480 787 adducet,
514 749 555 776 ut
580 737 748 778 credam.
781 737 904 778 JENS.

396 795 499 836 Ead.
524 797 550 836 l.
571 798 607 838 4.
637 793 824 847 Ἀτελεῖς)
855 794 1092 835 Pendebam
1117 795 1268 847 animi,
1302 791 1420 847 ἀτελῆ
1447 809 1500 834 ne
1531 793 1605 834 hic
1625 805 1749 848 puta-

280 866 392 903 rem,
425 867 545 906 quem
574 852 928 906 interpretatione
954 853 1164 905 expressi,
1198 868 1324 905 quem
1360 854 1523 890 Romae
1549 851 1750 891 dicebant

282 912 413 961 capite
435 925 612 959 censum,
637 911 710 963 qui
734 925 827 948 cum
847 908 958 954 nihil
982 911 1173 948 conferat
1194 909 1244 947 ad
1266 908 1585 961 rempublicam,
1611 922 1751 962 neque

282 964 337 1003 ad
368 964 567 1018 suffragia
600 965 859 1014 admittitur,
893 979 1029 1018 neque
1061 965 1265 1004 honorem
1298 979 1463 1017 sperare
1492 974 1658 1014 potest;
1693 979 1747 1003 an

279 1037 360 1059 non
383 1021 615 1062 initiatum?
673 1021 754 1060 Sed
787 1037 879 1060 cum
910 1021 1037 1072 hujus
1068 1022 1309 1059 intellectus
1344 1024 1462 1058 nulla
1494 1019 1591 1057 dum
1620 1023 1746 1059 allata

279 1076 338 1114 sit
358 1077 614 1123 auctoritas,
645 1077 767 1131 isque
790 1078 936 1129 potius
959 1077 1153 1116 videatur
1173 1091 1263 1115 esse
1283 1074 1504 1126 ἀτέλεστος,
1539 1077 1674 1113 mansi
1697 1077 1744 1114 in

276 1132 447 1171 solenni
469 1133 587 1171 vocis
609 1148 701 1182 usu,
726 1134 883 1186 quique
910 1133 1069 1184 optime
1093 1133 1175 1170 huc
1200 1133 1342 1171 faciat·
1378 1133 1516 1171 GESN.
1577 1132 1741 1170 Nostro

277 1188 481 1241 scriptori
505 1183 645 1241 ἀτελὴς
665 1204 753 1228 esse
776 1192 884 1228 solet
908 1189 943 1226 is
958 1219 968 1235 ‚
1000 1191 1068 1243 qui
1087 1205 1165 1227 non
1184 1199 1237 1226 cst
1254 1189 1450 1243 perfectus
1466 1191 1506 1226 in
1531 1204 1599 1227 suo
1621 1205 1747 1239 gene—

275 1262 341 1296 7·e,·
381 1247 451 1282 vel
481 1244 655 1283 nondum
696 1256 893 1294 maturus,
928 1254 977 1282 ut
1005 1245 1197 1283 Bacchus
1228 1245 1402 1296 embryo
1435 1245 1571 1282 Diall.
1607 1245 1743 1282 Deor.

273 1300 362 1348 IX,
389 1306 430 1343 2.
454 1303 521 1338 vel
546 1302 727 1349 mutilus,
761 1310 807 1338 ut
829 1301 1069 1339 Combabus
1101 1309 1270 1340 exsecto
1305 1299 1505 1352 pudendo
1540 1301 1611 1338 De
1643 1301 1741 1338 Dea

275 1357 370 1409 Syr.
393 1371 426 1397 c.
447 1361 514 1399 20.
575 1359 629 1398 H.
649 1361 678 1397 l.
701 1354 850 1404 ἀτελεῖς
869 1356 1069 1395 videntur
1100 1371 1189 1395 esse
1215 1356 1516 1408 philosophiae
1542 1356 1737 1395 doctores

272 1414 425 1461 manci,
462 1413 536 1465 qui
568 1428 667 1452 suae
695 1422 859 1451 tantum
887 1423 1026 1452 sectae
1057 1413 1227 1465 placitis
1257 1414 1371 1464 capti
1401 1421 1624 1461 tenentur,
1657 1412 1741 1450 alia

275 1469 418 1507 omnia
439 1472 506 1506 vel
525 1470 794 1523 ignorantes,
827 1472 894 1507 vel
915 1483 1002 1507 non
1031 1479 1240 1507 curanteS.
1287 1471 1442 1510 Lssnm,

385 1524 486 1566 Εαᾶ.
510 1529 539 1564 l.
564 1532 628 1568 11.
660 1523 769 1566 Αὐτὸ
791 1523 942 1578 μόνον)
972 1525 1120 1571 Libri,
1156 1538 1261 1576 quos
1285 1524 1564 1577 inspeximus,
1598 1537 1742 1562 omnes

272 1578 392 1629 αὐτὸ,
426 1580 541 1633 quod
576 1581 790 1634 quomodo
825 1581 1057 1619 convenire
1087 1580 1172 1618 huc
1205 1580 1364 1631 possit,
1399 1580 1588 1618 nondum
1622 1581 1744 1632 equi-

272 1638 366 1677 dem
391 1636 519 1675 video
535 1669 545 1687 ,
578 1638 663 1674 nisi
687 1638 799 1675 forte
823 1635 874 1674 ad
896 1634 1024 1689 μόνον
1056 1636 1286 1684 referatur,
1328 1645 1369 1674 et
1390 1638 1473 1674 vim
1507 1636 1625 1673 illius
1660 1650 1745 1673 au—

271 1703 391 1746 geat3
433 1695 552 1745 cujus
586 1703 726 1731 tamen
757 1692 819 1730 rei
852 1696 1092 1744 exemplum
1127 1691 1267 1730 adbuc
1299 1696 1464 1730 nullum
1501 1692 1740 1730 observavi.

269 1750 582 1801 Interpretatus
606 1763 724 1798 sum,
759 1763 806 1786 ac
836 1748 873 1785 si
902 1751 1070 1801 legatur
1104 1744 1416 1788 azjtofi,-GESN.
1478 1748 1579 1786 Non
1614 1751 1743 1786 semel

269 1804 381 1842 hanc
409 1805 635 1843 formulam
662 1803 887 1857 usurpavit
912 1804 1138 1855 Lucianus,
1185 1817 1357 1842 securus
1388 1804 1438 1843 de
1467 1803 1742 1844 substantivi
1799 1832 1801 1834 >

269 1860 426 1899 adnexi
458 1875 638 1913 genere,
694 1875 793 1899 casu
828 1868 869 1898 et
903 1874 1092 1901 numero,
1154 1860 1226 1898 Sic
1268 1855 1366 1902 αὐτὸ
1404 1859 1533 1913 μόνον
1573 1857 1741 1913 ἐργάτης

270 1916 416 1958 Somn.
438 1931 528 1968 cap.
555 1922 595 1959 9.
659 1917 730 1954 Sic
758 1920 913 1970 βασιλεῖ
933 1920 991 1972 τῷ
1019 1914 1175 1972 μεγάλῳ
1204 1913 1299 1956 α’ὗτό
1319 1914 1450 1968 μόνον
1471 1921 1649 1956 συνεῖναι
1669 1917 1741 1954 De

269 1974 407 2011 Mero.
434 1971 571 2011 Cond.
597 1987 628 2014 c.
654 1977 692 2015 9.
716 1987 823 2025 quae
857 1982 1009 2010 temere
1031 1986 1053 2009 a
1077 1973 1297 2009 nonnullis
1325 1981 1484 2011 tentata
1509 1985 1599 2009 esse
1621 1970 1739 2010 vide-

269 2028 334 2066 bis
360 2030 402 2066 in
424 2028 544 2067 Varr.
571 2029 715 2068 Lectt.
761 2029 832 2068 Sic
854 2027 988 2066 Dian.
1012 2028 1190 2067 Merett.
1214 2028 1286 2068 VI.
1307 2042 1450 2067 Versus
1470 2026 1540 2065 fin.
1564 2029 1604 2068 οἱ
1622 2027 1740 2068 καλοὶ

269 2085 312 2126 δὲ
331 2082 425 2125 αὐτὸ
447 2082 574 2135 μόνον
595 2087 710 2126 καλοὶ
735 2086 924 2126 θέλουσιν
945 2081 1060 2124 εἶναι.
1120 2083 1222 2121 Non
1255 2083 1398 2123 differt
1426 2085 1606 2121 multum
1639 2079 1738 2125 αὐτὰ

266 2146 385 2182 τοῦτο
407 2146 502 2189 παῖς
522 2141 656 2180 Dian.
680 2142 812 2179 Deor.
831 2140 916 2188 IV,
936 2145 974 2182 3.
1033 2140 1166 2178 Recte
1186 2139 1320 2193 igitur
1339 2140 1465 2178 etiam
1487 2138 1527 2179 h.
1547 2142 1576 2177 l.
1599 2142 1737 2178 solen-

267 2211 363 2235 nem
392 2198 616 2235 formulam
649 2206 796 2236 contra
827 2194 1032 2234 Gesnerum
1053 2205 1197 2234 tuetur
1224 2195 1510 2235 Valckenarius
1531 2195 1573 2233 in
1602 2194 1738 2234 Calli-

267 2254 398 2292 machi
428 2254 575 2306 Elegg.
610 2254 816 2307 Fragmm.
854 2266 949 2305 pag.
973 2257 1038 2295 28.
1075 2251 1175 2291 Vid.
1197 2252 1322 2290 etiam
1342 2252 1537 2291 Abresclr.
1560 2252 1733 2291 Dilucc.

266 2308 400 2348 Thuc.
423 2324 461 2361 p.
483 2314 551 2352 56.
578 2319 620 2349 et
638 2310 781 2348 Lectt.
806 2308 1047 2346 Aristaenn.
1072 2321 1113 2359 p.
1139 2313 1232 2351 167.
1261 2309 1418 2346 LEHM.

380 2365 480 2417 Pag.
502 2370 567 2409 67.
588 2369 617 2405 l.
643 2369 680 2408 5.
722 2361 941 2414 Τελευτῶν)
980 2367 1196 2413 Τελευτῶν,
1229 2363 1411 2417 denique,
1443 2373 1636 2417 postremo
1657 2362 1733 2400 in—

265 2428 519 2472 terpretatur
542 2421 578 2462 J.
599 2420 725 2460 Brocl.
750 2421 879 2460 Misc.
902 2420 978 2461 IX.
1004 2435 1038 2458 c.
1065 2426 1129 2463 16.
1157 2419 1490 2459 circumllectens
1517 2419 1730 2468 ultimam,

265 2485 308 2513 et
326 2477 386 2514 sic
407 2477 732 2531 Lexicographi
753 2491 846 2515 cum
864 2489 936 2515 eo:
969 2475 1076 2517 Edd.
1101 2490 1200 2515 vero
1222 2476 1258 2513 J.
1279 2475 1337 2515 H.
1359 2476 1451 2514 Par.
1472 2475 1513 2512 S.
1534 2484 1730 2512 constan-

266 2539 329 2568 ter
361 2534 550 2570 ultimam
587 2543 765 2572 accentu
797 2533 915 2586 gravi
946 2533 1140 2585 signant,
1173 2546 1288 2570 more
1310 2529 1513 2569 adverbii.
1575 2530 1728 2569 Utrum

264 2586 444 2634 rectius,
478 2589 584 2626 mihi
604 2604 689 2627 non
714 2590 875 2642 liquet,
910 2587 1228 2626 circumflexum
1251 2597 1388 2624 tamen
1413 2585 1620 2624 veriorem
1642 2601 1729 2625 cre-

264 2640 343 2690 do,
379 2643 476 2693 quia
497 2645 769 2697 participium
791 2654 872 2693 est,
906 2645 986 2682 etsi
1007 2644 1127 2698 quasi
1145 2641 1444 2684 adverbialiter
1463 2641 1725 2684 sumendum.

261 2696 424 2735 Fuzr‘rz.
485 2698 554 2739 Cf.
576 2701 696 2742 Varr.
716 2701 859 2741 Lectt.
891 2700 1049 2740 LnnM.
