1834 3188
377 210 1299 245 INTYRANNICIDAM.
1474 198 1572 243 709

111 312 178 354 καὶ
208 308 316 364 παρὰ
344 309 416 365 τὴν
440 312 665 352 τελευταίαν
691 311 846 364 ἐκείνην
874 311 1016 363 σκέψιν
1035 306 1328 375 κατηνάγκασα.
1390 307 1572 348 Videtur

111 368 276 421 aliquid
307 367 601 418 intercidisse,
641 367 840 405 nimirum
860 369 926 408 καὶ
948 377 1045 420 post
1066 380 1212 406 vocem
1233 362 1402 434 χρόνων.
1466 364 1571 404 Om—

110 427 179 463 nia
202 427 332 479 itaque
352 423 552 464 cumulata
570 427 605 462 ei
624 423 885 473 circumdedi,
922 434 1104 463 naturam
1125 419 1325 476 (στοργὴν
1350 421 1566 474 scilicet),

109 480 305 531 dolor-,em
339 481 658 534 desperationem,
689 491 852 530 metum,
883 492 1095 534 temporum
1114 481 1419 518 insecuturorum
1433 477 1568 517 horro-

109 554 192 586 res,
224 549 258 576 et
280 537 590 577 auxiliatoribus
616 539 657 576 in
678 554 761 575 eum
792 554 884 576 usus
901 553 1008 586 sum,
1040 547 1156 590 atque
1177 535 1231 574 ad
1251 546 1466 575 extremum
1493 534 1568 574 hoc

110 593 316 633 consilium
332 593 498 647 pet-puli.
556 594 770 645 Interpres
799 608 884 632 nou
912 596 1018 632 male
1049 592 1266 645 supplevit
1290 589 1467 640 τούτοις,
1508 591 1568 629 his

108 650 293 689 adversus
314 650 428 690 illum
447 650 615 690 auxiliis
639 667 729 689 usus
750 665 849 688 sum.
908 651 961 688 In
984 648 1177 689 editione
1197 648 1448 687 Florentina
1471 656 1570 701 post

106 720 253 746 vocem
278 705 500 760 μελλόντων
528 706 672 745 hiatus
693 715 778 751 est.
813 717 853 745 et
879 705 987 745 duae
1020 719 1145 745 voces
1176 714 1399 759 sequentes
1435 704 1571 742 omis-

106 777 191 810 sae;
225 763 339 815 quod
360 773 608 818 argumento
630 773 706 812 est,
737 762 954 813 Codicem‚
987 777 1072 817 quo
1095 761 1338 801 Florentini
1362 760 1429 800 usi
1452 769 1568 809 sunt,

104 833 156 858 eo
174 821 271 859 loco
296 834 340 859 se
360 823 466 859 male
486 819 698 863 habuisse.
727 819 851 861 ,ΙΙ-ωε.

215 930 323 971 Ιόἱιῖ.
348 929 454 973 Ἐπ’
477 930 629 982 αὐτὸν)
666 930 831 981 Τούτοις
853 930 924 970 hic
948 931 1177 972 desiderari
1200 932 1392 980 videtur,
1423 932 1567 984 legen-

104 986 311 1042 dumque,
352 1007 509 1038 τουτοις
540 988 604 1031 ἐπ’
637 987 760 1031 αυτὸν
789 987 1030 1057 ἐχρησάμην.
1076 990 1253 1030 GUYET.
1315 989 1465 1026 Parum
1489 985 1569 1025 ab-

103 1043 214 1093 fuit,
247 1046 350 1098 quin
373 1046 479 1084 illud
502 1063 660 1095 τουτοις
681 1057 778 1086 ante
798 1049 845 1088 ἐπ
887 1046 932 1084 in
954 1056 1202 1085 contextum
1222 1043 1473 1097 receperim3
1507 1043 1567 1082 ita

105 1099 152 1138 id
173 1099 278 1138 mihi
305 1104 590 1141 necessarium
611 1102 795 1142 videtur.
856 1103 914 1141 At
936 1113 1079 1155 potest
1099 1105 1179 1156 jam
1195 1116 1245 1142 eo
1266 1101 1355 1150 uti,
1390 1099 1465 1153 qui
1485 1113 1568 1140 vo—

103 1157 248 1197 luerit.
306 1159 460 1227 Neque
482 1160 703 1212 quisquam
726 1160 835 1199 vitio
857 1169 1012 1203 vertat,
1048 1158 1160 1213 quod
1182 1169 1320 1198 tamen
1346 1171 1444 1195 mox
1466 1153 1570 1209 πρὸς

104 1227 184 1266 pro
205 1231 318 1278 παρα
337 1225 379 1254 et
399 1217 489 1269 περὶ
510 1230 562 1255 ex
581 1215 727 1254 eodem
751 1216 1006 1269 receperim:
1046 1215 1091 1253 id
1116 1216 1227 1254 enim
1249 1216 1431 1263 factum,
1466 1214 1567 1265 quia

104 1282 170 1307 res
201 1269 294 1324 ipsa
323 1274 602 1336 loquebatur,
641 1272 769 1312 etiam
795 1273 888 1311 sine
921 1271 1128 1310 Codicum
1161 1285 1243 1324 ope
1264 1271 1324 1310 sic
1345 1270 1568 1323 coirigen-

104 1323 347 1377 dum31um
369 1330 469 1381 quia
492 1342 568 1368 nec
588 1331 760 1381 vulgata
781 1329 910 1368 lectio
930 1328 1012 1367 sibi
1031 1328 1276 1380 constabat3
1309 1340 1416 1381 quae
1436 1339 1568 1390 quau:

106 1380 162 1419 do
192 1394 394 1423 constans
426 1394 513 1434 est,
557 1385 698 1423 minus
731 1386 859 1424 facile
894 1384 1114 1423 movenda.
1176 1385 1395 1432 Ceterum,
1436 1382 1473 1422 si
1495 1382 1565 1421 cui

104 1439 250 1478 minus
274 1439 440 1480 adridet
461 1440 568 1480 illud
589 1443 680 1488 καὶ,
714 1441 828 1495 quod
851 1442 952 1480 Jens.
979 1452 1077 1494 post
1108 1440 1264 1495 χρόνων
1286 1439 1416 1478 inseri
1446 1441 1565 1488 vult,

102 1505 310 1546 punctum
332 1497 472 1536 minus
493 1507 592 1550 post
610 1497 652 1536 id
678 1498 871 1536 vocabul
863 1514 928 1536 un
953 1507 1105 1550 ponat,
1137 1499 1258 1537 etsie
1276 1498 1368 1536 sine
1387 1496 1453 1536 καὶ
1474 1508 1566 1533 sen-

102 1563 175 1588 sus
194 1553 296 1590 satis
322 1563 512 1603 constat,
543 1554 618 1608 qui
640 1563 779 1592 tamen
805 1557 871 1593 vel
890 1570 982 1593 cum
1007 1563 1211 1593 commate
1227 1552 1464 1593 tolerabilis
1488 1560 1564 1591 est.

101 1607 267 1647 Rssnz.
329 1609 462 1648 Nulla
485 1611 572 1649 loci
595 1609 816 1662 depravati
840 1610 1018 1648 sanandi
1040 1611 1149 1650 1atio
1177 1610 1352 1649 omnino
1371 1608 1477 1647 mihi
1500 1622 1567 1645 sa-

107 1662 162 1700 tis
185 1665 302 1706 facit.
363 1666 473 1704 Nam
500 1676 548 1704 ut
569 1669 698 1719 vulgo
729 1670 932 1720 leguntur
957 1666 1108 1715 verba,
1151 1681 1238 1705 non
1271 1675 1450 1719 possunt
1480 1677 1567 1702 non

107 1719 344 1771 offendere,
377 1722 579 1791 quoniam
601 1736 688 1760 non
711 1726 844 1761 solum
864 1726 1016 1775 copula
1039 1722 1167 1772 deest,
1203 1737 1311 1776 quae
1331 1721 1566 1761 necessario

108 1787 206 1816 ante
226 1777 390 1816 verba'
375 1775 437 1819 εντ’
460 1774 583 1819 αὐτὸν
601 1779 948 1831 exspectabatur,
979 1794 1114 1833 neque
1138 1779 1273 1817 huic
1263 1778 1436 1830 mopiae
1458 1791 1567 1816 com-

106 1845 216 1874 mate
237 1836 304 1872 vel
328 1835 479 1888 majori
500 1835 862 1887 interpunctione,
889 1845 938 1874 ut
961 1835 1101 1874 voluit
1121 1835 1311 1883 Reitzius‚
1345 1848 1483 1887 neque
1507 1843 1567 1871 ta-

107 1905 202 1931 men
234 1890 362 1942 fecit‚
412 1891 603 1929 adhibita
632 1891 820 1930 succurri
849 1891 952 1930 satis
986 1900 1150 1943 potest,
1201 1890 1274 1930 sed
1303 1891 1470 1929 etiamsi
1500 1891 1569 1931 καὶ

108 1963 202 1987 cum
224 1946 355 1989 Jensio
374 1947 628 1997 inserueris,
657 1950 698 1989 οἷ
715 1945 910 2000 σύμμαχοι
930 1947 1004 1999 qui
1027 1948 1137 1994 siut,
1180 1947 1358 1986 nonnisi
1389 1946 1566 1998 conjici-

109 2004 220 2045 endo
242 2005 490 2072 assequaris.
552 2004 642 2044 Jam
663 2004 742 2044 etsi
764 2018 859 2042 cum
886 2002 1031 2054 Guyeto
1062 2020 1271 2052 τουτοις
1300 2002 1566 2053 praemlseris

109 2060 286 2101 verbis'
270 2078 317 2102 επ
353 2057 495 2110 αυτὸν,
529 2074 651 2112 quam
671 2060 880 2099 rationem
907 2059 1094 2099 Gesnerus
1112 2059 1362 2123 praetulisse
1383 2058 1565 2108 videtur,

108 2131 278 2167 vereor,
312 2131 365 2156 ne
388 2118 593 2155 articulus
624 2113 961 2170 εηῐετσυμμάχοις
987 2116 1127 2155 minus
1162 2126 1274 2155 recte
1305 2115 1364 2154 sit
1385 2115 1566 2168 positus.

108 2173 358 2227 Cogitabam
388 2173 440 2212 de
470 2172 669 2211 mutanda
700 2187 805 2213 voce
835 2174 1028 2225 ἐπέστησα
1053 2172 1097 2210 in
1118 2171 1351 2224 ἔπιστησας,
1385 2181 1433 2210 ut
1456 2181 1569 2211 certe

106 2231 328 2268 vinculum
355 2228 533 2283 aliquod
563 2229 869 2268 sententiarum
901 2228 1148 2269 efficeretur.
1209 2230 1363 2269 Verum
1396 2242 1473 2267 nec
1506 2227 1568 2266 sic

110 2286 225 2326 omni
250 2301 303 2325 ex
329 2295 448 2339 parte
477 2284 582 2323 mihi
605 2286 866 2324 satisfactum
893 2285 1048 2326 sentio.
1106 2288 1278 2333 Restat,
1315 2294 1363 2322 ut
1391 2286 1436 2323 in
1465 2284 1567 2322 uni-

106 2355 230 2382 verso
249 2342 334 2381 loci
356 2356 505 2390 seusu,
541 2343 614 2394 qui
638 2356 723 2387 non
749 2352 812 2380 est
837 2342 1061 2390 obscurum,
1094 2343 1436 2396 acquiescentes,
1468 2355 1568 2379 ver-

108 2400 159 2438 ba
195 2398 400 2452 quaedam
437 2398 606 2451 singula
640 2402 709 2437 vel
735 2409 933 2452 corrupta
964 2398 1218 2446 habeamus,
1263 2399 1333 2437 vel
1360 2397 1566 2436 minutam

106 2465 337 2495 statuamus
365 2458 558 2493 lacunam
583 2453 816 2507 quandam,
863 2458 983 2508 cujus
1009 2455 1189 2510 vestigia
1221 2454 1322 2493 satis
1351 2456 1568 2493 luculenta

108 2512 260 2551 Editio
282 2511 510 2551 Florentino,
531 2510 730 2550 ostendit.
793 2511 1088 2563 Coniecturis,
1133 2526 1240 2565 quae
1263 2510 1377 2550 varia
1399 2510 1468 2550 via
1493 2525 1569 2549 ex-

109 2568 289 2622 cogitari
310 2567 501 2621 possint,
535 2566 755 2620 indulgere
777 2567 970 2606 nolebam
987 2601 996 2615 ,
1030 2582 1157 2621 quum
1177 2570 1334 2606 nullam
1357 2567 1569 2621 intellige-

108 2640 194 2664 rem
216 2625 320 2663 satis
340 2624 459 2663 firmo
483 2622 763 2662 fundamento
792 2624 935 2662 fulciri
959 2637 1095 2675 posse.
1158 2624 1300 2678 Quare
1324 2623 1449 2662 etiam
1471 2637 1567 2663 sus-

112 2690 280 2734 pectum
299 2681 407 2720 illud
431 2682 515 2729 ἐπὶ,
549 2694 624 2732 pro
645 2693 730 2732 quo
754 2680 836 2719 hoc
856 2678 1039 2733 quidem
1062 2684 1158 2720 loco
1179 2695 1267 2719 non
1290 2681 1393 2719 satis
1410 2679 1568 2733 proba-

111 2736 257 2776 biliter
297 2739 351 2780 ἔτι
391 2736 612 2776 substituit
657 2735 849 2785 Solcmns,
901 2735 1103 2777 hactenus
1140 2736 1407 2778 retinendum
1451 2735 1567 2775 duxi.
