1834 3188
360 211 411 243 m
449 211 686 250 Quomono
723 212 956 245 HtsromA
993 215 1069 246 srr
1105 213 1303 249 consen.
1461 205 1562 256 535

214 307 320 350 niel.
348 305 403 351 ‘O
419 308 622 363 πόλεμος)
652 311 792 364 Hujus
817 311 916 351 belli
946 312 1120 353 initium
1145 323 1342 354 statuunt
1364 316 1560 360 Chrono..

107 367 192 423 logi
216 367 354 406 nostri
387 381 500 406 anno
531 367 692 407 Christi
723 368 874 407 CLXI.
909 368 1035 408 finem
1066 370 1264 412 CLXIV.
1325 373 1450 414 Unde
1473 378 1557 428 jam

106 433 242 479 patet,
275 433 317 463 et
336 423 379 461 in
399 424 676 478 sequentibus
699 426 852 463 clarius
872 425 1058 479 patebit,
1091 441 1175 482 quo
1194 436 1383 482 tempore
1400 431 1562 473 [κοῖα-ἑ

107 480 305 522 nushunc
325 481 488 520 foetum
514 480 709 521 ediderit.

210 537 447 576 Historiam
467 538 534 578 M.
552 537 749 578 Aureliia
769 538 1094 591 sapientissimis
1113 540 1218 580 viris
1229 542 1429 597 scriptam
1450 545 1562 585 fuis-

105 610 163 642 se,
195 603 376 633 testatur
396 593 672 646 Herodianus,
706 592 781 638 ὅσα
802 596 873 647 μὲν
896 590 970 639 οὖν
992 599 1127 649 ἐκείνᾳ)
1147 599 1366 652 πέπρακται
1386 624 1442 632 -
1461 608 1560 645 πολ-

104 658 179 700 2059
208 651 275 693 καὶ
311 657 460 703 σοφοῖς
495 647 664 706 ἀνδράσι
699 653 995 708 συγγέγραπται.
1072 654 1151 694 Sed
1186 665 1260 694 aut
1296 659 1565 709 posteriores.

105 708 325 761 scriptores
355 707 540 759 indicat,
581 718 655 748 aut
689 723 712 749 a
738 710 914 750 Luciam'
943 709 1106 763 judicio
1137 711 1319 753 immane
1348 724 1557 768 quantum

90 766 329 817 'dscrepat,
362 764 478 818 quod
506 774 646 805 tamen
674 764 801 820 hujus
827 766 964 805 libelli
983 768 1112 807 lectio
1147 770 1389 820 posteritati
1419 785 1557 825 usque

106 821 202 862 aleo
225 820 560 868 commendavit,
591 831 640 859 ut
656 822 838 861 eximius
859 822 1065 864 historiae
1084 825 1267 877 scriptor
1285 827 1474 866 Thuanns
1493 842 1557 868 re-

105 882 216 934 gulas
239 876 485 916 condendae
510 877 717 918 historiae
737 894 789 919 ex
806 894 856 919 eo
877 882 1104 932 praecipue
1125 891 1167 921 et
1185 881 1359 933 petierit
1373 893 1416 922 et
1435 884 1555 922 fron-

103 945 129 974 t.
151 935 356 973 historiae
379 948 478 973 suae
501 933 685 973 adscribi
705 938 928 976 curaverit.
987 938 1052 977 M.
1075 938 1241 977 Aurelii
1264 938 1395 977 vitam
1417 940 1554 979 Theo-

100 992 248 1032 «lor-icus
266 990 490 1043 Bignonins
504 991 689 1043 scripsit.
747 992 971 1033 Commodi
1001 993 1180 1046 parabat
1204 993 1346 1037 Claud.
1365 995 1553 1037 Nicasius

101 1064 183 1088 cum
210 1047 358 1101 Sponio
380 1057 421 1086 et
445 1048 649 1088 Toinarclo
665 1049 953 1091 Aurelianensi.
992 1051 1163 1092 SOLAN.

199 1104 304 1145 Ead.
324 1106 350 1145 l.
372 1109 410 1148 8.
441 1102 518 1147 ’Ev
544 1100 729 1162 Ἀρμενίᾳ
757 1111 844 1162 τρ.)
876 1105 974 1149 Vid.
996 1109 1116 1151 Dion,
1139 1107 1246 1149 Cass.
1269 1113 1337 1153 71.
1369 1109 1548 1164 Elegeia

98 1176 244 1202 iomen
270 1161 379 1211 loci,
411 1160 486 1199 ubi
511 1163 650 1200 clades
669 1164 741 1202 illa
765 1174 951 1217 accepta.
984 1165 1106 1207 Nott.
1129 1179 1168 1217 p.
1193 1170 1261 1209 40.
1297 1166 1462 1205 sorix.

194 1217 295 1258 Ead.
315 1219 343 1258 l.
365 1223 402 1261 9.
436 1223 646 1260 Μᾶλλον
666 1223 700 1261 ’δ
715 1220 752 1273 ὲ]
787 1220 978 1275 Corrigit
997 1236 1054 1262 se.
1104 1222 1172 1259 Ex
1190 1221 1546 1263 antecedentibus

98 1274 221 1324 (ὕδεὶς
249 1273 356 1323 ὅστις
378 1283 454 1313 etc.
483 1276 694 1328 potuisset
717 1277 874 1330 aliquis
900 1278 1133 1331 conjicere,
1164 1279 1404 1318 Lucianum
1426 1279 1549 1332 parvi

98 1336 226 1372 facere
246 1342 287 1371 et
308 1334 427 1370 nullo
449 1335 545 1372 loco
568 1331 722 1373 habere
741 1334 846 1373 istos
869 1333 1123 1382 historicos3
1157 1335 1285 1374 immo
1304 1350 1417 1383 vero,
1432 1350 1546 1374 nunc

96 1390 244 1443 inquit,
277 1397 378 1427 sunt
397 1388 672 1441 Thucydides
694 1399 735 1428 et
754 1390 980 1429 Herodoti.
1012 1391 1200 1432 Scilicet.
1233 1393 1297 1430 Ita
1318 1392 1438 1429 auxit
1462 1392 1545 1430 iro-

93 1447 213 1486 1iarn.
259 1444 372 1484 Illud
394 1450 545 1497 μᾶλλον,
565 1446 605 1488 δὲ
625 1446 752 1485 etiam
772 1447 885 1486 infra
906 1461 941 1488 c.
967 1452 1005 1491 8.
1024 1447 1119 1488 Jov.
1145 1449 1270 1502 Trag,
1291 1462 1324 1488 c.
1344 1453 1412 1493 33.
1437 1448 1547 1487 Plat.

95 1504 278 1556 Sympos.
303 1516 335 1543 c.
357 1507 424 1546 37.
448 1502 485 1555 ᾗ.
506 1509 544 1547 3.
595 1503 717 1544 Run.

193 1558 294 1599 Eud.
312 1561 338 1597 l·
354 1564 417 1601 11.
458 1560 533 1608 Τὸ,
565 1560 738 1611 πόλεμος
757 1558 825 1601 circ.
845 1563 910 1609 π.)
942 1559 1175 1614 Empedocli
1193 1561 1452 1601 Scholiastes
1474 1561 1547 1598 tri-

92 1616 202 1666 buit,
232 1625 275 1655 et
302 1616 479 1654 omnino
503 1617 715 1656 sententia
745 1617 1020 1670 Empedoclis
1041 1627 1115 1656 est.
1177 1618 1226 1657 V.
1251 1617 1357 1657 Plut.
1378 1618 1422 1655 in
1449 1619 1546 1656 De—

89 1674 231 1712 n'etrio
256 1677 379 1716 1708.
404 1683 445 1711 et
465 1674 623 1712 Moral.
649 1679 770 1717 1617.
793 1675 824 1711 f.
860 1674 977 1714 Clem.
999 1673 1126 1713 sllex.
1146 1679 1213 1718 25.
1234 1675 1286 1714 B.
1308 1684 1349 1713 et
1368 1674 1546 1712 Riilers-

90 1732 165 1769 Ius.
183 1738 273 1770 not.
293 1728 344 1766 ad
377 1729 563 1782 Porphyr.
590 1745 630 1783 p.
655 1735 721 1774 37.
781 1730 863 1771 Sed
895 1731 1021 1770 verba
1056 1729 1258 1770 videntur
1287 1731 1432 1781 potius
1460 1731 1544 1769 He-

93 1786 238 1825 racliti.
298 1784 404 1826 Plus.
426 1791 528 1834 660,
548 1792 584 1829 2.
610 1786 661 1825 de
682 1786 786 1825 Isid.
808 1797 851 1826 et
869 1787 980 1829 Osir.
1013 1787 1234 1838 Expressit
1257 1786 1372 1825 Ouid.
1396 1796 1437 1825 et
1456 1787 1546 1826 dis*

93 1860 169 1883 cws
191 1842 593 1897 concor-diafoetibus
613 1854 708 1897 apta
729 1855 792 1884 est,
829 1843 955 1883 Conf.
977 1844 1143 1895 Blenag.
1166 1842 1218 1882 ad
1229 1844 1395 1896 Diogen.
1409 1843 1544 1882 Lafirt.

90 1915 122 1939 e2
141 1899 338 1952 Lipsium.
401 1899 565 1939 Confer
585 1909 627 1938 et
645 1901 827 1941 Icarom.
854 1915 889 1940 c.
908 1905 947 1944 8.
989 1900 1155 1940 SOLAN.

191 1955 297 1994 [bid.
331 1955 544 2010 Πόλεμος)
577 1956 646 1995 Sic
663 1971 754 2010 pag.
775 1962 870 2000 728.
899 1953 1073 2009 πόλεμον
1097 1961 1176 1997 τῶν
1197 1954 1299 1998 ὅλων
1319 1954 1469 2009 πατέρα
1493 1953 1544 1997 εἴ·

87 2029 148 2052 ναι
178 2011 345 2061 ἐδόξατε.
405 2014 499 2051 Hac
531 2012 581 2052 de
608 2028 652 2052 re
681 2014 855 2066 copiose
883 2013 994 2066 Lips.
1035 2013 1214 2053 Bounn.
1273 2012 1468 2065 Respicit
1490 2011 1545 2051 ad

86 2070 195 2106 illam
223 2069 565 2109 Heracliteorum
598 2079 790 2109 veterum
820 2069 1181 2123 philosophorum
1212 2067 1542 2120 ἐναντιοτροπήν,

86 2139 156 2176 per
174 2139 297 2179 quarn
317 2123 527 2178 ἡρμόσθαι
551 2124 600 2167 τὰ
627 2124 745 2176 ὄντα,
779 2127 869 2180 ipse
890 2127 951 2165 ait
974 2124 1088 2179 apud
1105 2127 1317 2179 Diogenem
1338 2126 1545 2165 Lab-lium

88 2181 164 2230 lX,
186 2186 226 2224 7.
257 2182 515 2223 Heraclitus,
571 2182 710 2222 Nemo
729 2184 843 2223 forte
863 2182 1098 2236 explicavit
1117 2197 1206 2222 eam
1231 2181 1545 2234 ἐναντιοτροπήν

88 2248 126 2277 ει
144 2252 281 2277 rerum
314 2239 503 2276 omnium
528 2253 582 2277 ex
607 2254 752 2292 pugna
783 2239 963 2293 quadam
986 2242 1290 2279 elementorum
1320 2239 1543 2293 originem,

91 2295 303 2347 :Opiosius
326 2307 447 2346 quarn
466 2294 751 2348 H1TJ›pocr·ateS‚
784 2296 912 2335 modo
934 2297 969 2334 is
992 2305 1139 2335 auctor
1158 2296 1234 2345 sit,
1268 2295 1320 2335 de
1341 2295 1480 2334 diaeta
1500 2295 1541 2346 I,

92 2358 118 2394 ε,
142 2365 230 2404 seq.
263 2350 372 2400 VII,
397 2357 437 2395 6.
465 2364 550 2403 seq.
578 2352 775 2404 inprimis
801 2367 834 2391 c.
856 2358 908 2395 12
929 2375 986 2383 ·-
1012 2357 1077 2395 17.
1109 2365 1216 2403 quae
1245 2364 1382 2405 nuper
1410 2365 1545 2405 expo.

93 2408 216 2447 suisse
238 2406 362 2446 nobis
396 2406 610 2458 videmur,
643 2422 737 2446 cum
768 2408 903 2460 ψυχὰς
925 2406 1222 2458 Ἵπποκρᾶτους
1243 2408 1294 2447 ad
1316 2407 1543 2461 disputam

94 2479 182 2503 (um
218 2463 396 2503 eruditis
428 2477 773 2515 proponeremus.
812 2466 949 2507 Gnsn.
1009 2464 1139 2504 Facio
1171 2479 1265 2504 cum
1293 2464 1543 2514 Scholiaste‚

95 2521 161 2572 qui
181 2519 233 2559 ad
258 2518 546 2573 Empedoclis·
564 2520 678 2558 dicta
707 2522 861 2573 respici
887 2531 1045 2561 monet.
1106 2522 1326 2560 Lucianus
1350 2523 1542 2560 voculam

95 2583 239 2625 vzinog,
272 2590 354 2630 qua
382 2590 483 2614 usus
505 2586 569 2616 est
592 2576 896 2629 Empedocles,
929 2577 1101 2617 videtur
1129 2577 1174 2615 in
1194 2576 1370 2630 πόλεμος
1387 2586 1543 2615 mutas-

97 2647 155 2682 se,
189 2647 274 2685 quo
304 2634 436 2687 magis
464 2643 607 2685 aptum
635 2633 707 2671 fiat
733 2633 893 2672 dictum
918 2634 978 2673 rei
1009 2635 1233 2686 praesenti.
1293 2634 1392 2673 Alio
1416 2648 1543 2673 sensu

96 2703 176 2728 eam
198 2688 430 2728 adhibitam
449 2705 557 2740 esse,
588 2705 712 2745 quam
741 2704 826 2744 quo
848 2705 950 2730 usus
972 2704 1020 2730 ea
1050 2701 1113 2730 est
1131 2690 1437 2745 philosophus»,
1471 2706 1543 2744 per

98 2759 140 2784 se
159 2755 287 2799 patet.
327 2747 445 2784 nun.
