1834 3188
427 206 604 239 zmnns
637 206 735 240 vm,
773 206 1066 239 AN'rlocHUs.
1349 194 1448 241 137

56 305 234 357 πόλλους
260 303 390 361 δρῶν,
422 307 494 349 ’καὶ
517 305 593 360 τὴν
618 305 804 363 φάλαγγα
826 311 1026 362 καρτερῶς
1049 310 1350 362 συναραρυῖαν,
1382 309 1495 374 xviip-
1509 326 1590 373 846·

60 379 124 420 ἐπὶ
144 375 325 430 μετώπου
347 376 417 430 μὲν
435 379 757 430 προασπίζοντας
776 374 870 424 τούς
886 374 1198 429 χαλκοθώρακας
1219 372 1374 426 αὐτῶν,
1408 378 1448 425 ἐς

60 445 197 501 βάθος
216 446 256 487 δὲ
276 447 338 487 ἐπὶ
356 443 550 499 τεττάρων
569 446 636 486 καὶ
663 447 787 486 εἴκοσι
815 446 1074 499 τεταγμένους
1093 441 1142 499 q)
1175 442 1354 496 ὁπλίτας,
1386 448 1447 488 ἐπὶ

60 516 186 568 κέρως
205 511 242 555 δ’
267 515 514 567 ἑκατέρωθεν
530 512 604 566 τὴν
624 516 748 555 ἵππον
768 516 977 567 διςμυρίαν
999 514 1041 569 r)
1075 510 1200 556 οὖσαν
1215 547 1225 565 ,
1257 516 1299 556 ἐκ
1317 515 1358 556 δὲ
1376 520 1450 557 τοῦ

63 585 186 636 μέσου
207 580 255 624 τὰ
278 580 434 636 ἅρματα
455 579 755 635 ἐκπηδήσεσθαι
771 583 815 630 ⁵)
853 583 1040 635 μέλλοντα
1063 581 1354 638 δρεπανηφόρα
1375 579 1450 639 ὄγ-

62 649 275 705 δοήκοντα,
289 653 357 693 καὶ
379 654 602 706 συνωρίδας
623 645 680 691 ἐπ’
702 645 838 698 αὐτοῖς
860 651 922 698 δὶς
939 646 1147 700 τοςαότας·
1178 656 1302 693 ταῦτα
1324 649 1447 707 ὁρῶν,

60 718 172 762 πάνυ
200 718 382 773 πονηρὰς
411 719 486 773 εἶχε
517 718 587 768 τὰς
617 719 801 769 ἐλπίδας,
850 715 1094 772 ὦς’ἆμάχων
1127 717 1256 762 ὄντων
1287 722 1450 762 ἐκείνων

64 787 174 846 αὐτῷ
192 787 248 842 t).
280 791 432 839 ἐκεῖνος
452 786 525 843 γαρ
547 784 606 829 δι’
627 784 836 841 ὂλ.ι’;,.ὀυ,“)
866 791 936 840 τῆς
953 790 1160 842 στρατείας
1188 791 1342 842 ἐκείνης
1364 807 1451 830 πα-

64 861 431 912 ρασκευασθείσης,
464 854 512 898 οὗ
535 857 774 912 μεγαλωστὶ,
807 854 899 898 οἶδὲ
929 854 1016 897 κατ’
1041 854 1154 906 ἀξίαν
1176 862 1254 899 τοῦ
1275 858 1451 911 πολέμου

65 925 257 980 ἄφίκετο,
297 928 445 981 κομιδῇ
477 921 639 980 ὀλίγους
669 921 803 979 ἄγων,
847 926 913 966 καὶ
938 921 1093 966 τούτων
1118 925 1377 967 πελταστικὸν
1408 923 1452 967 vd

64 995 189 1047 πολῦ,
223 996 289 1037 καὶ
304 991 482 1048 ψιλικόν.
518 996 559 1035 οἱ
577 997 775 1048 γυμνῆτες
793 995 845 1042 ¹)
876 993 935 1043 δὲ,
968 990 1067 1048 ὑπὲρ
1086 992 1210 1046 ἥμισυ
1230 1000 1300 1047 τῆς
1326 1009 1454 1049 στρα-

63 1069 152 1114 τιᾶς
172 1058 293 1117 ἦσαν·
327 1061 422 1113 ὧςτε
442 1060 570 1105 ἐδόκει
590 1057 695 1117 αὐτῷ
711 1061 789 1114 ἤδη
812 1063 1076 1112 σπένδεσθαι,
1107 1065 1177 1103 καί
1196 1081 1284 1104 τινα
1305 1059 1456 1116 εὔπρε-

64 1138 124 1186 πῆ
145 1130 328 1175 διάλυσιν
347 1129 603 1184 εὑρίσκεσθαι
622 1134 697 1170 τοῦ
717 1130 907 1183 πολέμου.
962 1127 1081 1172 'Auci
1108 1130 1308 1180 Θεοδότας
1328 1129 1349 1173 ὁ
1366 1128 1457 1173 Ῥό-
1482 1146 1509 1186 9

67 1205 173 1252 ὄιος,
207 1197 310 1255 ἀνὴρ
333 1205 541 1255 γενναῖος,
574 1199 642 1239 καὶ
660 1203 853 1240 τακτικῶν
880 1200 1086 1253 ἔμπειρος,
1122 1197 1197 1242 οὔκ
1219 1202 1278 1242 εἰά
1317 1198 1457 1254 παρών

67 1265 255 1325 ἀθυμεῖν.
286 1270 354 1310 καὶ
373 1261 476 1320 ἦσαν
495 1265 569 1321 γάρ
594 1267 805 1308 ἑκκαίδεκα
822 1268 1031 1321 ἐλέφαντες
1051 1272 1106 1326 τῷ
1125 1264 1334 1321 Ἀντιόχῳ·
1365 1266 1504 1330 τού-Ρ,
1519 1290 1599 1331 847,

160 1382 367 1417 secundum
390 1386 480 1414 vett.
507 1379 600 1412 Edd.
631 1380 764 1420 vertit,
806 1381 1025 1414 ltf'ielandius
1053 1393 1137 1414 vero
1166 1382 1275 1422 εἰδώς
1301 1393 1457 1427 prorsus

162 1430 301 1464 omisit.
373 1430 414 1471 q)
441 1426 796 1471 τεταγμένους]
825 1426 1047 1470 τεταμένους
1076 1429 1200 1462 minus
1230 1430 1324 1462 bene
1356 1439 1456 1472 2954.

159 1478 203 1518 r)
231 1474 518 1517 διςμυρίαν]
545 1475 777 1517 ,,ὸυςμυρίαν
808 1474 903 1506 male
930 1475 959 1506 J.
985 1476 1030 1507 H.
1054 1476 1096 1508 B.
1119 1486 1150 1507 2.
1180 1475 1232 1507 ΓΙ.
1255 1477 1332 1507 Par.
1383 1474 1460 1507 Sed

160 1523 323 1555 correxit
342 1521 378 1554 S.
407 1520 553 1563 Alioqui
579 1521 634 1552 vel
655 1520 756 1552 nulla
769 1519 836 1554 Ed.
862 1528 1058 1563 praeeunte
1077 1521 1346 1565 corrigendum
1370 1520 1462 1553 fuis-

158 1570 254 1601 set-‘⁶
312 1568 350 1610 s)
376 1563 758 1609 ἐκπηδήσεσθαι]
786 1564 1058 1612 ,,ἐπιβήσεσθαι
1080 1568 1119 1601 Ρ.
1139 1573 1176 1600 et
1198 1569 1237 1602 A.
1261 1567 1377 1600 Codd.
1413 1570 1460 1599 At

159 1614 351 1658 vulgatam
379 1619 501 1645 seruat
532 1613 622 1645 Cod.
653 1613 703 1646 Pl.
727 1618 763 1645 et
796 1624 864 1646 mS.
897 1614 936 1645 B.
973 1613 1062 1646 item
1093 1613 1159 1646 Ed.
1182 1613 1232 1646 ΡΙ.
1253 1614 1283 1646 J.
1307 1614 1352 1645 H.
1377 1615 1460 1649 Par.

163 1662 260 1696 etc.“
307 1663 348 1700 t)
376 1656 526 1704 αὐτῷ]
550 1659 639 1701 „Sic
661 1661 698 1692 P.
722 1660 813 1693 Cod.
836 1657 961 1693 αὐτῶν
980 1660 1116 1693 Edem.
1136 1661 1181 1695 H.
1202 1661 1284 1693 B.2.
1310 1660 1359 1691 ΡΙ.
1375 1661 1459 1692 Par.

161 1708 262 1739 etc.“
311 1712 347 1743 u]
375 1703 436 1741 δι’
464 1705 647 1749 ὀλίγον]
674 1707 760 1748 „lta
777 1707 979 1739 recteP.et
992 1717 1109 1751 marg.
1133 1708 1173 1738 A.
1199 1701 1464 1741 1.W.6L'6M-

159 1764 226 1796 γον
244 1751 367 1786 Edd.“

159 1799 305 1832 Ianus.“

72 1918 165 1958 gem
198 1902 341 1942 valide
385 1904 577 1955 densam,
625 1905 734 1945 etin

71 1962 216 1999 fronte
241 1960 413 2013 quidem
434 1972 627 2017 tegentes
651 1962 736 2015 pri-

72 2031 179 2054 mam
238 2018 368 2057 aciem
419 2020 622 2058 loricatos
663 2033 736 2057 ae-

73 2087 132 2119 te,
160 2073 370 2113 introrsus
391 2089 490 2114 vero
515 2087 555 2115 et
578 2076 622 2113 in
645 2090 736 2115 ver-

75 2143 166 2166 sum
191 2139 349 2169 stantes
370 2132 412 2168 in
445 2132 534 2171 acie
561 2132 736 2171 vicenos

77 2195 301 2237 quaternos
331 2198 535 2239 armatos,
579 2204 738 2227 cornua

75 2241 240 2279 firmare
254 2243 455 2296 utrinque
469 2246 626 2300 viginti
649 2247 740 2283 mil-

74 2297 181 2336 lium
223 2299 484 2350 equiratum;
537 2316 559 2340 e
602 2301 739 2339 media

76 2354 168 2392 acie
189 2366 472 2407 prorupturos
498 2371 641 2395 currus
661 2358 739 2395 fal·

79 2420 198 2449 catos
220 2412 454 2465 octoginta,
488 2423 528 2451 et
549 2413 739 2465 bigarum

75 2477 242 2519 praeter
259 2467 337 2507 hos
361 2472 535 2508 alterum
555 2479 740 2507 tantum:

77 2522 194 2573 haec,
227 2524 426 2577 inquam,
461 2525 626 2573 videns,
660 2539 741 2562 ma-

79 2580 119 2618 le
143 2594 241 2619 sane
265 2581 314 2619 de
336 2582 459 2620 rebus
484 2583 572 2620 suis
594 2596 742 2634 spera-

81 2634 170 2682 vit,
222 2637 295 2689 qui
335 2638 498 2677 invicta
541 2639 622 2676 ista
657 2638 742 2676 sibi

80 2700 262 2742 putaret.
323 2694 423 2746 Ipse
454 2695 593 2743 enim,
623 2694 742 2732 brevi

80 2755 270 2800 tempore
297 2761 540 2804 comparato
563 2752 638 2791 illo
661 2765 744 2790 ex—

428 1754 470 1795 x)
497 1752 704 1797 γυμνῆτε
717 1755 760 1793 ς]
789 1752 922 1797 „Nihil
939 1753 1080 1786 variare
1102 1752 1196 1786 Edd.
1219 1752 1374 1786 adnotat
1392 1754 1462 1785 So—

796 1903 957 1954 ercitu‚
993 1918 1083 1943 non
1106 1903 1355 1958 magnifice,
1389 1918 1461 1943 ne·

796 1976 877 2018 que
905 1975 981 2014 pro
1003 1961 1213 2014 dignitate
1237 1961 1358 2010 belli,
1393 1975 1463 1999 ve-

796 2018 964 2068 niebat,
1000 2032 1157 2069 paucos
1190 2017 1352 2069 oppido
1387 2017 1464 2054 du-

798 2089 909 2123 cenS,
945 2084 985 2114 et
1006 2075 1049 2112 in
1074 2074 1138 2112 his
1161 2078 1362 2127 peltastas
1378 2077 1466 2126 ple-

796 2145 948 2185 rosque
997 2141 1037 2170 et
1084 2133 1190 2169 levis
1230 2141 1464 2169 armaturae

798 2186 1019 2227 homines:
1054 2188 1206 2226 velites
1232 2198 1369 2226 autem
1396 2189 1465 2222 ul-

798 2253 860 2283 tra
888 2243 1108 2282 dimidiam
1136 2244 1346 2283 exercitus
1374 2256 1464 2294 par·

798 2310 881 2338 tem
904 2310 1034 2340 erant.
1099 2302 1249 2352 Itaque
1276 2302 1356 2351 jam
1391 2298 1466 2335 vi—

800 2355 979 2395 debatur
1003 2357 1068 2395 illi
1095 2357 1279 2409 pacisci,
1315 2365 1353 2395 et
1382 2354 1467 2392 ho·-

799 2424 961 2451 nestam
991 2412 1091 2452 belli
1118 2409 1383 2449 dissolvendi
1404 2424 1467 2448 ra-

801 2468 963 2507 tionem
1017 2469 1213 2519 reperire.
1302 2467 1467 2507 Verum

802 2524 1000 2562 Rhodius
1019 2524 1279 2572 Theodotas,
1298 2525 1362 2562 vir
1382 2523 1467 2560 for-

802 2581 857 2618 tis
884 2589 924 2618 et
951 2580 1212 2620 ordinandae
1229 2580 1335 2619 aciei
1360 2579 1470 2632 peri-

803 2645 895 2688 tus,
929 2651 1022 2674 cum
1044 2636 1232 2688 adesset,
1266 2652 1352 2675 non
1376 2649 1470 2688 pas-

802 2707 872 2731 sus
922 2703 985 2731 cst
1031 2693 1218 2731 animum
1271 2693 1469 2745 abjicere.

802 2750 940 2788 Erant
962 2749 1075 2789 enim
1104 2749 1232 2790 etiam
1254 2747 1469 2790 sexdecim
