1834 3188
432 208 1240 243 INHERMOTIMUM.
1475 199 1573 242 437

110 323 204 350 men
220 340 231 358 ‚
263 318 312 347 ut
330 309 606 361 possessoris,
640 309 684 347 in
707 309 848 346 fronte
869 305 995 360 hujus
1023 306 1123 345 libri
1146 306 1350 358 scriptum
1377 304 1572 346 invenio.

109 367 170 405 At
191 364 299 403 illud
323 362 447 406 ὦπται
479 375 591 405 certe
612 363 941 405 convenientius
964 365 1100 409 foret,
1132 377 1254 417 quam
1279 356 1312 403 ai
1331 368 1427 410 παῖ,
1458 362 1572 416 quod

110 421 185 461 hic
204 418 527 475 ἆπροςδιόνυσον
548 432 624 461 est.
683 421 756 461 Sic
774 419 886 459 enim
910 419 1016 459 dicit
1034 420 1264 459 Lucianus:
1295 418 1398 458 nihil
1416 418 1576 472 adposi-

110 489 194 517 ium
211 481 315 518 visus
338 489 391 518 esi
409 478 534 518 dicere
553 477 732 518 Phidias.
792 475 901 514 Nam
927 476 1007 515 etsi
1029 475 1169 526 dicas,
1206 490 1228 514 a
1248 475 1448 514 Luciano
1472 489 1575 527 pue·

110 549 203 573 rum
232 535 377 574 vocari
401 535 736 584 Hermotimum,
767 545 842 585 per
871 532 1126 581 ludibrium,
1162 531 1276 586 quod
1299 531 1488 584 junioris
1510 531 1575 568 in-

108 600 197 629 star
219 589 420 644 discipuli
441 590 635 643 quotidie
653 589 838 629 scholam
862 587 1207 642 philosophicam
1227 589 1492 641 frequentet
1524 596 1575 626 ut

109 646 240 685 initio
271 646 398 701 hujus
429 647 607 701 Dialogi
632 644 801 694 innuit,
834 644 878 682 id
910 653 1048 684 tamen
1075 645 1217 685 minus
1253 644 1338 683 huc
1368 642 1575 696 quadrare

107 701 291 745 videtur.
353 703 524 744 solanus
553 702 785 756 adjecerat,
816 698 1092 754 legendum‘
1073 719 1093 742 0
1125 707 1225 752 πᾶς,
1253 715 1339 738 non
1371 702 1505 750 male,
1532 708 1575 739 et

108 759 414 799 conferendum
445 759 598 814 Navig.
621 773 710 811 cap.
732 763 798 801 26.
863 757 945 795 Ubi
976 757 1020 794 in
1047 757 1300 810 quibusdam
1330 742 1574 810 Edd.qi10-

110 829 192 868 que
229 833 249 857 o
281 821 374 863 παῖς
404 815 581 868 legitur,
616 829 710 852 cum
738 813 847 853 aliae
877 812 1037 852 ibidem
1071 824 1182 853 iecte
1210 812 1232 855 ὁ
1260 818 1338 861 πᾶς
1359 812 1573 862 habeant;

106 871 309 910 nimirum
338 889 358 913 ο
377 876 488 919 πᾶς
478 877 529 911 π)
534 869 666 912 ου’των
689 869 934 924 (πλοῦτος),
967 880 1071 909 totus
1090 870 1307 918 illesam-‚us
1341 880 1446 907 totae
1468 868 1573 908 (2ίυί-

106 930 195 966 stae.
254 929 474 967 Praeterea
504 937 545 967 et
573 941 649 979 pio
682 928 830 982 λέγων,
862 926 969 981 legit
996 927 1119 975 λέων,
1150 925 1264 979 quod
1286 924 1381 966 scil
1399 925 1573 973 licebat,

107 983 208 1036 quia
231 983 306 1022 alii
335 985 456 1038 γέλων
487 983 714 1022 exhibent:
745 984 805 1022 ita
838 993 885 1022 ut
902 991 1039 1021 totum
1072 981 1133 1020 sic
1163 982 1420 1029 constituat,
1453 978 1572 1022 οὐδὲν

105 1038 209 1094 γὰρ
199 1039 301 1093 ποὸς
323 1039 393 1081 τὸν
414 1038 644 1089 Διόνυσον,
678 1057 698 1082 ο
721 1044 801 1088 πᾶς
822 1041 860 1080 λέ
844 1056 940 1090 cmv,
971 1038 1074 1078 nihil
1085 1041 1184 1077 enim
1207 1046 1260 1077 ad
1279 1055 1355 1076 rem
1373 1036 1489 1092 facit
1512 1048 1570 1076 to·

105 1108 166 1135 ius
195 1095 266 1135 Zeo.
328 1097 474 1151 Eligat
507 1096 662 1150 igitur,
697 1095 811 1150 quod
834 1095 929 1149 quis
949 1098 1077 1133 volet.
1108 1096 1274 1134 RmTz.
1336 1093 1536 1132 suidam
1525 1108 1570 1131 m

107 1151 199 1194 οὖὸὲ
202 1170 226 1193 ν
252 1152 420 1203 laudat,
453 1151 651 1206 nihilque
682 1166 789 1205 opus
813 1166 902 1192 esse
926 1150 1224 1192 emendatione
1247 1150 1289 1190 h.
1307 1153 1335 1190 1.
1359 1149 1466 1188 bene
1488 1149 1571 1188 ad—

104 1209 543 1250 notatBelinus.B1P.
605 1210 781 1247 Gratum
808 1208 976 1262 quidem
1002 1207 1125 1245 nobis
1147 1207 1247 1245 fecit
1260 1206 1437 1254 Belinus,
1454 1205 1570 1259 quod

106 1265 273 1303 §uidam
293 1280 323 1306 5
346 1280 387 1304 ν.
415 1261 542 1306 Οὐδὲν
563 1265 691 1313 citat,
725 1279 747 1303 3
768 1279 851 1319 quo
872 1264 1033 1317 triplici
1054 1262 1180 1302 modo
1205 1262 1422 1315 proveibii
1448 1262 1569 1315 origo

105 1322 357 1372 explicatur.
417 1322 574 1361 Verum
607 1330 739 1369 enat,
773 1335 898 1374 quum
931 1321 993 1358 sic
1027 1329 1150 1373 putat
1181 1321 1309 1357 simul
1344 1318 1452 1357 dilui
1480 1319 1570 1355 cri—

104 1392 222 1425 men,
257 1378 301 1414 in
325 1377 437 1429 quod
460 1376 632 1416 Solemus
652 1352 777 1416 verba
797 1377 974 1417 Luciani
992 1375 1177 1416 vocavit
1237 1375 1339 1413 Non
1361 1374 1474 1412 enim
1496 1375 1568 1412 ille

104 1433 155 1472 de
185 1433 410 1486 proverbio
445 1434 540 1486 ipso
570 1433 682 1487 agit,
727 1448 862 1487 neque
895 1432 999 1471 adeo
1029 1432 1177 1480 verffba
1213 1430 1330 1472 ουὸὲν
1362 1448 1437 1484 yae
1466 1429 1569 1482 ποός

101 1488 174 1530 τὸν
195 1487 402 1530 Διόνυσον
422 1490 617 1529 tentavit.
677 1489 757 1529 Sed
778 1490 915 1543 tangit
948 1488 1189 1527 criminatio
1213 1490 1326 1540 ejus,
1362 1501 1496 1540 quae
1488 1486 1569 1524 ad·-

105 1545 285 1594 duntur,
322 1545 468 1584 verba:
504 1547 534 1586 ὠ
555 1552 648 1595 παῖ,
683 1547 722 1586 λέ
706 1562 818 1599 ι;.γων
879 1546 1034 1595 Etiam
1060 1543 1164 1583 haec
1185 1542 1432 1592 videndum,
1465 1557 1564 1579 num

103 1616 204 1640 sana
224 1577 324 1640 sirit.
367 1602 424 1639 At
443 1611 543 1640 sunt
567 1602 801 1640 sanissima.
847 1601 1029 1642 Phidiae
1051 1599 1255 1639 tribuitur
1279 1598 1564 1653 proverbium,

103 1673 192 1697 non
216 1659 337 1711 quasi
360 1658 518 1711 primus
555 1659 626 1697 ille
647 1657 750 1697 haec
772 1658 898 1696 verba
933 1661 1102 1695 locutus
1125 1657 1201 1701 sit,
1236 1655 1351 1709 quod
1380 1654 1568 1693 Gesnerus

104 1716 214 1752 falso
246 1729 298 1753 ex
328 1713 369 1753 h
400 1718 426 1752 1.
459 1715 646 1767 colligit,
687 1713 759 1754 sed
793 1714 968 1768 fingitur
997 1712 1196 1762 Phidias,
1243 1722 1443 1762 tanquam
1475 1711 1569 1762 ipse

102 1770 352 1819 Lucianus,
382 1785 428 1809 ea
461 1769 512 1807 ad
534 1746 845 1809 Hbermotimum
879 1779 1070 1809 nostrum
1097 1769 1250 1812 dicere.
1309 1768 1378 1806 Sic
1402 1766 1553 1804 invidi
1546 1782 1567 1804 1

104 1827 165 1866 rei
197 1804 401 1867 mollitin.
462 1825 635 1865 Deinde
669 1826 900 1875 allocutio,
934 1821 965 1866 ὠ
995 1831 1086 1873 παῖ,
1129 1826 1276 1875 potius
1305 1822 1567 1861 blandientis

106 1892 189 1931 est,
220 1891 269 1920 ut
291 1897 379 1946 esse
401 1886 532 1932 solet,
567 1896 690 1935 quam
712 1881 1002 1935 despicienti&
1044 1881 1195 1934 Neque
1215 1880 1320 1919 adeo
1341 1893 1432 1916 cum
1455 1878 1568 1916 Βνω

104 1939 238 1979 daeo
227 1949 467 1991 imperitum
486 1953 686 1990 puerum,
720 1941 788 1977 vel
821 1952 913 1976 cum
939 1936 1105 1976 Gesnero
1126 1946 1165 1975 et
1184 1936 1339 1975 Reztzio
1366 1935 1564 1981 tironem,

105 1996 294 2048 cogitare
327 1995 368 2034 h.
400 1998 427 2036 l
460 1993 705 2034 debebimus
734 1994 1063 2033 Hermotimum.
1125 1991 1565 2055 Vid.Sclzaqf221.Me-

105 2054 197 2091 ]ett.
221 2065 260 2102 p.
289 2055 384 2094 115.
443 2051 514 2089 Sic
537 2061 653 2103 patet
674 2066 761 2089 non
785 2048 919 2089 so‘lum
944 2050 1143 2102 probam,
1174 2048 1246 2087 sed
1267 2047 1392 2086 etiam
1415 2046 1566 2099 exqui-

107 2107 213 2144 sitae
235 2107 471 2160 elegantiae
500 2121 589 2146 esse
608 2107 718 2145 hanc
743 2121 907 2146 omnem
931 2106 1119 2145 Luciani
1146 2106 1408 2153 01ationem3
1442 2116 1564 2155 quam

105 2163 141 2200 si
173 2172 388 2200 assecutus
419 2162 573 2201 fuisset
601 2164 793 2212 Solemus,
826 2162 1075 2216 neutiquam
1098 2162 1256 2215 opinor
1285 2174 1378 2200 eum
1400 2172 1464 2198 res
1483 2174 1566 2197 no-

106 2233 178 2257 vas
200 2218 394 2260 fuiss-eh
414 2222 441 2260 l
466 2219 728 2259 moliturum.
770 2221 926 2260 LmrM

217 2301 319 2341 EMI-
341 2305 369 2343 l·
395 2307 434 2345 6
482 2303 649 2357 Φειδία)
670 2300 754 2341 Ad
789 2302 984 2341 Phidiam
1020 2303 1153 2355 igitur
1183 2299 1402 2353 proveibii
1436 2298 1564 2351 hujus

107 2358 316 2413 oiiginexn
354 2359 481 2398 refert
512 2358 767 2396 Lucianus?
816 2359 935 2410 quasi
968 2359 1003 2398 is
1034 2358 1135 2397 olim
1159 2358 1216 2395 ita
1248 2354 1566 2408 repiehenderit

108 2429 284 2468 puerum
307 2417 371 2452 vel
406 2415 612 2464 tironem,
644 2429 777 2468 eaque
807 2414 932 2452 verba
954 2429 1068 2452 nunc
1093 2413 1143 2452 ad
1165 2411 1474 2451 Hermotimum
1494 2426 1566 2448 re-

108 2479 238 2523 petat.
292 2473 393 2509 Tale
415 2470 516 2534 quid
545 2485 645 2509 sane
671 2471 790 2508 verba
811 2470 891 2507 sibi
914 2473 1090 2516 volunt,
1123 2470 1156 2507 si
1184 2469 1241 2506 ita
1265 2467 1382 2506 dedit
1406 2467 1567 2506 Iucia-

111 2543 200 2574 nus,
235 2525 284 2566 de
307 2540 391 2579 quo
424 2527 496 2564 vix
519 2536 580 2566 est
608 2537 655 2564 ut
679 2526 944 2573 dubitemus,
973 2527 1078 2565 licet
1102 2525 1196 2563 aliis
1227 2524 1300 2563 alii
1324 2539 1389 2576 ap.
1410 2523 1564 2563 Lrasm.

110 2582 312 2623 tribuant.
354 2582 492 2624 Gnsx.

227 2667 365 2720 pag-7
341 2672 408 2710 7-9
433 2671 458 2709 l.
482 2673 519 2710 7
557 2669 610 2707 Εἰ
629 2684 681 2717 μη
717 2685 764 2707 αι
769 2667 834 2721 ἔχη
857 2683 928 2717 την
947 2664 1180 2718 διατοιβὴν)
1216 2664 1458 2715 ObsopoeuQ
1492 2667 1567 2703 nes-i

113 2726 321 2764 exercitii
309 2728 422 2780 zmpi5
417 2742 472 2766 ro
496 2724 625 2764 studio
647 2721 749 2763 illud
769 2723 1144 2780 cotiscculusjicceis.
1203 2720 1454 2768 Benedictus,
1491 2723 1567 2760 nisi
