1834 3188
870 202 1275 234 LUCIANI

375 196 440 242 98

492 307 630 348 EPM.
667 306 763 352 Παῖς
792 307 909 345 τοῦτο
940 297 1043 358 φῄςς
1073 297 1182 343 πάνυ
1204 297 1278 355 γάρ
1300 317 1338 342 τι
1357 299 1404 356 u)
1433 296 1616 354 λυπηρόν
1637 316 1676 341 τι
1694 299 1764 342 καὶ

380 369 540 424 δῦςελπι
559 374 662 426 ἐρεῖν
683 372 829 420 ἔοικας.

493 445 630 484 ΛΤΚ.
662 437 778 490 ”Οτι,
811 433 843 481 αἶ
863 440 1015 492 ἑταῖρε,
1046 434 1124 494 κᾷν
1141 434 1322 489 εὕρωμεν
1341 434 1662 490 ὑπισχνούμενόν
1677 451 1766 476 τινα

380 511 526 554 εἰδέναι
557 526 600 551 τε
622 505 847 557 ἀπόδειξιν,
879 507 946 547 καὶ
972 503 1092 548 ἄλλον
1115 503 1308 555 διδάξειν,
1342 501 1417 547 οὔκ
1443 502 1608 553 αὐτίκα,
1641 502 1764 557 οἶμαι,

233 314 364 359 p.812.

262 439 354 479 «70

381 576 648 630 πιστεύσομεν
671 571 791 632 αὐτῷ,
824 571 919 616 ἄλλά
942 592 1030 616 τινα
1050 573 1267 628 ζητήσομεν
1288 571 1357 614 τὸν
1377 579 1511 628 κρῖναι
1527 571 1768 624 δυνάμενον,

385 650 420 690 εἰ
446 643 583 699 ἀληθῆ
606 643 627 687 ὁ
649 641 752 698 ἀνὴρ
779 645 893 699 λέγει.
933 640 1010 699 κᾷν
1034 640 1178 683 τούτου
1210 638 1495 697 εὐπορήσωμεν
1517 641 1588 695 ¹),
1618 640 1769 694 ἄδηλον

385 717 439 758 ἔτι
460 711 579 768 ἡμῖν,
611 715 646 754 εἰ
669 711 692 754 ὅ
710 709 944 768 ἐπιγνώμων
975 705 1092 759 οὗτος
1114 708 1195 752 οἶδε
1222 707 1524 766 διαγιγνώσκειν
1542 708 1613 751 τὸν
1636 706 1773 763 ὀρθῶς

385 787 631 839 κρινοῦντα,
664 777 690 834 ἢ
710 778 780 834 μή.
808 782 874 823 καὶ
897 775 962 823 ἐπ’
982 775 1105 821 αὐτὸν
1127 773 1250 828 αὖθις
1266 784 1428 829 τοῦτον,
1462 776 1584 820 ἄλλον
1606 775 1772 833 ἐπιγνώ-

385 850 529 906 μονος,
565 848 697 903 οἶμαι,
732 851 805 890 δεῖ.
856 844 971 901 ἡμεῖς
1002 844 1077 901 γὰρ
1100 844 1232 889 πόθεν
1257 845 1308 889 ἂν
1335 850 1527 900 εἰδείημεν
1547 847 1771 900 διακρίνειν

385 918 456 961 τὸν
479 917 620 973 ἄριστοι
650 921 786 970 κρῖναι
807 915 856 965 y)
888 911 1130 969 δυνάμενον;
1166 912 1263 971 ὅρᾷς
1293 913 1383 957 ὅποι
1403 919 1444 965 z)
1472 921 1591 958 τοῦτο
1614 911 1772 956 ἆποτεί-

386 1005 518 1037 νεται,
549 988 614 1028 καὶ
646 982 700 1033 ὥς
733 981 956 1039 α’πὲραντον
979 987 1178 1039 γίγνεται,
1213 987 1355 1037 στῆναί
1379 1002 1474 1026 ποτε
1501 984 1570 1025 καὶ
1597 987 1775 1035 καταλη-

389 1061 548 1110 φθῆναι
573 1051 628 1107 μή
650 1050 893 1106 δυνάμενον,·
925 1054 1005 1094 ἐπεὶ
1027 1054 1092 1094 καὶ
1112 1051 1182 1102 τὰς
1201 1050 1419 1103 ἀποδείξεις
1439 1050 1585 1102 αὐτάς,
1618 1047 1776 1098 ὁπόσας

391 1122 522 1167 οἷόντε
547 1120 769 1176 εὑρίσκειν,
800 1118 1178 1176 ἇμφιςβητουμένας
1206 1119 1321 1175 ὄψει,
1365 1123 1433 1163 καὶ
1459 1122 1582 1175 μηδὲν
1611 1116 1780 1173 ἐχούσας

387 1194 567 1248 βέβαιον.
601 1193 646 1232 αἱ
665 1193 766 1245 γοῦν
787 1195 968 1231 πλεῖσται
997 1185 1221 1245 αὐτῶνθ),
1256 1185 1308 1231 δι’
1337 1189 1466 1231 ἄλλων
1495 1187 1782 1243 ἆμφιςβητου-

487 1287 524 1314 et
542 1280 633 1314 Cod.
656 1280 696 1312 P.
702 1281 725 1298 “
767 1278 937 1311 Tuentur
956 1278 1066 1312 etiam
1084 1280 1125 1312 B.
1149 1291 1178 1312 1.
1203 1291 1235 1322 3.
1257 1279 1297 1312 A.
1324 1290 1353 1314 Ι.
1375 1292 1406 1313 2.
1463 1279 1511 1321 u)
1538 1276 1666 1312 πάνυ
1691 1288 1781 1322 γαρ

488 1322 708 1371 τι],γὲεο]
743 1322 926 1369 7019th-
957 1326 1040 1358 Par.
1063 1327 1108 1359 H.
1131 1326 1180 1358 Pl.
1203 1327 1245 1360 B.
1267 1336 1298 1358 2.
1331 1329 1445 1368 (etl.
1467 1337 1498 1369 3.
1528 1327 1567 1361 A,
1593 1337 1619 1362 1
1642 1326 1700 1368 2.)
1735 1325 1782 1356 At

485 1375 633 1417 ignorat
654 1372 747 1405 illud
765 1385 799 1404 τι
819 1372 909 1403 Cod
934 1373 989 1404 M.
1010 1378 1043 1404 et
1065 1372 1118 1404 sie
1142 1373 1180 1402 Ῑ
1178 1381 1261 1406 ονςτ.
1286 1373 1425 1415 voluit,
1454 1383 1568 1416 quare
1587 1355 1626 1403 id
1645 1370 1783 1403 delevi-

484 1431 579 1452 mus,
586 1421 608 1438 ‘⁶
660 1420 746 1459 ,μὸειι
741 1432 800 1449 ιν.
833 1418 928 1457 conj.
959 1416 1060 1451 πάνυ
1089 1415 1158 1462 γάρ
1188 1431 1221 1451 τι
1250 1417 1313 1451 καὶ
1341 1425 1414 1450 etc.
1466 1419 1549 1462 Qua
1579 1417 1624 1449 de
1651 1427 1782 1449 caussa

483 1477 554 1498 nos
581 1464 767 1518 vulgatam
794 1463 879 1495 lec·'
870 1474 994 1495 ionem
1015 1464 1202 1507 integram
1230 1464 1524 1504 restitueximus‚
1550 1462 1624 1495 vid.
1645 1462 1781 1495 Adnot.

487 1518 526 1549 x)
565 1506 934 1553 εὐπορήσωμεν]
962 1510 1147 1542 Revocavi
1180 1510 1276 1542 hanc
1306 1520 1430 1542 veram
1452 1509 1653 1542 lectionem
1677 1519 1718 1541 ex
1739 1509 1782 1544 A.

489 1569 519 1591 1.
543 1568 574 1589 2.
598 1557 893 1588 etss.1.Nam
922 1558 1039 1588 Reitz.
1060 1561 1096 1588 et
1115 1561 1295 1596 recentt„
1323 1555 1639 1599 quemadmodum
1660 1556 1702 1588 B.
1724 1565 1756 1597 3
1771 1577 1782 1594 ‚

488 1603 682 1636 ediderant
708 1597 972 1644 εὐπορήσομεν.
1045 1605 1089 1645 y)
1116 1615 1170 1645 κρ
1187 1615 1266 1636 ινα
1280 1605 1315 1642 ι]
1348 1601 1465 1642 Vulgo
1493 1602 1652 1643 κρίνειν,
1679 1599 1783 1645 quod

490 1661 532 1681 ex
559 1648 788 1681 antecedenti
819 1649 1023 1691 διακρίνειν
1045 1655 1167 1680 ortum
1200 1648 1357 1680 videtur.
1407 1648 1684 1691 El-egantiorem
1703 1647 1784 1679 lec—

489 1696 632 1728 tionem
660 1696 861 1726 ostendunt
883 1694 1000 1726 Codd.
1025 1705 1125 1738 2954.
1149 1705 1208 1737 30¹
1225 1707 1250 1727 1.
1270 1706 1495 1739 quamquam
1524 1694 1707 1738 scriptum
1732 1691 1786 1725 ibi

491 1742 632 1785 κρίναι,
667 1741 850 1773 referente
880 1741 1021 1783 Belum,
1060 1752 1172 1783 quam
1204 1740 1375 1773 mendam
1404 1740 1645 1771 Schmzederus
1679 1744 1784 1771 tanto

490 1799 616 1820 nunus
645 1793 809 1830 repetere
837 1786 1012 1825 debebat,
1042 1799 1156 1831 quum
1183 1787 1310 1831 paullo
1340 1793 1424 1819 ante
1445 1792 1546 1818 recta
1575 1786 1699 1818 forma
1724 1795 1786 1817 oc—

492 1833 663 1866 currerit.
712 1836 753 1875 z)
783 1831 916 1875 ὅποι]
941 1827 1037 1866 σ’που
1057 1833 1433 1876 5011.1ninusbene,
1458 1832 1688 1866 aitBelenus
1735 1831 1783 1873 a)

492 1876 678 1922 αὐτῶν]
702 1879 791 1922 „Sic
812 1879 905 1914 Edd.
928 1881 967 1911 l
965 1888 1047 1913 or..st
1070 1877 1182 1927 αὐτῷ.
1188 1881 1210 1899 “

459 1950 599 1990 Herm.
634 1949 748 2002 Quid
777 1948 873 1987 ita?
906 1948 1064 1988 videris

403 2007 516 2046 enim
540 2004 755 2060 (omnino)
788 2006 906 2044 triste
936 2006 1065 2058 quid-

403 2061 498 2100 dam
541 2073 581 2100 et
624 2062 933 2113 desperationis
973 2065 1064 2115 ple-

1123 1959 1236 1989 recte
1265 1947 1573 2001 judicaturum,
1615 1945 1787 1986 necne?

1124 2017 1164 2045 et
1186 2005 1236 2044 ad
1262 2005 1376 2043 hunc
1404 2005 1541 2056 ipsum
1573 2004 1679 2055 alio,
1723 2017 1787 2042 ar·

1124 2062 1284 2111 bitror,
1359 2062 1503 2100 indice
1550 2075 1658 2112 opus
1706 2069 1782 2099 est.

404 2133 504 2156 num
532 2118 736 2157 dictur-‚us

461 2175 557 2229 Lyc.
609 2174 848 2228 Quoniam,
912 2175 1064 2225 amice,

405 2231 569 2270 etiamsi
589 2246 629 2269 m
640 2245 855 2269 veniamus
868 2231 1065 2284 aliquem,

403 2289 643 2340 professum
671 2287 778 2326 scire
813 2302 854 2325 se
887 2287 1065 2325 demon-

404 2344 675 2393 strationem,
717 2357 763 2381 ac
787 2343 937 2383 docere
959 2347 1064 2383 velle

405 2400 541 2446 alios,
587 2414 672 2438 non
712 2401 883 2449 statim,
926 2410 1060 2451 puto,

404 2454 469 2492 illi
502 2457 739 2505 credemus,
781 2456 851 2496 sed
885 2471 1062 2510 quaere-

402 2525 516 2560 mus,
570 2513 642 2566 qui
684 2512 870 2565 judicare
900 2514 1061 2566 possit,

403 2580 457 2604 an
479 2582 570 2606 vera
592 2571 663 2607 ille
678 2569 824 2608 dicat?
858 2571 913 2608 Et
937 2570 1060 2622 hujus

402 2623 438 2660 si
471 2624 609 2662 oblata
644 2627 765 2677 copia
793 2627 873 2677 sit,
906 2626 1059 2664 obscu-

400 2693 490 2716 rum
538 2679 677 2718 adhuc
718 2681 866 2732 nobis,
919 2692 1059 2721 utrum

400 2734 472 2771 ille
494 2735 621 2774 index
644 2737 894 2789 dignoscere
920 2740 1058 2791 possit

1123 2120 1214 2158 Nos
1246 2119 1356 2157 enim
1383 2117 1495 2157 unde
1526 2119 1704 2156 sciamus
1725 2113 1787 2151 di-

1122 2176 1313 2229 judicare
1340 2191 1457 2220 eum,
1499 2175 1573 2226 qui
1598 2172 1788 2225 judicare

1126 2233 1260 2284 possit
1282 2231 1475 2284 optime?
1505 2229 1643 2276 Vides,
1662 2242 1788 2281 quor-

1124 2304 1214 2326 sum
1248 2288 1330 2326 hoc
1376 2287 1608 2340 pertineat,
1657 2294 1698 2323 et
1738 2292 1785 2321 ut

1123 2346 1179 2382 sit
1228 2345 1466 2392 infinitum,
1531 2355 1622 2380 cum
1673 2349 1785 2377 stare

1123 2415 1359 2453 nusquam,
1405 2409 1444 2438 et
1482 2394 1786 2448 comprehendi

1122 2457 1294 2509 possit?
1336 2452 1679 2510 quandoquidem
1718 2451 1783 2503 ip·

1123 2528 1186 2551 sas
1230 2528 1398 2566 quoque
1450 2508 1784 2548 demonstratio-

1123 2584 1208 2618 nes,
1243 2577 1452 2622 quotquot
1473 2565 1658 2604 inveniri
1684 2578 1782 2618 pos·

1120 2635 1240 2674 sunt,
1282 2626 1326 2662 in
1368 2623 1542 2661 dubium
1590 2621 1780 2660 revocari

1118 2680 1277 2729 videas,
1313 2694 1449 2733 neque
1473 2679 1635 2717 firmum
1657 2675 1779 2730 quid·

1119 2751 1242 2791 quam
1280 2737 1444 2776 habere.
1514 2735 1638 2774 Aliae
1665 2733 1778 2774 enim
