1834 3188
271 238 372 284 606
622 248 1387 286 ADN'OTA'T'loNEs

270 353 335 395 tio'
359 352 494 402 foret,
527 349 575 389 si
594 348 813 400 similiter,
847 347 933 398 οἷος
960 349 1169 418 ἐμπειρίαν
1197 350 1459 408 στρατηγικὴν
1477 354 1577 408 ἔχειν
1598 355 1738 398 dicas:

271 408 378 465 quid
400 408 513 447 enim
531 415 617 454 est,
649 415 762 459 aptus
782 415 836 444 est
855 406 1189 461 hahet-eperitiam
1207 409 1435 452 militar-hem
1428 410 1449 439 ἶ)
1487 411 1567 451 Sed
1588 414 1622 450 si
1645 428 1738 452 cum

266 465 464 510 Marcilio
489 463 693 517 ἐμπειρίας
723 467 984 516 στρατηγικῆς
1008 465 1182 519 legeris,
1216 466 1330 518 quod
1352 466 1459 505 mihi
1479 482 1566 507 non
1588 468 1734 521 displi-

267 532 348 574 cet,
375 531 464 559 tum
483 518 734 573 αδιάφορον
732 519 833 568 erit,
856 522 1060 577 legasne'
1048 522 1145 574 ε’χων
1163 535 1215 560 an
1241 522 1357 574 ἔχειν.
1387 524 1550 562 ΒΕῙΤΖ.
1608 527 1738 566 Mar-

267 580 383 621 cilius
415 575 625 631 conjecit·
662 576 869 629 ἐμπειρίας
893 583 1162 639 στρατηγικῆς
1185 580 1296 632 ἔχων.
1366 579 1495 634 Quod
1527 595 1737 635 superva-

266 649 394 676 cuum
423 644 544 687 puto.
603 633 714 673 Nam
739 633 836 685 ἔχειν
862 633 1020 686 pendet
1045 634 1095 672 ab
1118 636 1355 684 0209,1icet
1381 636 1426 674 id
1446 635 1640 689 ineptum
1667 639 1736 676 vi-

265 707 359 732 sum
370 690 432 730 sit
451 690 636 742 Reitzi05
676 684 765 738 οἷος
785 688 897 728 enim
918 703 993 743 per
1009 704 1054 730 se
1083 690 1250 746 quidem
1271 707 1359 731 non
1387 691 1625 747 signifieat:
1655 710 1738 749 ap-

264 761 366 790 tus.
389 748 484 790 Sic
498 747 643 786 statim
673 742 779 794 οἷος·
788 746 988 789 πιστεύειν
1015 761 1104 787 ιιοιι
1133 758 1196 788 est
1226 758 1352 803 aptus
1383 748 1436 789 ad
1465 748 1735 802 credendum,

263 804 364 846 sed.
395 808 464 861 qui
481 803 629 845 credat.
668 803 791 843 Run.

378 823 484 902 Ibid.
518 862 601 903 Καὶ
628 884 689 892 --
714 860 809 909 και)
840 858 941 901 Vid.
969 860 1019 900 de
1044 859 1128 900 hoc
1148 863 1396 915 pleonasmo
1421 861 1551 917 hujus
1571 863 1737 903 Dialo-

264 919 308 974 gi
294 917 365 973 ις.
391 924 459 963 60.
484 919 663 958 ΗΕῙΤΖ-’.
776 943 778 945 -

374 975 617 1018 Ead.1.12.
652 973 795 1029 Κέρως
825 997 880 1005 -
905 971 1120 1028 μετωπου)
1151 974 1279 1015 Conf.
1302 989 1431 1029 supra
1453 973 1582 1030 hujus
1608 978 1731 1018 Dial.

258 1046 355 1086 cap.
378 1037 447 1075 29.
470 1032 501 1070 f.
533 1031 705 1072 somn.

375 1089 695 1142 Pag.210.1.1
721 1083 1058 1143 Ἇπαγγέλλουσι)
1077 1083 1168 1130 Ed.
1189 1087 1225 1127 J.
1251 1085 1531 1159 απαγγέλουσι
1561 1089 1730 1128 SOLAN.

372 1145 475 1188 Εατῖ.
496 1148 527 1185 1.
548 1147 590 1189 5.
623 1141 744 1197 Μητε
776 1147 976 1194 Φίλιππος
1002 1146 1290 1216 ἐκκεκομμένος
1312 1144 1382 1187 τὸν
1409 1143 1626 1199 ὀφθαλμὸν
1647 1143 1729 1187 ὖπό

252 1199 439 1256 Ἀστέρος
471 1205 545 1242 τοῦ
565 1198 863 1254 Λμφιπο-λίτου
893 1206 968 1243 τοῦ
995 1198 1198 1251 τοξότου’
1180 1219 1223 1243 εν
1246 1198 1465 1257 Ὀλύνθῳ)
1506 1202 1609 1242 Non
1632 1217 1732 1241 con-

258 1259 406 1298 cordat
424 1258 629 1298 Lucianus
655 1272 749 1316 cum
779 1257 1037 1307 Historicis‚
1072 1257 1148 1312 qui
1168 1257 1213 1296 id
1238 1259 1458 1312 negotium
1481 1258 1731 1313 attigerunt.

254 1314 417 1355 Omnes
437 1315 527 1355 fere
553 1328 641 1353 uno
673 1329 886 1354 consensu
907 1315 1111 1367 scriptum
1140 1316 1430 1367 reliquerunt,
1463 1314 1508 1354 id
1537 1315 1730 1354 evenisse

254 1372 497 1443 Philippo
486 1386 531 1409 m
553 1370 785 1411 Methones
810 1370 1047 1411 obsidione.
1075 1370 1278 1410 Diodorus
1302 1371 1377 1411 lib.
1403 1376 1444 1414 7.
1468 1367 1490 1413 ὁ
1512 1371 1556 1413 δὲ
1581 1373 1728 1413 Φίλιπ-

254 1445 335 1477 πος
351 1445 427 1482 την
455 1428 525 1482 μὲν
547 1425 664 1469 πόλιν
689 1429 934 1481 κατέσκαψε,
966 1445 1040 1480 την
1061 1428 1115 1470 δὲ·
1125 1426 1257 1480 χώραν
1287 1429 1457 1482 διένειμε
1487 1434 1571 1477 τοῖς
1590 1433 1730 1470 Μακε-

253 1483 366 1535 δόσι,
401 1486 443 1527 έν
463 1485 503 1526 δὲ
523 1488 737 1542 πολιορκία
763 1482 885 1541 ταύτῆ
908 1486 1054 1539 συνέβη
1085 1482 1157 1526 τὸν
1182 1488 1385 1526 Φίλιππον
1405 1487 1462 1532 εἰς
1481 1483 1552 1526 τὸν
1572 1482 1728 1536 οφθαλ-

255 1540 333 1596 μόν
351 1542 548 1597 πληγέντα
573 1528 791 1596 τοξεύματι
800 1545 1081 1594 διαφθαρῆναι
1102 1539 1175 1594 τὴν
1205 1540 1360 1611 ὅρασιν.
1419 1542 1490 1581 De
1510 1541 1726 1581 Methona

251 1605 361 1638 ve'ro
378 1598 590 1652 loquitur.
631 1598 702 1637 Sic
720 1608 762 1638 et
784 1598 930 1638 Str-abo
947 1599 1022 1636 lib.
1038 1603 1085 1642 8.
1107 1614 1217 1650 παρα
1247 1600 1480 1654 Θουκυδίδῃ
1497 1597 1577 1639 δὲ’
1560 1615 1602 1640 εν
1623 1599 1727 1639 τισὶν

254 1651 521 1710 ἀντιγράφοις
545 1652 742 1707 Μεθώνη
780 1656 950 1724 φέρηται
979 1651 1195 1707 ὁμώνυμος
1222 1660 1272 1710 τῇ
1301 1657 1588 1710 Μακεδονικῇ,
1628 1656 1671 1696 ἐν
1699 1672 1725 1710 ῃ

246 1715 464 1761 ’Φίλιππος
492 1708 658 1764 ἐξεκόπη
684 1709 902 1763 ὀφθαλμὸν
934 1716 1176 1773 πολιορκων.
1238 1711 1399 1750 Solinus
1426 1715 1554 1754 e.14.
1587 1713 1627 1750 in
1658 1727 1727 1749 re—

247 1773 367 1825 gione
394 1770 643 1823 Magnesiae
646 1768 837 1808 Methone
862 1768 1049 1835 ορρίᾶιιηι
1070 1765 1188 1807 situm
1208 1778 1285 1816 est,
1317 1766 1425 1821 quod
1453 1783 1539 1807 cum
1562 1767 1726 1806 obside-

248 1839 308 1878 :ret
337 1826 542 1880 Philippus
559 1824 796 1866 Alexandri
819 1826 924 1878 Mag
902 1842 966 1863 ητ
988 1832 1137 1878 pater-j
1163 1824 1373 1863 damnatus
1397 1834 1451 1862 est
1474 1823 1589 1864 oculo
1609 1826 1725 1877 jactu

251 1887 441 1937 s'agitta'e,
474 1899 592 1937 quam
608 1885 767 1935 jecerat
774 1882 896 1921 Asici·
895 1855 1144 1935 &oppidanus
1197 1880 1328 1934 Quo
1316 1894 1361 1918 m
1386 1883 1484 1919 loco
1505 1880 1720 1919 notandus

252 1952 316 1980 est
341 1954 457 1979 error
479 1936 632 1989 Solini,
667 1938 738 1994 qui
763 1938 1015 1978 Methonem
1035 1938 1287 1992 Nlagnesiae
1316 1951 1411 1975 cum
1433 1935 1718 1976 Macedonica

251 1995 495 2037 confundit.
556 1997 664 2035 Nam
701 2007 746 2034 ea
779 1995 1016 2043 Methone,
1047 2006 1187 2048 quam
1221 1992 1445 2032 obsidebat
1478 1991 1722 2044 Philippus,

249 2053 332 2092 alia
360 2063 449 2093 erat
475 2062 496 2091 'a
503 2052 820 2123 ‘Magnesiacffi
854 2066 906 2091 ex
936 2049 1076 2090 verbis
1108 2049 1318 2103 expressis
1346 2049 1557 2088 Sitabonis
1575 2048 1650 2088 lib.
1676 2054 1715 2092 9.

247 2111 339 2162 ἑξῆς
361 2110 402 2152 δὲ
422 2111 466 2152 αἱ
491 2106 572 2151 ὖπὸ
598 2106 850 2162 Φιλοκτητου
877 2105 1012 2156 πόλεις
1040 2108 1342 2174 καταλέγονται,
1369 2103 1395 2158 ἦ
1420 2106 1490 2156 μὲν
1523 2098 1598 2147 οὖν
1623 2110 1719 2147 Με-

245 2165 362 2220 θώνη
391 2166 502 2219 ἑτέρα
532 2167 612 2207 ἔστι
641 2169 712 2218 τῆς
746 2169 951 2217 Θρακικῆς
983 2162 1212 2216 Μεθώνης,
1245 2180 1297 2214 ην
1324 2163 1550 2213 κατέσκαψε
1579 2165 1719 2203 Φίλιπ-

245 2237 348 2273 πος·
379 2223 492 2278 quod
516 2221 674 2260 dictum
695 2222 750 2260 sit
772 2222 922 2260 obiter.
983 2221 1090 2259 Item
1112 2221 1171 2258 ait
1192 2219 1494 2287 Harpocration
1517 2216 1717 2272 Μεθωνη·

247 2280 439 2334 Λημοσθέ
423 2296 514 2331 σνης
537 2283 796 2348 Φιλιππικοῖς
823 2279 929 2331 λέγοι
962 2295 1011 2318 αν
1038 2275 1113 2330 τήν
1141 2278 1183 2318 ἐν
1210 2276 1371 2332 Θράκῃ,
1403 2293 1457 2328 ην
1487 2280 1714 2329 πολιορκῶν

251 2337 451 2384 Φίλιππος
481 2333 649 2387 ἐξεκόπη
681 2334 750 2376 τὸν
784 2337 824 2375 δε
827 2332 911 2383 ξιόν
934 2330 1178 2387 σ’ςιιθαλμόν.Ι
1224 2319 1369 2372 Suiclas
1391 2332 1516 2371 etiam
1539 2332 1584 2369 in
1608 2346 1714 2372 voce

249 2392 440 2462 Καρανος
463 2391 513 2431 de
536 2392 764 2443 Philippo}
812 2394 1080 2439 Μεθωναίοις
1099 2391 1138 2432 δὲ
1159 2396 1241 2438 τοῖς
1263 2390 1326 2430 ἐπὶ
1351 2385 1513 2445 Θρακης
1531 2392 1714 2440 πολεμων

245 2449 316 2492 τὸν
339 2446 558 2502 ὀφθαλμὸν
589 2446 784 2501 ἐπηρώθη
806 2444 984 2498 Ἀστέρος
1009 2446 1119 2496 τινὸς
1142 2445 1269 2499 ὄνομα
1292 2444 1487 2499 βαλόντος
1513 2442 1636 2486 αυτόν
1653 2445 1714 2497 βέ·

246 2511 312 2548 λει.
372 2505 610 2546 Plutarchus
644 2505 688 2542 in
725 2505 941 2543 parallelis
978 2518 1162 2543 caussam
1193 2504 1305 2542 forte
1334 2501 1486 2541 erroris
1515 2500 1712 2553 praebuit

245 2563 453 2615 Lucian03
486 2576 580 2600 nam
603 2561 675 2599 ille
694 2560 756 2599 sic
780 2560 829 2599 de
854 2560 936 2599 hoc
958 2560 1158 2615 negotio:
1198 2557 1422 2607 Φίλιππος’
1423 2557 1624 2598 Ὀλυνθον
1645 2558 1712 2598 καὶ

249 2619 461 2672 Μεθώνην
479 2617 730 2673 βουλόμειος
740 2621 976 2670 πορθησαι,
1010 2619 1078 2658 καὶ
1097 2615 1367 2670 βιαζόμενος’
1351 2615 1413 2656 επὶ
1433 2617 1489 2669 τῷ
1508 2610 1673 2654 Σανὸάι
1667 2631 1709 2668 ῳ

246 2680 412 2729 ποταμτῖ
434 2675 688 2744 διαβῆναιπέ
671 2691 785 2726 ραν,
818 2671 896 2716 υπὸ
922 2673 1032 2723 τινὸς
1053 2678 1134 2714 τῶν
1153 2671 1388 2714 Ὀλυνθίων
1407 2656 1591 2723 Ἀστέρος
1615 2667 1709 2711 όιό-

246 2748 339 2783 ματι
366 2730 555 2784 ἐτοξεύθη
575 2729 644 2773 τὸν
680 2729 909 2784 ὀφθαλμόν.
969 2732 1026 2769 Et
1045 2730 1149 2769 haec
1166 2729 1312 2773 habet.
1345 2736 1392 2764 ut
1413 2725 1498 2776 ait,
1530 2740 1582 2765 ex
1605 2726 1708 2765 Cal-

246 2786 438 2827 listhene
428 2801 472 2825 ιιι
497 2793 535 2832 3,
556 2787 830 2827 Macedonic.
855 2799 897 2828 et
925 2802 977 2828 ex
998 2801 1073 2837 eo,
1108 2786 1222 2840 quod
1246 2785 1336 2824 sive
1364 2783 1457 2833 ille,
1490 2782 1579 2823 sive
1608 2781 1707 2822 Cal-
