1834 3188
385 184 434 213 ιΝ
472 182 640 214 VERAE
676 157 944 214 insromAiz
984 184 1073 213 ΜΒ.
1117 183 1165 215 11.
1403 173 1501 219 683

37 282 145 322 tanti
182 281 292 322 idem
324 281 452 321 ficere
483 280 645 322 debere.
688 281 824 322 Gsssx
897 281 1181 320 Penultimam
1213 280 1423 334 corripuit
1455 283 1500 321 in

37 354 182 379 versus
204 338 403 402 gratiam,
437 336 554 408 quod.
585 338 843 378 recentiores
868 343 1017 392 poetas
1050 336 1095 377 iu
1117 340 1206 390 ejus
1236 338 1402 391 generis
1424 352 1502 377 no..

36 395 248 444 minibus,
287 404 337 433 ut
367 409 412 433 111
437 391 689 444 Ἰουλιανὸς,
731 393 815 432 sibi
848 393 1076 434 indulsisse
1105 392 1230 433 docet
1253 393 1412 435 Jacobs.
1446 394 1501 434 ad

35 451 204 492 Anthol.
228 451 362 492 Palat.
388 452 436 491 P.
456 451 539 491 III.
562 465 602 504 p
626 454 721 494 582
751 452 907 490 mem.

147 508 246 562 Pag
264 510 477 552 302.1.4.
516 503 768 558 Έξαῦτοῦ)
807 508 877 548 Sic
908 506 972 548 Fl.
999 516 1040 548 et
1073 506 1182 548 Junt.
1215 521 1294 562 pro
1323 509 1499 564 vulgato

35 565 193 607 ἑαυτοῦ.
206 540 400 604 ΟὸοιΑΝ.

148 620 255 662 ΙόἰιΖ.
300 623 583 676 Μαστίγων
611 618 813 673 ψόφος]
855 621 975 662 Haec
1006 634 1140 676 prope
1174 620 1326 661 iisdem
1359 620 1500 662 verbis

35 676 223 718 reddidit
239 678 576 731 Necyomantiae
599 677 884 717 concinnator
905 692 938 717 c.
963 682 1027 721 14.
1048 677 1107 717 ἰυ.
1138 678 1298 716 LmrM.

145 734 251 776 Ead.
269 737 298 774 1.
319 739 358 778 7.
385 733 559 802 Ἀπόξυρ
565 736 639 783 ος)
669 733 914 774 mendose
902 749 947 772 m
968 734 1196 773 omnibus'
1185 735 1412 788 impressis,
1430 748 1500 774 ex-

33 799 152 844 cepta
173 791 260 840 FL,
282 791 441 845 legitur
459 787 674 843 α’πόξηρος.
705 789 807 830 Vid.
833 790 960 831 Rhet.
987 792 1129 831 Praec.
1155 805 1192 833 c.
1215 796 1254 834 7.
1275 801 1318 830 et
1338 791 1383 829 in
1408 791 1501 829 Na-

32 848 119 902 vig.
141 863 176 888 c.
202 853 240 892 8.
300 849 434 887 Recte
458 848 584 886 etiam
606 845 840 886 scribitur
828 861 873 885 m
891 848 996 888 Mss.
1020 847 1146 903 Angl.
1169 848 1215 887 P.
1236 848 1349 887 etL.
1369 847 1500 886 initio

32 904 251 944 Prometh.
274 908 334 954 (s.
360 903 519 970 Cauc.)
550 905 719 944 SOLAN.

145 959 248 1002 Ibid.
283 960 366 1001 Καὶ
391 958 588 1015 τράχωσι)
619 961 673 999 In
705 959 956 1014 quibusdam
988 959 1112 1000 libris
1143 960 1403 1000 Scholiastes
1429 964 1501 999 le·-

31 1016 145 1070 gisse
177 1016 369 1067 videtur,
415 1032 492 1070 pro
521 1017 589 1056 his
621 1015 782 1055 duabus
811 1017 1012 1068 vocibus,
1050 1018 1221 1077 τραχέσι.
1283 1015 1366 1057 Sed
1397 1018 1501 1055 satis

30 1087 131 1111 sana
151 1071 324 1112 videtur
351 1077 524 1128 vulgata
555 1073 790 1127 scriptura:
824 1087 1068 1127 quanquam
1093 1089 1180 1113 non
1208 1083 1308 1112 sunt
1327 1072 1378 1112 ad
1405 1087 1501 1113 ma-

30 1144 131 1168 num
154 1143 293 1178 nunc,
317 1128 431 1169 unde
454 1129 719 1180 confirmem,
743 1132 853 1169 loca.
915 1131 1034 1169 Talia
1056 1129 1326 1170 Plutarchus'
1315 1144 1360 1167 in
1378 1127 1498 1180 Ἅλεξ.

27 1184 181 1235 τόπους
200 1180 441 1240 ἆπόρῤωγας
459 1197 598 1229 vocat
631 1187 801 1227 SOLAN.
863 1187 1041 1226 Mallem
1059 1201 1253 1242 τραχωσι,
1286 1202 1308 1226 a
1332 1184 1498 1240 τραχών,

29 1247 252 1296 τραχῶνος,
283 1243 392 1283 locus
421 1260 553 1298 asper,
585 1243 666 1283 etsi
689 1244 878 1282 omnium
912 1241 1051 1283 Editt.
1083 1253 1326 1293 accentum,
1361 1243 1500 1296 quiin

26 1300 163 1352 prima
193 1308 303 1349 erat,
346 1301 524 1341 servavi
595 1300 706 1339 Nam
743 1299 857 1353 quod
898 1297 1058 1353 Τράχων
1087 1300 1202 1339 Suid.
1231 1298 1412 1348 scribat,
1454 1299 1502 1338 id

29 1369 185 1395 nomen
207 1356 427 1409 proprium
448 1370 559 1408 esse,
589 1366 701 1396 recte
723 1355 886 1409 judicat
910 1356 1042 1410 Steph.
1076 1357 1164 1395 At
1153 1372 1197 1395 m
1224 1356 1355 1396 διν.αό
1378 1355 1498 1395 XVI.

30 1428 73 1466 p·
97 1416 192 1456 756.
221 1426 256 1453 S.
293 1417 416 1457 1096.
459 1413 518 1464 (i.
541 1429 575 1453 e.
607 1417 646 1463 9.
669 1417 762 1461 20.)
816 1418 1025 1467 Τραχωνες
1054 1422 1193 1451 tamen
1226 1412 1388 1452 editum
1421 1421 1501 1462 est,

30 1469 106 1522 qui
135 1469 224 1508 sint
257 1467 344 1508 duo
377 1472 505 1509 colles
535 1473 645 1509 ultra
670 1471 948 1516 Damascum
982 1469 1054 1508 sed
1075 1469 1137 1508 ibi
1166 1469 1370 1523 Τράχωνες
1399 1468 1502 1507 scri-

30 1524 213 1564 bendum
244 1524 447 1575 arbitror,
480 1526 580 1581 quia
613 1525 725 1578 apud
748 1527 956 1579 Ios-epham
979 1526 1040 1564 sic
1063 1529 1158 1579 plus
1181 1526 1344 1575 decies,
1374 1535 1424 1564 ut
1443 1525 1499 1565 L.

29 1582 156 1623 XIII.
174 1581 273 1622 Ant.
303 1596 390 1635 cap.
418 1586 483 1625 16.
515 1586 554 1632 (j.
577 1585 616 1627 5.
650 1592 692 1620 et
712 1583 807 1629 XV,
832 1587 905 1631 10,
932 1589 969 1624 1.
1004 1581 1069 1620 bis
1095 1591 1175 1623 etc.
1208 1583 1372 1623 Rm‘rz.
1431 1581 1501 1620 Ita

31 1643 113 1692 jam
134 1639 425 1678 recentissima
441 1638 646 1678 Strabonis
667 1637 818 1677 Editio
841 1648 955 1680 recto
979 1637 1173 1689 exhibet,
1206 1648 1248 1678 et
1264 1640 1411 1691 paullo
1432 1651 1502 1676 su-

30 1694 175 1748 perius
199 1698 237 1744 9.
264 1699 330 1738 16.
396 1693 620 1748 Τραχώυων
638 1709 714 1748 pro
749 1709 824 1744 eo,
859 1694 974 1749 quod
1000 1695 1046 1733 in
1080 1704 1183 1735 vett.
1203 1694 1312 1734 Edd.
1344 1695 1500 1743 fuerat,

38 1755 291 1804 Τραχανιτῶν
321 1760 362 1790 et
394 1751 603 1791 Codicum
636 1751 823 1790 lectione
850 1756 1076 1804 Τραχανῶν.
1136 1753 1191 1792 H.
1215 1754 1244 1794 1.
1266 1749 1439 1805 τράχωσι
1459 1760 1504 1790 ct

29 1808 257 1848 lectionem
280 1817 324 1846 et
347 1807 599 1859 scripturam
630 1806 896 1846 retinendam
926 1807 1046 1846 duxi.
1108 1807 1264 1846 Rarius
1288 1817 1351 1847 est
1370 1821 1503 1848 voca-

28 1864 198 1912 bulum;
240 1863 353 1903 unde
382 1873 588 1902 mutatum
622 1863 672 1902 ab
705 1863 1005 1917 ignorantibus
1036 1863 1221 1903 librariis
1250 1864 1296 1902 in
1329 1865 1500 1917 τραχέσι,

29 1921 182 1960 omissa
213 1923 320 1973 jam,
359 1930 408 1959 ut
437 1935 513 1974 par
550 1930 659 1970 erat,
701 1923 869 1971 copula.
942 1919 1142 1958 Occurrit
1175 1929 1313 1960 autem
1346 1921 1501 1960 iterum

29 1976 145 2031 apud
176 1986 365 2016 nostrum
397 1977 441 2014 in
471 1978 628 2017 Toxar
661 1991 697 2015 c.
719 1980 788 2019 49.
821 1975 1047 2040 τράχωνος,
1081 1976 1155 2014 ubi
1190 1991 1278 2016 non
1312 1986 1374 2016 est
1398 1991 1503 2028 pro-

29 2035 170 2087 prium
201 2047 381 2079 nomen,
415 2043 463 2071 ut
490 2033 918 2086 InterpreffLatinus
952 2033 1089 2086 cepit,
1122 2042 1162 2071 et
1199 2032 1421 2072 Schneider.
1455 2034 1500 2071 in

28 2089 181 2129 Lexic.
203 2104 235 2129 s.
259 2104 297 2130 ν.
322 2088 472 2142 τρηχώ,
506 2089 579 2129 sed
610 2089 912 2142 appellativum
939 2099 980 2128 et
1007 2090 1166 2142 ipsum,
1198 2089 1248 2128 de
1273 2105 1412 2143 aspera
1434 2106 1502 2128 re-

26 2150 142 2201 gione
160 2145 438 2199 capiendum,
473 2146 537 2184 uti
558 2159 636 2184 suo
655 2148 751 2185 loco
775 2144 1033 2186 ostendetur
1079 2146 1338 2199 Scripturam
1360 2155 1502 2185 autem

29 2202 206 2257 τράχωυ,
237 2200 464 2254 τράχωνος,
501 2216 588 2241 non
615 2201 720 2241 adeo
744 2216 821 2256 ego
846 2201 1199 2241 contemnendam
1222 2216 1311 2241 esse
1335 2201 1498 2255 judico,

27 2271 76 2299 ut
106 2257 363 2299 Schneiderus
395 2272 483 2297 eam
522 2259 699 2298 omnino
729 2259 947 2299 mentione
989 2261 1105 2297 nulla
1137 2257 1310 2313 dignam
1345 2258 1501 2297 habere

28 2316 474 2371 Ροωετίτ.1)ἱοη)ει”ι”
500 2314 623 2364 Hal„
657 2328 781 2368 quern
814 2315 847 2354 is
879 2313 1022 2365 affert,
1053 2317 1195 2354 locum
1218 2314 1336 2367 Epit.
1364 2320 1436 2363 17,
1460 2318 1497 2359 5

31 2371 144 2412 unde
166 2371 294 2411 verba
326 2373 513 2410 citantur
537 2367 720 2424 ὀρεινοὺς
743 2377 966 2425 τραχῶνας,
999 2372 1043 2410 in
1076 2370 1215 2410 medio
1237 2385 1352 2410 nunc
1375 2371 1500 2411 relin-

31 2443 170 2483 quam.
230 2427 336 2477 Nec,
355 2438 496 2466 utrum
521 2427 679 2477 Suidas,
698 2428 886 2468 scribens
911 2426 1085 2482 τοοὶχων,
1106 2425 1321 2482 τράχωνος,
1342 2441 1501 2466 nomen

31 2461 336 2539 appellativum
372 2485 652 2538 cogitaverit,
699 2498 751 2523 an
783 2484 1027 2538 proprium,
1070 2483 1315 2533 decernam,
1357 2496 1501 2538 quam-

33 2555 158 2594 quam
191 2540 300 2580 illud
333 2541 437 2578 mihi
474 2544 601 2593 longe
632 2539 897 2594 probabilius
933 2540 1116 2580 videtur.
1177 2540 1333 2580 Verum
1365 2555 1415 2579 ex
1448 2553 1499 2579 eo

35 2597 153 2649 ipso,
195 2595 309 2650 quod
344 2611 497 2636 nomen
535 2597 753 2650 proprium
791 2597 952 2650 Τράχων
981 2607 1024 2637 et
1062 2595 1268 2649 Τράχωνες
1297 2596 1498 2646 sonabat,

38 2667 124 2691 non
152 2663 303 2693 temere
328 2653 430 2691 mihi
460 2652 607 2692 videor
639 2654 838 2705 collignie
865 2668 1009 2705 posse,
1044 2654 1157 2691 haud
1181 2653 1400 2692 absurdam
1422 2668 1504 2692 ne-

37 2723 117 2761 que
145 2709 412 2759 inusitatam,
466 2710 693 2763 posteriori
728 2712 872 2749 saltem
914 2724 1041 2761 aevo,
1090 2711 1223 2749 fuisse
1256 2709 1431 2750 eandem
1461 2718 1501 2747 et
