1834 3188
406 221 456 250 m
494 218 674 249 zuuxm
712 217 801 249 vm.
840 215 1140 248 Ani-mentm.
1421 203 1520 251 495

64 316 228 357 Plinio
215 331 257 355 tn
284 317 478 370 epistolis
502 333 597 370 cong
590 317 751 355 ruentia
771 327 805 354 et
828 314 1045 369 aequalitas
1065 313 1342 363 membrwum,
1374 314 1447 353 lib.
1461 316 1520 356 II

66 390 131 427 ep.
156 379 195 418 5.
219 374 265 412 Si
285 374 462 413 avulsum
489 385 640 414 statuae
669 382 806 426 caput,
839 383 906 410 aut
929 371 1140 410 membrum
1163 369 1362 424 aliquod
1347 374 1522 425 znspicen

65 447 145 480 r‚es
178 445 255 468 non
285 442 326 468 1η
353 431 507 486 quidem
535 447 667 484 posses
695 445 748 468 ωε
766 428 836 468 illo
867 429 1154 482 congruentiam
1175 426 1523 483 aequalitatemque

66 486 361 540 deprehendere
393 504 522 541 posses
553 498 680 525 tamen
706 484 906 539 judicare,
939 501 991 523 an
1020 483 1063 523 icl
1097 486 1223 538 ipsum
1255 486 1351 523 satis
1370 484 1524 538 elegans

66 554 172 582 esset.
234 543 303 583 Sic
335 543 510 598 aequalis
542 553 583 582 et
613 558 824 596 congruens
854 541 996 595 jungit
1036 555 1208 594 quoque
1238 540 1444 580 Suetonius
1471 541 1523 579 de

65 599 231 638 Tiberii
264 601 453 653 corporis
484 599 656 638 habitu:
682 574 826 636 OLatus
852 598 901 635 αό
932 598 1097 636 humeris
1124 608 1158 635 et
1183 608 1360 649 pec-‚iove
1393 601 1523 637 cemis

66 671 217 709 quoque
240 657 420 696 membris
448 673 602 712 usque
593 654 646 694 acl
666 656 764 693 imos
783 653 899 707 perles
930 653 1104 708 aequalis
1120 665 1155 692 et
1177 668 1409 706 congrue-:ns
1440 655 1522 693 hoc

67 721 153 762 est,
192 712 331 751 verbis
357 713 545 752 Luciani
574 713 626 765 ἡν
646 709 810 753 πάντων
841 728 920 751 των
942 715 1069 763 μελῶν
1091 708 1193 765 πρὸς
1216 709 1258 752 τὸ
1277 710 1372 752 όλον
1390 710 1523 763 ἰσότης

66 770 134 809 καὶ
169 766 354 824 ἁρμονία.
414 771 512 808 Hoc
543 778 681 807 autem
723 767 834 806 inter
863 767 1112 820 praecipuas
1156 767 1315 835 egregii
1347 768 1522 806 artificis

69 838 189 863 curas
221 835 263 865 et
293 836 436 876 notas,
472 839 596 864 nosse
622 823 803 876 partium
837 826 1074 876 συμμετρίαν
1107 833 1150 861 et
1179 821 1393 878 ἀναλογίαν
1428 838 1520 862 cum

67 889 185 922 toto:
223 881 350 935 hujus
380 885 580 934 majorem
612 879 825 919 habebant
856 880 1082 929 rationem,
1116 894 1238 934 quam
1269 880 1525 919 similitudi-

67 937 150 976 nis.
211 937 330 976 Illam
353 938 599 977 tribuebant
629 937 710 975 arti
742 946 784 974 et
803 936 1120 986 exercitationi,
1154 936 1298 975 hanc
1286 937 1461 990 mgenio
1485 947 1526 975 et

68 992 234 1045 judicio
267 994 453 1036 artificis.
515 995 562 1033 Is
558 995 718 1032 i·t1uvius
746 991 789 1030 id
821 992 959 1045 ipsum
994 992 1175 1045 requirit
1205 993 1250 1031 in
1282 993 1524 1032 architectis

66 1049 142 1091 lib.
165 1050 257 1100 III,
286 1056 323 1093 1.
349 1050 565 1091 §acrarum
583 1050 737 1088 aedium
757 1049 949 1098 membra,
984 1048 1039 1086 acl
1055 1051 1271 1088 universam
1293 1052 1410 1089 totius
1434 1066 1527 1088 ma-

64 1105 283 1158 gnitudinis
302 1123 505 1156 summam,
519 1123 572 1147 ex
589 1106 769 1160 partibus
791 1103 954 1159 singulis
974 1107 1371 1145 convenientissimum
1394 1105 1527 1153 debent

69 1162 209 1201 hahere
237 1179 495 1203 commensum
520 1179 753 1216 responsum.
813 1163 941 1200 Hunc
967 1161 1142 1200 Luciam·
1168 1164 1306 1201 locum
1333 1162 1394 1200 sic
1424 1177 1527 1214 puer

70 1218 159 1258 fere
191 1219 437 1270 emendavi,
481 1235 574 1259 cum
612 1234 707 1257 cum
739 1218 906 1271 aequali
940 1217 1004 1258 J0.
1032 1216 1246 1269 schiltero,
1288 1219 1525 1263 necessario

72 1288 188 1326 meo,
223 1276 297 1329 qui
331 1291 445 1315 nunc
476 1275 763 1314 illustrissimo
783 1275 902 1313 Duci
927 1273 1140 1313 saxoniae
1175 1285 1237 1314 est
1271 1289 1292 1313 a
1316 1274 1524 1324 consiliis,

71 1340 114 1369 et
144 1331 257 1370 inter
283 1332 621 1372 Jurisconsultos
654 1330 801 1370 doctos
838 1340 879 1370 et
902 1332 1112 1383 elegantes
1137 1345 1223 1369 non
1249 1331 1444 1369 ultimum
1464 1333 1527 1370 lo-

72 1401 168 1425 cum
198 1397 335 1438 tenet,
365 1398 463 1428 ante
497 1388 672 1442 triginta
707 1401 840 1426 annos
862 1386 976 1425 hunc
997 1385 1244 1438 scriptorem
1266 1390 1526 1436 evolverem,

73 1452 116 1482 et
138 1454 392 1484 excuterem.
424 1446 557 1484 Recte
578 1458 676 1484 vero
699 1458 762 1483 me
786 1442 958 1493 vidisse,
988 1452 1185 1495 excerpta
1207 1445 1291 1483 Ms.
1319 1457 1427 1496 quae
1449 1453 1528 1481 tre-

72 1498 207 1538 decim
227 1499 382 1539 abhinc
402 1500 524 1539 annis
551 1509 699 1539 nactus
725 1514 839 1547 sum,
873 1498 1125 1549 ostendunt,
1158 1500 1203 1537 in
1226 1499 1378 1552 quibus
1401 1504 1530 1552 μερῶν

71 1555 250 1609 legitur.
283 1557 474 1611 quamvis
502 1556 594 1596 sine
624 1556 678 1594 iis
708 1556 800 1610 ipsa
835 1556 945 1595 ratio
968 1555 1029 1594 sic
1063 1555 1329 1596 scribendum
1351 1569 1439 1595 esse
1465 1559 1530 1609 ju-

68 1611 177 1655 beat.
210 1613 388 1653 GRAEV.

186 1669 335 1710 Ead.1
359 1673 399 1714 5
434 1671 611 1724 Μέρων)
646 1670 716 1709 Sic
732 1678 842 1709 recte
861 1678 1026 1723 praeter
1046 1670 1132 1709 Ms.
1154 1669 1226 1710 Gr.
1247 1670 1292 1709 P.
1313 1670 1365 1711 L.
1386 1679 1428 1709 et
1448 1668 1528 1709 Ed.

73 1724 112 1766 J.
143 1725 351 1779 Reliquae
372 1740 515 1767 omnes
537 1727 698 1780 μέτρων.
723 1727 889 1770 ΞοῑΠΑΝ
929 1728 1022 1781 Ego
1043 1744 1088 1780 με
1079 1730 1173 1793 ρῶν
1196 1726 1348 1766 scribo.
1367 1728 1529 1766 Rem-,z

73 1780 278 1820 Nondum
316 1781 512 1824 damnare
543 1797 716 1835 possum
743 1787 822 1824 τῶν
853 1784 1003 1837 μέτρων
1030 1781 1189 1836 ἰσότητα
1220 1781 1320 1837 πρὸς
1351 1782 1394 1824 τὸ
1422 1781 1530 1831 ὅλον,

76 1837 107 1878 i.
133 1851 166 1877 e.
189 1838 318 1878 verbo
345 1853 432 1879 uno
467 1842 729 1893 συμμετρίαν,
763 1854 870 1894 quae
897 1840 988 1879 sine
1017 1838 1182 1879 dubio
1171 1854 1215 1878 m
1242 1838 1434 1910 partibus
1455 1848 1530 1886 est,

75 1894 179 1934 licet
199 1909 393 1960 expiessa
417 1897 601 1949 partium
622 1897 782 1936 mentio
809 1910 894 1935 non
915 1895 999 1935 fiat.
1048 1896 1190 1934 Etiam
1219 1896 1291 1950 qui
1311 1896 1441 1950 μὲρων
1461 1893 1534 1932 ha·

76 1948 180 1990 bent
200 1951 322 2002 libri,
347 1952 439 2005 ipso
460 1962 636 1992 accentu
659 1951 869 2006 produnt,
892 1952 1060 1992 fuisse
1047 1966 1092 1990 m
1117 1951 1350 2005 archetypo
1370 1952 1532 2006 μέτρων.

79 2006 218 2050 GESN.
282 2013 435 2063 Μερῶν
455 2024 533 2049 nec
558 2023 636 2063 ego
664 2009 847 2063 scribere
866 2008 1122 2051 dubitabam.
1184 2011 1400 2052 Accentus
1423 2007 1532 2050 ratio

78 2064 192 2104 nihil
216 2064 427 2116 decernit,
462 2081 589 2121 quum
621 2075 807 2117 constet,
838 2076 994 2122 quanta
1012 2067 1144 2108 fuerit
1167 2068 1438 2109 librariorum
1463 2070 1535 2106 in-

79 2121 197 2159 curia
218 2124 285 2161 vel
310 2122 479 2161 inscitia
502 2123 546 2161 in
565 2123 808 2162 accentibus
833 2123 1016 2164 maxime
1041 2125 1342 2165 Genitivorum
1364 2126 1533 2165 illorum

78 2178 309 2217 P1u1alium
331 2188 442 2218 recte
464 2179 745 2229 collocandis,
780 2181 823 2219 in
850 2180 1004 2235 quibus
1027 2182 1271 2235 saepissime
1293 2192 1441 2221 tonum
1461 2195 1535 2220 ce—

81 2243 267 2273 terorum
297 2249 467 2274 casuum
501 2236 726 2276 retinuisse
753 2237 1142 2291 deprehenduntur.
1212 2240 1366 2288 Μέρων
1395 2247 1535 2276 autem

83 2290 169 2330 ob
158 2306 296 2344 ipsum
319 2292 437 2330 illum
461 2302 707 2339 accentum,
739 2302 780 2332 et
803 2294 916 2347 quod
937 2295 1031 2348 quis
1057 2309 1188 2348 aeque
1206 2310 1252 2334 ac
1279 2294 1419 2334 Gesner
1413 2311 1464 2332 us
1486 2293 1536 2332 de

80 2351 304 2403 symmetria
328 2349 555 2402 cogitaret,
588 2348 791 2389 facillime
826 2350 870 2389 in
901 2352 1052 2405 μέτρων
1079 2352 1234 2390 mutari
1260 2351 1416 2403 potuit.
1478 2351 1536 2388 At

80 2408 335 2473 symmetriam
360 2407 472 2444 illam
503 2408 584 2459 jam
614 2405 658 2442 in
678 2406 1027 2446 antecedentibus
1055 2407 1215 2458 verbis,
1245 2412 1320 2449 τοῦ
1337 2407 1536 2460 μεγέθους

78 2459 150 2503 τὸν
176 2460 320 2516 λόγον,
355 2472 751 2501 commemoraverat
781 2473 940 2506 auctor.
1001 2465 1154 2517 Neque
1179 2463 1284 2502 adeo
1313 2478 1427 2501 nunc
1447 2463 1534 2501 ite-

81 2531 173 2558 tum
199 2519 249 2558 de
270 2519 412 2558 eadem
438 2519 596 2558 virtute
624 2519 883 2559 mentionem
915 2520 1005 2560 fieri
1027 2520 1218 2573 potuisse
1245 2534 1410 2559 censeo.
1479 2519 1532 2562 To

84 2570 175 2615 όλον
195 2575 380 2630 denique
406 2586 447 2615 et
475 2593 521 2617 τα
552 2577 650 2630 μέθη
679 2576 837 2628 optime
872 2576 983 2615 inter
1009 2591 1053 2616 se
1073 2577 1221 2615 referri
1254 2576 1347 2630 quis
1376 2576 1531 2632 neget?

79 2630 233 2671 Lnnm.

195 2689 398 2732 Ead.1.6.
443 2689 637 2742 Γραφὲων
666 2690 805 2738 παῖδες
832 2686 1130 2741 ἐπαινούντων)
1176 2692 1368 2744 Γραφὲων
1395 2694 1531 2738 παῖδες

84 2753 184 2784 sunt
213 2745 415 2798 discipuli
450 2746 682 2799 pictorum,
717 2745 842 2784 immo
872 2746 1056 2803 pictores
1079 2747 1182 2800 ipsi,
1214 2757 1262 2787 ut
1287 2747 1529 2800 φιλοσόφων
