1834 3188
447 201 1257 236 INHERMOTIMURL
1492 188 1587 233 381

238 304 342 345 Ead.
365 306 392 345 l.
412 307 450 346 9
487 300 586 344 Οἷον
604 298 839 356 μύρμηκας)
873 299 1013 355 Atque
1036 296 1254 353 indignos,
1277 297 1350 352 qui
1368 296 1591 336 hominum

126 361 418 417 appellatione
437 360 726 399 nominentur.
776 358 922 397 Bnon.

240 417 482 459 Ead.1.1o.
521 413 643 464 Τινας
669 412 765 462 τούς
793 412 966 462 ἄλλους)
995 410 1265 451 subduxerat
1288 410 1459 450 Solanus
1488 425 1595 464 pro-

127 488 282 514 nomen
313 471 424 522 τινὰς
461 473 748 536 ast-eriscoque
783 478 825 509 et
858 483 1033 508 numero
1067 478 1311 515 notaverat,
1357 469 1593 506 variantem

128 532 355 571 lectionem
387 529 659 596 quaesiturus
676 537 800 580 atque
828 525 1077 564 additurus.
1111 535 1152 563 at
1182 539 1268 562 non
1293 524 1484 574 invenit,
1516 538 1594 562 nec

133 602 241 640 opus
265 596 347 633 est;
382 587 461 625 etsi
486 588 554 624 vel
574 582 686 632 τινὰς
705 586 770 621 vel
793 582 998 620 articulus
1024 598 1116 629 τους
1140 581 1282 620 abesse
1309 590 1448 633 queat.
1510 578 1595 619 Sed

130 654 193 683 est
225 647 494 696 pleonasmus
524 642 732 688 usitatus,
766 649 814 676 ut
845 652 971 689 supra
998 638 1117 677 Dial.
1154 637 1343 675 omnium
1372 635 1529 689 Ριίηιο,
1562 649 1592 672 5.

129 701 273 741 Somn,
307 698 422 737 haud
455 701 583 751 longe
614 696 664 735 ab
697 695 793 735 init.
823 691 982 746 ταχεῖαν
1010 711 1099 734 τινα
1128 711 1200 745 την
1227 694 1486 746 ἐπικουρίαν,
1518 691 1595 729 nbi

129 757 245 795 conf.
267 765 356 795 not.
378 754 598 794 Hemsterlz.
638 751 773 802 Adde
796 751 831 788 si
855 751 987 800 lubet,
1008 750 1163 788 Buclaei
1185 749 1421 788 Comment.
1440 763 1480 801 p
1496 751 1594 792 593.

127 813 159 851 f.
186 813 262 865 qui
284 827 335 850 ex
352 809 570 852 Aristotele
588 808 748 857 adfert,
787 804 846 849 Οὔ
869 823 947 861 γαρ
973 809 1050 848 ἐστι
1070 808 1185 871 ys'vO-S·
1202 824 1251 847 αν
1255 813 1424 859 θρωπος
1443 823 1521 846 των
1540 822 1596 845 τι-

127 873 213 910 νοῖν
238 866 486 909 ἆνθεώπωυ·
530 875 572 904 et
599 879 695 903 nos.
711 864 818 902 alios
851 862 1059 916 ejusmodi
1091 863 1367 900 articulorum
1398 865 1597 913 pleonas-

127 939 216 963 mos
240 924 500 971 indicantes,
535 920 586 960 ad
612 936 702 974 cap.
724 926 790 963 26
815 919 943 973 hujus
963 920 1080 957 Dial.
1116 920 1278 957 Pium-,z
1341 917 1531 957 Solarium
1553 926 1595 955 et

125 980 324 1019 Reitzium
363 979 503 1017 minus
542 977 645 1017 haec
682 977 945 1016 intellexisse
986 975 1094 1014 dicit
1121 976 1158 1013 J.
1194 975 1382 1027 Seagerus
1418 974 1594 1012 Classic.

125 1037 277 1077 Journ.
302 1035 398 1074 Vol.
420 1035 542 1073 XIII.
561 1049 600 1086 p.
625 1038 694 1076 71.
722 1033 916 1071 ordinem
938 1032 1052 1071 enim
1075 1032 1299 1071 verborum
1322 1030 1383 1069 sic
1408 1044 1496 1069 esse
1527 1030 1596 1066 in-

126 1089 529 1132 sumendum-0221&
548 1095 625 1132 τοῦ
637 1089 773 1142 ὕψους
793 1091 1105 1136 ἐπισκοποῦντες
1126 1106 1219 1135 τους
1240 1085 1384 1134 ἄλλους
1406 1082 1598 1138 (ανθρω-

126 1165 233 1197 πους
253 1148 372 1195 scil.)
399 1145 488 1189 οἷον
508 1145 722 1200 μύομηκάς
740 1163 867 1194 τινας.
925 1145 1058 1184 Recte
1083 1144 1276 1196 quidem3
1313 1154 1353 1182 et
1376 1144 1459 1181 huc
1485 1143 1598 1180 redit

128 1204 287 1244 Gesncri
308 1205 471 1252 versio,
506 1218 583 1241 nec
614 1218 701 1241 non
723 1202 981 1240 recentiores
1007 1201 1140 1240 Belini
1161 1211 1202 1238 et
1228 1201 1270 1239 ῙΙ
1272 1200 1453 1239 ielanclii.
1514 1197 1598 1236 Sed

124 1275 204 1299 nec
224 1260 403 1300 Reitzius
418 1262 546 1313 longe
568 1260 618 1297 ab
643 1258 723 1297 hac
747 1261 914 1297 ratione
938 1258 1101 1306 aberat,
1134 1267 1182 1295 ut
1204 1258 1309 1309 ipsa,
1343 1270 1449 1309 quae
1468 1254 1596 1293 modo

127 1326 473 1370 praecesserunt,
506 1316 632 1355 verba
661 1318 751 1368 ejus
782 1315 1021 1364 declarant3
1054 1323 1345 1365 praeterquam
1382 1311 1498 1365 quod
1521 1311 1597 1348 mi·

129 1387 209 1412 nus
228 1372 312 1411 sibi
334 1382 532 1410 constans
554 1375 621 1410 vel
641 1388 752 1419 τινας
772 1374 839 1409 vel
863 1372 1087 1408 articulum
1109 1369 1202 1434 1959
1223 1368 1364 1407 abesse
1390 1382 1542 1420 posse
1535 1368 1595 1405 nf-

129 1429 279 1467 firmat.
344 1427 473 1481 Quod
498 1442 618 1466 secus
638 1442 680 1467 se
701 1427 877 1475 habene,
914 1425 1102 1465 ostendit
1126 1427 1216 1478 ipsa
1237 1426 1309 1463 illa
1329 1424 1598 1463 fsemscrlzusii

128 1484 352 1523 adnotatio
378 1483 428 1521 ad
445 1485 588 1523 Somn.
605 1484 725 1532 init„
757 1483 807 1521 ad
833 1498 955 1536 quam
977 1492 1198 1534 provocat.
1234 1481 1299 1519 Cf.
1321 1481 1444 1519 etiam
1461 1482 1595 1518 Diall.

127 1542 281 1581 Mortt.
303 1541 389 1584 IX.
418 1545 456 1583 2.
482 1539 557 1577 ubi
585 1541 674 1592 ipse
701 1540 1018 1578 Hemsterhusius
1049 1538 1092 1576 in
1122 1538 1350 1576 simillimis
1375 1536 1514 1575 verbis
1539 1546 1599 1574 te-

129 1612 241 1636 mere
266 1614 353 1638 τινα
379 1597 524 1635 abesse
558 1597 720 1645 voluit,
753 1595 902 1649 ibique
936 1595 1096 1633 Adnot.
1118 1597 1237 1633 Tom.
1263 1595 1322 1631 II.
1348 1608 1389 1646 p.
1418 1598 1514 1635 522.
1537 1606 1597 1643 sq.

127 1654 349 1693 Praeteiea
371 1668 506 1706 neque
527 1653 612 1690 hoc
633 1653 740 1692 bene
759 1654 944 1699 factum,
978 1650 1092 1704 quod
1105 1650 1282 1689 Reztzws
1302 1650 1352 1688 ad
1379 1649 1500 1688 fidem
1523 1649 1599 1687 ali-

129 1719 236 1764 quot
259 1719 359 1749 vett.
382 1709 637 1747 Editionum
661 1719 758 1772 post
779 1706 868 1750 οἷον
885 1722 1046 1746 comma
1065 1708 1233 1760 posuit,
1269 1720 1397 1759 quum
1419 1720 1504 1743 vox
1525 1705 1599 1742 illa

129 1781 223 1805 cum
245 1765 522 1818 sequentibus
549 1765 784 1803 arctissime
813 1764 1050 1804 cohaereat.
1111 1763 1275 1801 Eodem
1299 1762 1425 1800 modo
1450 1775 1601 1800 lecen-

129 1824 285 1871 tiores‚
324 1831 491 1874 praeter
521 1821 777 1867 δεγόοἶιῐιιηι,
821 1830 1064 1872 peccarunt.
1127 1819 1324 1858 Ceterum
1355 1819 1398 1855 in
1431 1831 1600 1869 praece-

131 1878 333 1918 dentibus
359 1877 519 1925 verbis,
545 1892 651 1931 quae
673 1888 714 1915 et
740 1879 830 1929 ipsa
857 1891 976 1914 usum
1000 1874 1404 1913 illuumnominis
1426 1875 1484 1922 τὶς
1504 1888 1599 1911 cum

131 1936 314 1978 articulo
341 1933 473 1987 positi
494 1932 772 1981 confirmant,
804 1930 1038 1985 θαυμάσιόν
1060 1949 1149 1973 τινα
1167 1931 1236 1973 τὸν
1256 1933 1347 1984 βίον
1369 1928 1440 1972 τὸν
1457 1927 1600 1971 λοιπὸν

131 1995 340 2046 βιοῦντες,
372 2004 495 2030 nemo
531 1990 658 2028 facile
694 1989 927 2043 quidquam
961 1988 1198 2036 invenerit,
1233 1988 1276 2025 in
1303 2001 1388 2041 quo
1414 1985 1599 2025 haereat.

129 2048 306 2087 Invenit
328 2057 468 2086 tamen
493 2046 713 2086 Gourierius
733 2045 785 2084 ad
804 2047 924 2085 A‘sin.
942 2060 984 2099 p.
1009 2049 1106 2089 259.
1122 2078 1132 2095 ‚
1167 2047 1242 2098 qui
1268 2058 1344 2096 pro
1367 2042 1436 2084 τὸν
1460 2040 1603 2084 λοιπὸν

131 2103 216 2156 legi
238 2107 383 2142 mallet
410 2101 454 2144 τὸ
477 2101 651 2167 Zomdvn,
674 2106 743 2142 vel
770 2104 844 2145 τοῦ
864 2107 1024 2145 λοιποῦ.
1084 2101 1219 2155 Cujus
1239 2099 1409 2165 quidem
1434 2099 1601 2154 generis

132 2159 462 2199 exercitationes
488 2159 654 2211 ingenii
687 2159 1042 2225 quemadmodum
1063 2172 1151 2197 non
1171 2157 1337 2196 minimi
1359 2157 1537 2194 facimus
1560 2163 1604 2194 et

133 2229 270 2268 aequo
292 2215 468 2254 ferimus
489 2217 656 2265 animo,
686 2216 746 2254 ita
771 2226 908 2255 tamen
931 2215 1128 2268 majoris,
1161 2228 1284 2269 quam
1309 2226 1384 2265 pro
1408 2212 1490 2250 hoc
1513 2225 1603 2250 mo-

133 2270 262 2320 dulo,
294 2270 529 2321 aestimari,
562 2274 631 2310 vel
663 2270 768 2310 adeo
795 2271 1077 2324 seriptoribus
1110 2271 1215 2324 ipsis
1240 2267 1439 2315 obtrudi,
1474 2267 1602 2306 enixe

135 2337 344 2368 vetamus
403 2326 512 2365 Nam
533 2326 852 2381 integerrimum
875 2328 965 2368 h.1.
988 2337 1051 2367 est
1071 2325 1142 2368 τὸν
1161 2324 1317 2368 λοιπόν.
1359 2325 1515 2365 LEHM.

247 2393 351 2433 Εαᾶ
373 2396 401 2433 l·
429 2398 495 2436 11.
529 2395 693 2442 Παπαι,
717 2412 749 2435 ω
767 2392 1002 2448 Ἑρμότιμε,
1019 2392 1200 2462 ἡλίκους
1216 2390 1325 2445 ημᾶς
1344 2388 1602 2444 α’ποφαίνεις,

137 2449 234 2493 οὐδὲ
256 2449 355 2492 κατὰ
384 2449 477 2498 τούς
498 2453 739 2504 Πυγμαίους
769 2452 970 2499 ἐκείνους,
1002 2447 1102 2491 ἄλλά
1132 2451 1250 2502 χαμαὶ
1274 2446 1530 2490 παντάπασιν
1558 2450 1602 2491 ἔν

134 2512 218 2564 χρῷ
237 2525 273 2548 τ.-
267 2524 310 2559 -Ις
326 2506 426 2561 γῆς)
458 2507 694 2559 Interpres:
728 2507 880 2559 Papae,
913 2507 1174 2554 Hermotime,
1207 2504 1416 2559 quantulos
1437 2521 1505 2545 nos
1523 2505 1603 2560 fa-

137 2566 215 2612 cis,
248 2580 367 2618 neque
395 2579 481 2602 cum
506 2563 565 2617 Py
559 2565 710 2615 gmaeis
741 2579 810 2602 nos·
842 2579 1069 2616 comparas,
1103 2562 1170 2600 sed
1198 2564 1355 2600 omnino
1384 2577 1470 2600 cum
1492 2561 1602 2600 humi

137 2621 351 2672 repenhbus
371 2619 622 2658 animalzbus.
683 2618 767 2658 sed
787 2621 908 2672 χαμαὶ
927 2621 969 2661 ἐν
986 2623 1069 2672 χρῶ
1086 2622 1155 2667 τῆς
1175 2622 1248 2671 γῆς
1270 2631 1369 2655 num
1390 2628 1488 2655 sunt
1514 2617 1601 2655 hu..

136 2677 192 2712 mi
216 2677 407 2726 repentia
431 2674 668 2713 animalia?
702 2690 788 2714 non
812 2676 873 2713 sic
895 2675 1047 2714 Graeci
1069 2677 1328 2728 loquuntur,
1360 2672 1431 2712 sed
1457 2673 1600 2712 dicen·

136 2729 233 2769 dum
254 2731 403 2771 fuisset
434 2731 528 2781 τούς
548 2749 667 2784 χαμαι
697 2728 837 2781 ὄντας,
871 2741 943 2771 aut
962 2732 1155 2787 ρέποντας
1185 2730 1454 2785 (ερπονταςς)
1487 2730 1599 2768 sicut
