1834 3188
223 860 354 899 p.819.

376 188 473 237 106

877 203 1284 236 LUCIAN1

226 303 596 355 Ρ.318.πατημὲνοι
626 298 748 351 ὦσιν,
781 299 868 344 ἄλλ’
899 304 1016 356 ἔχωσι
1036 297 1086 354 k)
1114 305 1380 358 παραμυθίαν
1411 305 1455 349 τὸ
1487 308 1554 349 καὶ
1582 307 1758 357 πολλοὺς

373 367 492 425 καιι)
524 371 668 420 ἄλλους
704 389 750 413 τα
780 369 897 425 όμοια
928 378 1076 413 παθεῖν
1113 367 1260 420 αὐτοῖς.
1306 375 1372 415 καὶ
1401 373 1475 430 γὰρ
1510 371 1562 418 αὖ
1590 374 1754 433 κᾴκεῖνο

373 437 545 495 ορῶσιν,
581 439 663 490 ότι,
695 437 747 493 ἢν
768 444 797 460 ¹¹¹

808 445 823 494 )
853 438 1024 493 τάληθὲς
1041 443 1228 491 εἴπωσιν,
1262 438 1336 482 οὐκ
1354 443 1407 484 ἔτι
1429 446 1594 498 σεμνοὶ,
1626 443 1755 498 ὥςπερ

370 513 466 560 νῦν,
498 511 564 551 καὶ
584 508 684 561 ὑπὲρ
710 526 806 557 τους
832 507 1005 557 πολλοὺς
1036 507 1245 560 δόξουσιν,
1278 505 1369 551 οὐδὲ
1391 513 1621 564 τιμήσονται
1643 510 1755 567 ὅμοι’-

372 594 437 625 ως.
480 576 554 620 οὐκ
578 576 628 618 ἂν
650 570 725 618 οὖν
749 574 905 626 ἑκόντες
935 579 1085 619 εἴποιεν
1116 575 1260 625 εἰδότες
1279 574 1355 630 ἀφ’
1386 581 1483 620 οἵων
1506 580 1754 630 ἐκπεσόντες,

370 642 392 656 0⁸!
575 651 591 658 m
632 644 650 658 ,Ι
813 643 821 656 Ι

369 663 505 698 ομοιοι
527 663 607 694 τοις
626 651 758 694 αλλοις
778 649 978 695 δοξουσιν.

1022 643 1171 701 ὀλίγοις
1189 642 1228 687 δ’
1252 642 1302 687 ἂν
1322 644 1430 688 πάνυ
1454 647 1650 703 ἐντύχοις,
1680 644 1752 690 ὑπ’

369 708 555 763 ἀνδρείας
580 718 754 767 τολμῶσι
781 717 927 770 λέγειν,
972 712 1031 756 ὅτι
1064 713 1346 767 ἐξηπάτηνται,
1391 717 1456 756 καὶ
1487 715 1582 765 τοὺς
1614 715 1758 765 ἄλλους

369 780 611 835 ἀποτρέπειν
630 787 708 825 τῶν
729 782 880 838 ὁμοίων
900 784 1175 838 πειρωμένους
1191 782 1251 836 *)

1301 786 1336 825 εἰ
1355 779 1394 824 δ’
1423 785 1498 825 οὖν
1519 801 1598 825 τινι
1617 783 1758 826 τοιού-

369 868 422 908 τῳ
453 850 653 905 ἐντύχοις,
685 849 891 905 φιλαλήθη
919 870 959 894 τε
989 851 1100 894 κάλει
1127 850 1197 894 τὸν
1223 857 1430 901 τοιοῦτον,
1471 855 1538 894 καὶ
1570 851 1756 906 χρηστὸν,

370 920 437 960 καὶ
471 922 652 969 δίκαιον,
684 921 770 967 καὶ,
803 922 837 961 εἰ
864 917 1022 974 βούλει,
1056 919 1308 974 φιλόσοφον·
1342 919 1390 962 οὗ
1415 920 1490 976 γὰρ
1521 918 1571 962 ἂν
1590 919 1759 973 φθονή-

372 1001 482 1040 σαιμι
513 984 643 1042 τούτῳ
668 987 779 1042 μόνῳ
799 992 845 1039 ¹¹)
875 994 949 1030 τοῦ
971 987 1188 1043 ὀνόματος·
1222 992 1262 1031 οἵ
1292 987 1328 1031 δ’
1355 989 1488 1041 ἄλλοι,
1519 988 1548 1042 ἢ
1571 987 1685 1031 οὐδὲν
1708 990 1753 1042 ⁰)

368 1054 517 1110 ἀληθὲς
542 1058 676 1098 ἴσασιν
703 1055 879 1111 οἰόμενοι
906 1060 1074 1108 εἰδέναι,
1108 1055 1136 1111 ἢ
1158 1057 1304 1106 εἰδότες
1326 1061 1394 1108 p),
1428 1054 1758 1110 ἀποκρύπτονται

365 1123 447 1168 ὑπὸ
475 1129 640 1177 δειλίας,
683 1128 751 1169 καὶ
780 1125 993 1180 αἰσχύνης,
1025 1128 1094 1168 καὶ
1120 1131 1193 1168 τοῦ
1222 1132 1500 1181 προτιμᾶσθαι
1522 1127 1753 1181 βούλεσθαι.

410 1239 458 1283 k)
488 1237 652 1284 ἔχωσι]
686 1239 777 1283 „Sic
805 1241 834 1272 J.
857 1241 904 1274 H.
928 1241 1013 1273 Par.
1044 1237 1166 1284 ἔχουσι
1191 1240 1244 1272 Fl.
1275 1240 1329 1274 M.
1357 1245 1394 1272 et
1429 1239 1546 1272 Coll.“
1594 1238 1693 1271 Illud
1716 1245 1754 1272 et

455 1288 497 1318 A.
522 1299 551 1321 1.
574 1298 605 1319 2.
627 1288 669 1320 B.
692 1298 721 1318 1.
741 1297 772 1329 3.
803 1285 954 1319 habent.

1013 1286 1050 1329 l)
1079 1287 1180 1327 καὶ]
1210 1287 1314 1318 abest
1338 1297 1357 1318 a
1379 1285 1495 1319 Codd.
1521 1295 1751 1329 2954.5011.

455 1345 567 1376 quem
587 1333 776 1366 defectum
794 1333 892 1364 male
905 1332 1028 1364 Belzno
1049 1335 1247 1375 probatum
1264 1331 1359 1364 male
1378 1332 1526 1364 admisit
1547 1336 1660 1365 δ”.ιὴηι
1689 1331 1749 1366 Cf.

453 1379 587 1411 Toxar
612 1391 641 1412 c.
666 1391 717 1412 12.
741 1379 902 1418 πολλοὺς
929 1379 991 1413 καὶ
1018 1376 1150 1418 ἄλλους
1179 1384 1249 1422 εῑχε
1275 1378 1358 1420 περὶ
1381 1375 1508 1413 αυτόν.
1536 1389 1565 1411 e.
1586 1390 1617 1411 a.
1690 1378 1750 1422 m)

450 1420 530 1469 ἣν]
558 1419 603 1468 ἦν
626 1426 666 1459 Β·
690 1437 722 1468 5·

453 1471 538 1505 Par.
560 1478 669 1503 notat
685 1471 848 1502 solanus.

791 1426 835 1468 *)
862 1424 1103 1469 πειρωμέν
1119 1438 1198 1464 ους
1213 1428 1224 1468 Ι
1251 1425 1460 1476 „Ni13i1h1‘c
1480 1431 1627 1457 mutare
1643 1424 1673 1458 J
1697 1424 1750 1457 Fl.

898 1473 983 1503 Non
1001 1472 1144 1504 invenit
1163 1482 1251 1515 ergo
1273 1470 1524 1502 variationem.
1566 1471 1612 1502 At
1632 1481 1750 1513 marg.

451 1518 495 1550 A.
524 1529 551 1548 1.
572 1518 631 1549 W.
659 1516 902 1560 πειρωμένοις
926 1517 1048 1549 habet.
1056 1520 1078 1536 “
1130 1518 1238 1571 Quod
1261 1516 1328 1548 etsi
1356 1528 1434 1549 non
1457 1515 1552 1548 male
1570 1526 1655 1548 curn
1671 1519 1753 1550 τολ-

452 1563 550 1606 μῶσι
579 1563 766 1607 copule-ni,
795 1569 831 1596 et
860 1576 934 1596 των
959 1559 1101 1606 ὁμοίων
1118 1565 1164 1596 ad
1196 1559 1418 1605 ἀποτρέπειν
1438 1561 1591 1605 referri,
1621 1563 1749 1606 possit,

453 1609 615 1653 praetuli
641 1616 763 1641 tamen
786 1610 1053 1653 simpliciorem
1072 1611 1265 1651 rationem,
1293 1609 1353 1641 cui
1375 1615 1410 1641 et
1434 1612 1472 1643 A.
1500 1621 1526 1640 ι
1550 1620 1579 1640 2.
1603 1609 1646 1640 Β.
1669 1619 1697 1640 1.

451 1655 591 1697 favent,
618 1655 688 1687 nisi
712 1657 810 1699 quod
832 1655 921 1688 haec
943 1657 982 1688 B
1006 1668 1037 1699 3.
1063 1668 1107 1689 πε
1093 1668 1218 1699 ιρομε
1204 1667 1308 1693 νους
1327 1654 1505 1687 mendose
1522 1653 1645 1688 habet.
1697 1620 1751 1696 113)

451 1699 538 1745 μόν
545 1706 608 1757 ῳ]
636 1701 791 1742 „deest
783 1714 820 1733 m
843 1702 895 1734 Pl.

932 1702 1070 1734 Adest
1060 1701 1564 1746 1111eliqq.1·te1uinM.ae
1584 1702 1622 1734 P.
1628 1701 1653 1719 “
1701 1703 1748 1743 o)

450 1744 476 1791 ἢ
502 1736 612 1782 ουδὲ
600 1750 668 1790 v]
697 1748 759 1790 7,οἱ
794 1744 883 1782 ου’δὲ
871 1760 906 1781 ν
933 1749 992 1782 W.
1044 1748 1147 1781 Nihil
1178 1760 1198 1780 a
1226 1748 1378 1790 vulgata
1407 1747 1545 1779 abeunt
1572 1748 1602 1779 J.
1627 1747 1678 1780 Fl
1700 1748 1748 1782 H.

449 1794 565 1827 Pa1.“
615 1794 692 1826 Nee
711 1794 877 1840 reliquae
894 1800 982 1828 vett.

449 1837 590 1880 ἰδόντες
616 1840 712 1873 Edd.

357 1956 608 2006 hortantur,
648 1969 702 1994 ne
735 1955 816 1994 soli
845 1955 931 1994 sint
957 1955 1026 1995 de-

361 2014 497 2065 cepti,
529 2013 601 2051 sed
623 2013 822 2050 solatium
841 2011 1025 2051 habeant

359 2084 412 2108 ex
447 2083 520 2113 eo,
574 2068 687 2123 quod
723 2069 865 2105 multis
896 2069 1023 2107 etiarn

359 2125 453 2163 aliis
475 2125 618 2164 eadem
636 2154 645 2168 ,
678 2139 784 2178 quae
804 2124 911 2174 sibi,
944 2140 1023 2162 usu

358 2182 569 2220 venerint.
621 2181 727 2219 Nam
748 2195 890 2219 rursus
914 2180 1022 2219 illud

358 2252 530 2291 quoque
576 2236 749 2286 vident,
803 2237 839 2274 si
877 2252 1022 2276 verum

358 2294 527 2342 dicant,
563 2309 604 2333 se
629 2308 715 2332 non
743 2296 822 2346 jam
855 2308 1019 2348 graves,

358 2360 405 2387 ut
438 2349 600 2401 adbuc,
640 2359 680 2388 et
710 2364 836 2403 supra
869 2353 1021 2402 vulgus

356 2408 492 2445 elatos
518 2407 654 2444 visum
678 2406 759 2452 iri,
790 2421 927 2458 neque
946 2406 1022 2444 ho-

355 2475 501 2501 norem
543 2461 723 2501 eundem
769 2472 1020 2502 consecutu-

355 2531 439 2557 ros,
494 2518 725 2572 Nunquam
748 2533 847 2573 ergo
869 2522 1020 2557 volun-

355 2582 443 2611 tate
481 2573 697 2625 dixerint,
747 2574 1020 2628 quantumvis

357 2629 520 2679 sciant,
564 2630 717 2684 quibus
755 2631 1017 2680 exciderint,

358 2695 401 2724 et
442 2700 566 2739 quam
599 2687 756 2725 similes
793 2687 1021 2726 videantur

358 2741 550 2796 reliquis.
618 2744 782 2782 Paucos
843 2743 1019 2783 omnino

1046 1796 1095 1839 p)
1123 1792 1289 1829 εἰδότε
1278 1793 1339 1837 ς]
1368 1794 1496 1836 ‚‚exP.
1516 1794 1559 1826 L.
1582 1793 1748 1839 etAngl.

1084 1955 1269 2008 reperias
1294 1954 1395 1993 satis
1419 1955 1565 1998 fortes,
1597 1953 1662 1992 uti
1678 1964 1762 1993 au·v

1085 2012 1214 2050 deant
1255 2011 1420 2059 dicere,
1470 2025 1512 2049 se
1545 2009 1748 2063 deceptos

1084 2083 1197 2117 esse,
1259 2068 1300 2105 et
1350 2067 1567 2105 dehortari
1611 2068 1746 2117 alios,

1085 2125 1157 2177 qui
1182 2124 1337 2162 similia
1363 2134 1544 2163 tentent.
1605 2124 1656 2162 In
1686 2133 1747 2162 ta-

1082 2184 1163 2220 lem
1189 2195 1287 2233 ergo
1308 2180 1342 2218 si
1365 2179 1529 2217 incidas
1547 2211 1557 2229 ,
1592 2180 1747 2219 verita-

1082 2238 1136 2276 tis
1166 2238 1347 2275 amicum
1380 2251 1504 2285 voca,
1538 2247 1579 2274 et
1612 2236 1744 2289 frugi,

1083 2304 1125 2332 et
1159 2296 1342 2346 justum,
1387 2301 1450 2342 et,
1489 2292 1526 2330 si
1552 2292 1644 2341 vis,
1675 2301 1744 2331 et-

1081 2350 1163 2387 iam
1189 2349 1509 2402 philosophum.
1570 2348 1685 2385 Huic
1703 2363 1743 2387 e·

1080 2407 1168 2444 nim
1193 2406 1273 2444 soli
1301 2403 1484 2444 nominis
1516 2402 1642 2456 hujus
1666 2403 1744 2443 ho-

1081 2477 1223 2502 norem
1255 2476 1340 2500 non
1365 2459 1592 2498 invideam.
1652 2461 1741 2499 Re-

1078 2519 1189 2571 liqui
1228 2528 1365 2556 autem
1400 2525 1472 2553 aut
1509 2515 1596 2555 veri
1627 2515 1741 2555 nihil

1080 2576 1237 2624 sciunt,
1269 2588 1361 2611 cum
1381 2572 1487 2610 scire
1505 2587 1546 2611 se
1564 2583 1741 2625 putent3

1080 2640 1177 2679 aut,
1232 2628 1345 2683 quod
1376 2628 1547 2675 sciunt,
1593 2631 1743 2667 occul-

1079 2695 1193 2735 tant,
1226 2700 1323 2738 prae
1348 2683 1578 2724 timiditate
1602 2695 1642 2723 et
1663 2699 1739 2736 pu-

1080 2741 1196 2793 dore,
1229 2752 1269 2781 et
1289 2740 1403 2795 quod
1422 2741 1628 2794 praeferri
1644 2740 1741 2780 aliis
