1834 3188
336 208 437 257 248

219 317 388 370 P·85.vo'c
407 316 572 373 λάφυρα
602 316 966 373 διεσκεδασμένοις·
997 316 1065 359 καὶ
1093 314 1248 367 πάντας
1272 317 1342 373 μὲν
1372 318 1609 374 τρέπουσιν,
1643 316 1722 360 αὗ-

340 383 410 430 τόν
431 386 472 429 δὲ
489 385 560 428 τὸν
580 387 741 441 βασιλέα
759 382 1052 428 καταδιώκουσι
1076 384 1176 440 πρὸς
1198 384 1273 439 τὴν
1292 384 1428 438 πόλιν,
1461 388 1530 429 καὶ
1549 385 1595 428 τὰ
1616 391 1724 428 πλεῖ-

822 217 1236 251 LUCIANI

344 468 416 497 στα
445 459 523 496 τῶν
548 452 697 508 ὀρνέων
728 451 857 497 αὐτοῦ
885 455 1125 495 κτείνουσιν·
1157 449 1458 511 ἀνέσπασαν-δὲ
1475 455 1541 496 καὶ
1563 451 1612 495 τὰ
1630 452 1724 508 τρό-

342 539 455 572 παια,
487 523 554 563 καὶ
575 523 821 576 κατέδραμον
841 520 947 563 ἅπαν
966 518 1010 562 τὸ
1029 518 1109 562 ὑπὸ
1130 527 1210 563 τῶν
1229 517 1415 576 ἀραχνῶν
1433 524 1578 565 πεδίον
1596 520 1729 574 ’ὕφασ-

344 591 487 645 μένον,
518 591 585 644 ἐμὲ
615 590 679 639 δὲ,
710 590 778 630 καὶ
807 587 879 631 δύο
902 587 1015 638 τινας
1042 596 1119 633 τῶν
1147 591 1338 645 ἑταίρων,
1369 584 1603 646 ἐζώγρησαν.
1646 588 1726 644 ἤδη

343 658 387 701 δὲ
404 663 541 713 παρῆν
559 658 624 701 καὶ
647 653 669 699 ὅ
697 657 871 699 Φαέθων
885 690 896 708 ,
927 659 996 700 καὶ
1018 654 1139 708 αὖθις
1160 656 1255 700 ἅλλα
1275 656 1446 711 τρόπαια
1467 656 1540 700 ὑπ’
1562 660 1728 702 ἐκείνων

341 727 489 769 ἵστατο.
534 722 652 778 ἡμεῖς
678 725 748 778 μὲν
771 719 845 767 οὖν
871 721 1113 781 ἀπηγόμεθα
1144 729 1185 776 ἐς
1212 725 1283 770 τὸν
1302 724 1455 769 ’ἾΗλιον
1478 723 1727 780 αὐθημερὸν,

268 795 321 838 19
344 792 398 837 τῶ
418 799 522 848 χεῖρε
544 790 671 836 ὀπίσω
694 793 880 843 δεθέντες
900 792 1092 849 οἷραχνίου
1111 791 1372 848 ἀποκόμματι.
1427 797 1479 837 Οἱ
1502 794 1543 836 δὲ
1564 799 1727 849 πολιορ-

345 867 432 905 κεῖν
453 862 522 915 μὲν
541 859 617 903 οὔκ
637 863 815 915 ἔγνωσαν
844 858 919 914 τήν
939 860 1056 905 πόλιν
1071 879 1079 888 ·
1112 859 1430 917 ἀναστρέψαντες
1447 863 1509 912 δὲ,
1541 860 1586 903 τό
1611 878 1732 915 μετα·-

344 928 391 980 ξύ
413 935 484 971 τοῦ
502 925 620 984 ἀέρος
642 925 905 982 ἐπετείχιζον,
937 927 1033 977 ὤςτε
1058 931 1194 984 μηκέτι
1212 929 1282 979 τὰς
1311 926 1439 984 αὐγὰς
1460 924 1539 971 ἀπὸ
1556 934 1630 971 τοῦ
1649 927 1732 970 ‘H--

346 999 435 1041 λίου
457 996 561 1052 πρὸς
586 995 661 1050 τήν
681 996 865 1050 Σελήνην
885 995 1048 1050 διήκειν.
1090 996 1134 1040 τὸ
1159 1001 1200 1040 δὲ
1226 1003 1354 1051 τεῖχος
1375 992 1427 1051 ἦν
1448 1002 1637 1048 διπλοῦν,
1669 1014 1733 1040 νε-

347 1062 547 1119 φελωτόν·
579 1062 674 1113 ὥςτε
693 1064 826 1118 σαφὴς
843 1066 1017 1118 ἔκλειψις
1037 1071 1107 1119 τῆς
1121 1063 1306 1119 Σελήνης
1329 1064 1520 1122 ἐγεγόνει,
1552 1067 1619 1107 καὶ
1635 1082 1734 1107 vva·

347 1134 383 1178 τὶ
402 1136 578 1186 διηνεκεῖ
592 1127 641 1186 k)
672 1138 782 1175 πᾶσα
801 1136 1011 1186 κατείχετο.
1054 1132 1286 1188 πιεζόμενος
1306 1135 1347 1176 δὲ
1365 1132 1522 1184 τούτοις
1543 1133 1564 1178 ὃ
1593 1133 1735 1177 Ἐνδυ·

346 1203 475 1255 μίων,
507 1201 668 1253 πέμψας
687 1201 833 1245 ἱκέτευε
859 1207 1072 1254 καθαιρεῖν
1091 1199 1139 1243 τὸ
1161 1202 1431 1256 οἰκοδόμημα,
1462 1205 1527 1246 καὶ
1551 1202 1604 1256 μὴ
1628 1208 1735 1256 σφοῖς

347 1272 544 1323 ,περιορᾷν
571 1269 613 1311 ἐν
637 1265 763 1318 σκότῳ
798 1267 1054 1322 βιοτεύοντας
1071 1265 1110 1320 1)
1127 1285 1136 1293 ·
1167 1268 1394 1323 ὑπισχνεῖτο
1427 1272 1467 1313 δὲ
1488 1273 1556 1312 καὶ
1576 1269 1735 1325 φόρους

347 1336 542 1385 τελέσειν,
572 1336 639 1381 καὶ
668 1332 872 1391 σύμμαχος
896 1337 1081 1387 ἔσεσθαι,
1113 1338 1178 1379 καὶ
1211 1338 1345 1390 μηκέτι
1373 1337 1637 1392 πολεμήσειν·
1667 1339 1738 1382 καὶ

349 1399 532 1459 ὁμήρους
554 1405 616 1446 ἐπὶ
635 1401 792 1452 τούτοις
817 1406 960 1449 δοῦναι
979 1403 1142 1460 ἤθελεν.
1174 1406 1271 1447 οἶδὲ
1290 1407 1380 1461 περὶ
1403 1406 1473 1448 τὸν
1503 1407 1733 1455 Φαέθοντα,

394 1515 441 1560 k)
468 1516 704 1563 διηνεκεῖ]
732 1518 889 1553 διενεκεῖ
906 1520 1021 1551 Reilz.
1040 1525 1219 1563 typorum
1246 1530 1392 1563 errore,
1421 1520 1497 1562 jam
1527 1532 1547 1553 a
1574 1524 1732 1558 recentt,

441 1569 622 1598 correcto.
669 1565 709 1609 l)
735 1562 900 1616 βιοτεύ
914 1566 1076 1610 οντας]
1103 1566 1315 1613 βιοτέοντας
1332 1568 1374 1600 A.
1394 1577 1426 1598 2.
1444 1577 1512 1611 per
1533 1577 1710 1599 errorem.

346 1676 644 1730 perturbatos,
697 1684 915 1733 palanteS‚
970 1692 1013 1722 et

347 1733 396 1771 in
455 1737 758 1789 persequendis
816 1737 1011 1778 hostibus

347 1789 587 1844 praedaque
627 1792 801 1846 legenda
841 1794 1013 1848 disper—

349 1858 432 1886 sos,
494 1847 542 1885 In
565 1848 708 1902 fugam
732 1856 903 1889 vertunt
926 1865 1012 1889 om-

346 1913 438 1951 nes,
472 1902 694 1959 ipsumque
714 1920 852 1960 regem
871 1905 922 1945 ad
945 1922 1014 1945 ur-

347 1955 440 1996 bem
492 1973 627 2013 usque
675 1972 1009 2015 persequuntur,

347 2014 566 2067 plerisque
597 2018 833 2056 volucrium
875 2018 1010 2071 ipsius

349 2068 616 2112 interfectis:
658 2082 831 2126 tropaea
871 2076 1013 2113 revel-

345 2125 462 2173 lunt,
496 2134 717 2182 totumque
738 2143 926 2182 campum
959 2129 1010 2168 ab

348 2182 512 2220 araneis
542 2191 702 2222 textum
735 2195 1010 2237 percurrunt:

347 2250 413 2274 me
447 2251 547 2276 vero
578 2248 620 2278 et
658 2241 871 2278 sociorum
904 2241 1010 2280 duos

346 2292 468 2331 vivos
483 2295 671 2346 capiunt.
685 2297 863 2350 Jamque
877 2296 1010 2335 Phae-

346 2346 454 2388 thon
488 2350 630 2401 adest,
684 2362 725 2391 et
755 2367 896 2391 rursus
928 2353 1011 2391 alia

347 2403 398 2440 ab
431 2404 514 2444 iuis
546 2417 717 2458 tropaea
747 2418 1008 2450 statuuntur.

347 2458 439 2498 Nos
480 2462 650 2515 quidem
692 2464 827 2517 igitur
862 2464 1010 2503 eodem

348 2513 486 2555 adhuc
508 2517 576 2556 die
597 2518 649 2557 ad
670 2519 809 2558 Solem
835 2520 1012 2558 abduci·

349 2583 463 2631 mur,
495 2573 690 2613 manibus
715 2576 768 2614 ad
793 2586 911 2630 terga
942 2591 1013 2615 re-

348 2627 510 2665 vmctis
541 2628 614 2667 filo
645 2629 696 2670 de
726 2646 902 2671 araneae
928 2635 1011 2671 tela

349 2678 548 2721 abscisso.
594 2686 736 2738 Atque
763 2701 1012 2741 oppugnare

349 2736 521 2790 quidem
540 2739 683 2780 urbem
696 2756 783 2782 uon
800 2752 1010 2793 statuunt,

1070 1683 1227 1723 reversi
1245 1692 1383 1722 autem
1407 1681 1520 1737 quod
1538 1682 1736 1733 interjec-

1070 1749 1160 1778 tum
1186 1750 1249 1778 est
1272 1741 1379 1777 aeris
1398 1753 1517 1777 muro
1543 1738 1733 1790 interpo-

1071 1796 1154 1834 sito
1183 1795 1478 1844 absciderunt,
1511 1803 1561 1832 ut
1592 1797 1733 1846 splen-

1072 1851 1149 1890 dor
1176 1866 1197 1890 a
1221 1851 1319 1891 Sole
1348 1865 1435 1890 non
1466 1854 1548 1904 jam
1578 1863 1733 1902 perve-

1071 1908 1163 1946 nire
1195 1907 1246 1946 ad
1268 1910 1431 1946 Lunam
1455 1916 1618 1958 posset:
1649 1909 1733 1958 jam

1070 1978 1215 2001 murus
1238 1964 1309 2002 ille
1341 1963 1497 2015 duplex
1527 1972 1614 2000 erat
1646 1975 1735 1998 nu-

1070 2018 1195 2056 bibus
1228 2021 1453 2057 constans.>
1501 2018 1651 2069 Itaque
1683 2031 1734 2055 a-

1069 2084 1189 2127 perta
1211 2076 1360 2114 Lunae
1388 2074 1559 2126 eclipsis
1578 2071 1734 2112 efficie-

1069 2131 1216 2182 batur,
1249 2141 1298 2168 ut
1319 2139 1520 2184 perpetua
1540 2138 1664 2168 nocte
1684 2143 1733 2167 u-

1070 2186 1240 2225 niversa
1261 2196 1486 2240 tegeretur.
1540 2186 1619 2224 His
1639 2199 1734 2223 cum

1068 2252 1290 2296 urgeretur
1314 2242 1432 2281 malis
1459 2241 1729 2293 Endymion,

1068 2299 1285 2352 legatione
1307 2299 1429 2336 missa
1451 2297 1730 2350 supplicavit,

1069 2365 1116 2392 ut
1138 2353 1412 2394 demoliretur
1439 2355 1552 2394 illam
1580 2351 1730 2390 muni-

1069 2410 1255 2459 tionem,
1289 2425 1364 2449 nec
1382 2411 1574 2462 rejiceret
1597 2421 1640 2446 se
1659 2405 1730 2445 de·

1069 2479 1218 2520 gentes
1249 2467 1293 2504 in
1317 2465 1524 2505 tenebris:
1566 2462 1731 2515 promi-

1069 2523 1210 2574 sitque
1239 2521 1398 2561 ttibuta
1429 2518 1636 2572 pendere,
1681 2532 1729 2557 ac

1070 2579 1239 2617 mittere
1262 2576 1435 2623 auxilia,
1450 2589 1526 2614 nec
1548 2574 1730 2626 amplius

1070 2632 1285 2681 rebellare,
1307 2630 1559 2683 obsidesque
1582 2630 1732 2668 harum

1069 2702 1206 2728 rerum
1226 2700 1370 2726 caussa
1396 2686 1567 2724 obtulit.
1599 2685 1733 2724 Phae-

1070 2742 1177 2783 thon
1199 2752 1336 2783 autem
1362 2756 1455 2781 cum
1477 2742 1565 2781 suls
1590 2741 1731 2784 conci.
