1834 3188
1305 169 1327 180 Ν.

276 199 373 245 678
626 210 1383 243 ΛΒΝΟΤΑΤῙΟΝΕε

390 309 487 349 Emi.
509 311 538 347 1.
560 310 624 352 15.
657 307 886 361 Διομήδην)
917 308 1151 348 Diomedes
1171 323 1245 348 rex
1261 309 1468 349 Thraciae
1487 309 1585 348 dum
1607 323 1742 364 equos

275 369 375 404 suos
406 365 588 403 humana
608 378 732 404 carne
751 368 906 413 aleret,
950 366 995 403 in
1021 365 1183 418 Tyrida
1208 365 1371 419 oppido
1395 368 1664 405 truculentus
1689 366 1740 405 ab

274 423 460 461 Hercule
489 421 612 474 equis
640 421 746 475 ipsis
782 421 834 460 ad
868 421 1157 463 devorandum
1196 422 1388 476 objectus
1420 431 1496 462 est.
1539 422 1629 463 -Ου,
1661 422 1740 463 ΙΧ.

274 480 386 518 Met.
419 479 561 517 Coox.

389 533 496 574 Ibid.
528 535 764 586 Σκείρωνα)
794 535 1057 575 Latronem·
1044 535 1281 591 insignem,
1315 535 1390 590 qui
1409 533 1628 590 proximos
1646 535 1741 574 Me-

276 592 386 646 garis
411 594 610 644 scopulos
635 591 825 630 insidens
861 590 906 630 in
934 592 1120 631 viatores
1150 601 1468 644 praetereuntes
1500 594 1619 629 nullo
1651 605 1740 631 non

275 647 540 687 crudelitatis
562 661 714 701 genere
738 647 975 687 saeviebat:
1007 647 1123 688 hunc
1141 649 1329 689 Theseus
1352 647 1523 689 occidit.
1556 647 1702 687 Coen-

388 704 488 757 Pag·
511 707 652 748 2951.
679 710 716 747 1.
752 702 1090 759 Πιτυοκάμπτην)
1124 706 1341 755 Schinim‚
1374 704 1586 759 insignem
1604 707 1741 744 latro..

274 774 395 810 nem,
430 761 505 814 qui
530 761 641 800 circa
666 760 818 799 Isthmi
839 762 1035 811 initium,
1069 771 1178 802 teste
1201 762 1428 813 Pausania,
1460 760 1569 801 miro
1592 759 1741 801 crude-

273 817 409 855 litatis
449 831 600 868 genere
631 818 859 858 saeviebat.
918 819 989 858 De
1018 833 1068 858 eo
1102 818 1308 859 Plutarch.
1340 819 1386 856 in
1422 816 1550 858 Thes.
1593 817 1739 859 COGN.

274 872 387 913 Vide
411 873 519 914 Plut.
538 873 583 911 in
607 874 696 913 vita
718 874 885 913 Thesei.
926 875 984 913 Et
1002 876 1185 929 Xenoph.
1203 874 1274 913 lib.
1296 873 1534 927 ΙΙ.Ἀπομν.
1564 874 1736 914 Vons'r.

273 931 344 969 De
377 930 593 970 Centauro
624 931 723 980 illo,
763 931 837 985 qui
871 931 998 984 pinus
1027 931 1300 981 incurvabat,
1332 945 1486 984 supra,
1518 930 1566 969 ni
1587 931 1739 981 fallor,

273 989 321 1025 Τ.
353 987 386 1029 Ι.
414 990 496 1040 jam
525 986 767 1026 habuimus.
829 987 975 1027 Suidae
1005 987 1070 1026 ed.
1101 988 1212 1041 Hag.
1252 985 1540 1041 Πιτυκᾶμπτης
1564 988 1738 1036 scribit,

274 1043 430 1083 omisso
453 1042 593 1083 medio
618 1061 653 1085 ο.
684 1044 850 1083 ΗΕΙΤΖ.
910 1044 1068 1083 Adfuit
1090 1045 1162 1083 ille
1188 1043 1502 1099 Πιτυοκάμπτης
1522 1043 1739 1083 Prometh.

274 1100 316 1136 in
342 1100 467 1140 Vmerb
489 1114 579 1152 cap.
598 1105 636 1142 7.
664 1100 897 1140 secundum
925 1101 1209 1169 cornplurium
1236 1104 1383 1140 saltem
1412 1101 1551 1139 Editt.
1581 1100 1742 1140 lectio-

274 1170 366 1194 nem
397 1170 474 1209 pro
510 1170 583 1205 ea,
616 1170 739 1211 quam
773 1171 851 1195 nos
883 1157 1145 1209 recepimus,
1171 1154 1498 1212 Ιπποκᾶμπους.
1558 1155 1657 1197 Vid
1681 1155 1742 1194 ibi

273 1211 529 1251 Commentt.
552 1214 675 1252 Tom.
698 1213 732 1253 I.
757 1228 797 1266 p.
822 1218 920 1257 237.
920 1227 1002 1282 ⁴’sq.
1034 1215 1190 1253 LEHM.

382 1268 485 1310 Εαίῖ
506 1272 535 1308 l·
556 1274 595 1313 2.
614 1267 822 1323 ‘''Howcrg‘
806 1271 869 1312 επὶ
886 1286 958 1322 της
973 1266 1141 1323 ηϊόνος)
1171 1271 1286 1310 Bene
1306 1279 1453 1309 contra
1474 1270 1548 1309 le.
1569 1268 1739 1321 Magist.

273 1335 417 1365 monet
447 1325 551 1365 Jens
584 1326 628 1364 in
658 1328 801 1366 Lectt.
827 1327 938 1366 Luc.
934 1341 1057 1395 pag
1085 1332 1149 1370 10.
1174 1327 1387 1367 scribens:
1405 1324 1530 1381 'How
1550 1322 1741 1374 Ἀττικοὶ,

273 1381 421 1420 scribit
446 1382 599 1422 iterum
626 1383 822 1431 Thomas,
857 1381 928 1437 οὐχ
934 1380 1109 1437 ”Ηρώα·
1141 1385 1206 1425 καὶ
1221 1381 1391 1438 ΓἭρως,
1423 1384 1486 1425 ἐπὶ
1521 1384 1742 1435 αἰτιατιιῆς

271 1443 349 1479 τῶν
368 1444 677 1490 πληθυντικῶν,
711 1436 782 1493 οὐχ
792 1438 977 1508 ‘'Romae-
1038 1441 1151 1480 Ecce
1175 1451 1316 1479 tamen
1338 1454 1426 1479 non
1452 1436 1620 1479 semel
1603 1437 1743 1493 ἥρωας

271 1495 487 1536 lucianus.
519 1495 568 1535 In
589 1498 726 1535 Zeux.
749 1511 783 1535 c.
806 1502 844 1541 3.
877 1494 898 1538 ὁ
923 1499 1060 1547 Ζεῦξις
1081 1515 1156 1539 ουκ
1175 1498 1347 1552 ἔγραφεν
1365 1495 1520 1565 ἥρωας,
1551 1513 1577 1549 η
1595 1494 1738 1544 θεούς.

272 1551 322 1589 111
343 1552 448 1591 Vera
472 1552 585 1591 Hlst-
607 1568 642 1592 c.
664 1558 731 1622 23.
762 1550 967 1595 Ἑκτασσει
986 1553 1083 1602 τούς
1097 1552 1233 1607 ’ἥρωας
1253 1555 1317 1595 ἐπι
1334 1557 1404 1604 τῆς
1423 1549 1580 1621 ἠϊόνος·
1616 1552 1739 1620 Ipsa

273 1622 442 1662 quoque
461 1608 564 1648 haec
587 1624 674 1648 vox
689 1606 840 1658 Ἠῐών,
872 1607 1033 1662 ἠϊόνος,
1067 1609 1277 1658 deterior,
1310 1623 1434 1662 quam
1456 1605 1567 1662 ἠών,
1599 1605 1738 1661 ἥόνος,

273 1673 467 1702 censetur
485 1664 534 1703 ab
557 1664 732 1712 eodem;
767 1680 861 1705 cum
894 1676 1032 1705 tamen
1058 1681 1144 1705 non
1177 1640 1304 1704 modo
1336 1665 1380 1703 in
1408 1665 1642 1704 novissime
1661 1664 1742 1702 ad-

274 1718 402 1758 ducto
433 1719 516 1760 hoc
544 1721 720 1761 Luciani
737 1724 859 1771 loco,
892 1722 965 1761 sed
990 1733 1031 1762 et
1057 1724 1102 1760 in
1126 1722 1248 1769 aliis,
1287 1736 1334 1760 ac
1361 1722 1493 1760 ferme
1514 1720 1736 1770 omnibus,

272 1777 376 1815 haec
402 1778 516 1815 vocis
536 1777 663 1831 hujus
683 1779 819 1817 forma
842 1753 999 1817 diserte
1021 1782 1198 1845 legatur
1258 1778 1310 1816 In
1329 1777 1554 1817 Herodoto
1576 1792 1617 1830 p.
1639 1782 1736 1821 617.

271 1837 380 1886 (ῙΘὲ-
399 1833 590 1873 Hermot.
611 1849 645 1872 C·
674 1838 741 1879 84·
754 1837 773 1886 )
790 1832 883 1876 Ἐπὶ
902 1840 951 1891 τῇ
966 1832 1075 1889 ἠϊόνι
1095 1832 1377 1887 καθεζόμενος.
1431 1834 1483 1872 In
1506 1834 1600 1873 Ver.
1621 1833 1736 1873 Hist.

259 1892 279 1907 ''
285 1891 459 1947 OQveoc'
443 1891 504 1931 επὶ
526 1896 607 1932 τῶν
624 1887 779 1943 η’ϊονων
804 1889 966 1933 αδοντα
1026 1891 1136 1931 Ibid.
1162 1894 1344 1945 Πλησίον
1363 1894 1435 1943 τῆς
1461 1887 1601 1943 ἠιόνος
1621 1891 1737 1932 ἐκοι-

269 1950 469 2004 μήθημεν.
530 1948 650 1986 Haec
683 1949 768 1987 alio
799 1951 896 1987 loco
930 1948 981 1986 ab
1013 1949 1146 1988 Jensio
1178 1947 1290 1986 dicta
1323 1947 1408 1986 huc
1439 1946 1737 1987 transscribere

271 2019 422 2061 operae
444 2004 626 2055 pretium
650 2004 906 2046 existimavi
940 2005 1103 2042 Rm‘rz.

380 2060 481 2101 Ead.
501 2063 530 2099 1.
555 2066 594 2105 6.
621 2058 713 2102 Ἐπὶ
732 2063 896 2116 Δηλίῳ)
928 2061 1013 2100 Hic
1037 2076 1129 2099 cum
1152 2060 1325 2101 fortiter
1350 2069 1609 2115 pugnasset,
1642 2069 1736 2099 tan-

268 2120 362 2161 dem
390 2132 483 2156 cum
507 2117 686 2170 reliquis
718 2118 866 2173 fugere
883 2127 1055 2156 coactus
1077 2127 1160 2157 est:
1194 2132 1275 2172 qua
1295 2131 1439 2171 pugna
1458 2115 1736 2170 Xenophon-

269 2187 353 2215 tem
379 2188 490 2227 equo
526 2173 741 2225 delapsum
762 2173 888 2227 pedes
920 2174 1013 2226 ipse
1042 2174 1241 2214 servavit.
1300 2175 1422 2226 Diog.
1443 2173 1628 2226 Lai-4421
1634 2178 1734 2218 ..38

268 2235 319 2272 Ε.
378 2229 476 2273 Vid.
500 2230 688 2271 Str-aben.
710 2230 787 2269 IX.
818 2230 923 2270 Plat.
957 2235 1020 2273 11.
1045 2231 1093 2269 C.
1129 2229 1316 2281 Συμπόσ.
1341 2234 1435 2274 334.
1459 2239 1502 2269 et
1525 2188 1643 2270 Plutp.
1652 2230 1735 2268 Al-

269 2289 424 2330 cibiad.
447 2291 544 2331 354.
569 2296 610 2326 et
631 2287 806 2331 10321.
848 2286 1012 2326 Aeliam.
1037 2286 1163 2326 etiam
1188 2288 1284 2328 Var.
1311 2287 1423 2329 Hist,
1443 2285 1536 2335 III,
1570 2290 1636 2329 17.
1656 2285 1735 2324 ubi

269 2348 408 2387 male’
391 2347 453 2389 επὶ
475 2348 624 2398 Δῆλον.
686 2343 792 2383 Plat
820 2343 947 2381 etiam
974 2344 1019 2380 in
1050 2344 1176 2396 Apol.
1202 2344 1317 2382 Socr.
1340 2348 1434 2387 363.
1457 2343 1503 2380 F.
1529 2351 1570 2381 et
1586 2343 1733 2382 Athen.

343 2402 500 2457 p.-215
523 2409 565 2439 et
587 2399 692 2439 Not.
720 2398 886 2440 Gasaub.
908 2398 959 2438 ad
985 2400 1100 2453 Diog.
1125 2400 1262 2439 Lam.
1281 2414 1323 2453 Ρ.
1350 2405 1416 2442 17
1445 2398 1623 2454 leucyd.
1645 2398 1733 2444 IV.

267 2405 336 2504 96
343 2419 390 2503 Pf
412 2470 455 2498 et
483 2461 575 2499 100.
597 2456 632 2496 Ι.
651 2455 756 2496 Plnt
783 2460 906 2501 1032·
923 2456 974 2496 A.
1036 2455 1201 2495 Ibidem
1229 2465 1271 2496 et
1293 2457 1415 2495 Plato
1445 2455 1618 2494 fortiter
1649 2467 1735 2506 pu-

267 2530 414 2569 gnasse
434 2512 632 2555 traditur.
664 2511 761 2552 Vid.
781 2513 901 2565 Diog.
922 2512 1059 2554 La'crt.
1080 2527 1121 2565 Ρ.
1143 2517 1211 2555 72.
1235 2513 1284 2551 Α.
1315 2513 1481 2552 somn
1540 2508 1734 2548 Adducit

268 2573 371 2612 haec
395 2572 519 2611 verba
542 2568 683 2610 Duker
708 2567 759 2606 ad
784 2568 960 2620 ΊῚιιιο)ιῐ.
981 2569 1063 2614 IV,
1091 2574 1184 2611 107.
1210 2583 1287 2608 nec
1311 2583 1400 2607 non
1424 2567 1507 2606 alia
1529 2563 1730 2620 quaedam

269 2630 538 2675 testimonia,
577 2626 732 2678 quibus
766 2624 937 2677 probet,
979 2626 1041 2666 ἐπι
1076 2624 1206 2663 dandi
1238 2639 1377 2664 casum
1407 2625 1452 2661 in
1483 2621 1731 2671 hujusmodi

268 2687 488 2726 locutione
522 2684 758 2734 postulate,
799 2680 991 2733 adeoque
1014 2691 1249 2733 suspectam
1270 2696 1359 2721 esse
1387 2681 1519 2727 lem,
1524 2677 1626 2717 liciis
1643 2681 1733 2717 lec·-

270 2745 452 2789 tionem,
488 2752 628 2796 quae.
615 2739 676 2779 ἔπι
704 2739 878 2780 Νίσαιαν
901 2752 977 2790 plo
999 2739 1063 2780 ἐπὶ
1087 2741 1240 2792 Νισαίᾳ
1263 2736 1408 2785 habet
1444 2735 1594 2773 merito
1616 2733 1733 2773 arbi·-
