1834 3188
323 206 426 256 350
850 219 1279 251 sononlA.

320 337 400 363 νον
421 315 604 373 ιδιῶτην,
635 317 688 373 μὴ
709 318 752 361 δέ
768 335 812 375 γε
831 314 906 370 τὴν
923 319 1003 361 τῶν
1027 311 1217 387 αριθμῶν
1236 315 1323 371 1ἥτις
1342 333 1463 372 φυσις
1486 314 1644 371 αὐτοῖς,
1675 323 1795 363 τοῦτο

319 381 422 433 γοῦν
442 379 681 445 ἐπίστασθαι
701 375 1028 446 ἆπαρεγκλίτως,
1058 392 1112 424 ως
1132 376 1201 427 μία
1218 376 1287 416 καὶ
1304 378 1373 428 μία
1393 376 1492 428 δύο,
1524 379 1592 419 καὶ
1621 378 1683 426 δὶς
1714 376 1790 419 δύο

321 435 504 502 τέσσαρα.
539 431 632 482 ὧςτε
665 429 713 474 οὗ
735 430 843 474 πάνυ
865 437 1050 500 γενναῖος
1078 429 1099 474 ὅ
1119 433 1337 484 διατρέπων
1365 432 1498 503 λόγος
1505 432 1575 476 τὸν
1602 437 1791 476 τοιοῦτον

322 489 472 558 λόγον,
509 508 564 538 ως
597 492 633 532 εἰ
662 487 724 556 μὴ
748 487 792 558 τιὸ
821 486 1001 530 καθόλου
1020 483 1066 538 b)
1103 506 1163 538 τις
1192 491 1299 546 εἴδη,
1339 488 1432 532 οὐδὲ
1458 488 1501 532 τὸ
1529 507 1630 532 κατα
1658 491 1789 543 μέρος.

323 543 560 589 τούναντίον
594 563 669 600 γαρ
700 540 780 587 απὸ
811 549 890 586 τῶν
921 549 1051 598 μερῶν
1077 544 1120 587 τό
1150 543 1242 588 όλον
1258 549 1561 615 συλλογίζεται,
1600 548 1667 588 καὶ
1686 545 1731 602 0)
1743 544 1793 622 αὴ

322 608 402 645 τοῖν
422 622 522 644 κατα
540 603 656 657 μέρος
687 600 872 655 ἅθροισις
899 601 1002 655 πρὸς
1028 607 1178 671 γνῶσιν
1203 607 1276 644 τοῦ
1304 599 1484 645 καθόλου
1509 604 1722 671 λεγομένου
1743 599 1790 655 ιι)

322 659 425 702 καθ
448 658 593 712 ἓαυτην
609 658 872 711 ὑφισταμένη.
910 657 1032 716 ταύτῃ
1053 660 1119 700 καὶ
1142 657 1164 701 6
1198 657 1325 712 σοφὸς
1342 656 1457 732 ἡμῶν
1480 660 1542 712 ἦ)
1576 655 1793 714 Ἀριστοτέ-

321 721 395 769 λης
412 734 451 758 τε
436 713 663 786 ἰρετίσματά
681 733 761 757 που
780 720 858 756 τῶν
876 710 942 770 dd)
974 717 1118 757 ἑαυτοῦ
1133 713 1263 771 λόγων
1283 719 1383 770 φησὶ
1401 734 1449 757 τα
1464 713 1663 758 καθόλου.
1697 715 1793 765 ὥςτε

320 775 392 815 καὶ
429 771 450 815 ὁ
483 778 556 814 τοῦ
587 774 746 821 λέοντος
779 770 875 822 όνυξ
907 770 1003 814 αυτὸ
1029 771 1072 814 τὸ
1102 774 1221 827 μέρος
1239 773 1419 828 γνωσθὲν
1445 774 1483 823 ἐξ
1503 771 1716 828 ἀναλογίας
1735 776 1793 828 τῷ

327 832 476 872 Φειδία
497 832 566 880 0),
600 832 636 871 εἰ
652 830 719 871 καὶ
743 826 796 882 μὴ
815 827 860 870 vd
888 827 983 871 ὅλον
1001 831 1113 897 εἷ’δῃς
1121 860 1132 878 ,
1164 828 1209 871 τὸ
1231 835 1330 884 γοῦν
1353 831 1521 903 μέγεθος
1541 843 1794 898 παραστησαι

319 891 396 929 τοῦ
412 889 566 939 θηρίου
584 882 701 927 ουδὲν
721 888 937 953 πεποίηκεν
958 885 1164 938 ἐμποδών,
1196 889 1231 928 εἰ
1248 887 1315 928 δὲ
1305 889 1371 929 καὶ
1389 885 1608 953 α’ναλογίαν
1626 883 1794 957 ἀναιρη-

321 957 404 992 σεις
426 938 497 1010 f),
518 945 556 984 τί
578 939 628 984 οἶν
647 940 764 992 ἄλλο,
798 938 827 993 η’
850 941 953 996 πρὸς
977 942 1125 998 ἄλογον
1145 941 1294 985 σαυτὸν
1316 940 1596 1009 συνωθήσεις,
1628 943 1696 984 καὶ
1712 946 1793 983 τῶν

322 997 452 1042 ὅντων
474 996 663 1041 απάντων
686 994 986 1051 ἀνεπαίσθητον
1009 999 1141 1053 ζωήνς
1180 1001 1248 1041 καὶ
1278 997 1443 1066 φθόνος
1469 994 1603 1047 ουδείς
1633 1013 1697 1040 σοι
1721 1002 1794 1050 τῆς

321 1061 458 1109 σοφῆς
478 1073 624 1109 ταυτης
647 1057 872 1109 ἐμπληξίας
905 1052 961 1096 δι’
985 1073 1036 1108 ην
1059 1058 1128 1106 καὶ
1149 1055 1250 1128 πρὸς
1279 1074 1372 1105 τους
1398 1053 1550 1103 λύκους
1581 1052 1794 1108 ἀποπεμφ-

319 1110 433 1168 ’θησῃ
455 1110 509 1161 ὦς
523 1119 706 1161 Λυκῖνος
724 1117 780 1169 τῷ
800 1110 885 1153 ὄντι
903 1113 946 1162 g)
977 1113 1047 1154 καὶ
1069 1109 1125 1154 ὧν
1139 1114 1206 1154 καὶ
1223 1111 1485 1168 καλούμενος.
1517 1111 1572 1153 V.

434 1180 536 1234 Pag.
560 1182 678 1225 83.1.
700 1185 746 1224 7.
772 1177 997 1234 ἀπέχρη]
1028 1177 1157 1236 ἤρκει.
1186 1181 1240 1221 V.

436 1248 538 1301 Pog-
561 1254 627 1292 86.
657 1251 682 1289 l.
707 1255 748 1292 3.
791 1250 1015 1316 ἔπιρρεἴ
1030 1266 1127 1317 γαρ
1158 1264 1288 1289 κατα
1324 1264 1421 1302 την
1457 1245 1788 1300 παροιμίαν]

308 1303 458 1360 ’Ἄλλην
473 1308 543 1359 μὲν
562 1301 609 1361 1“)
640 1307 898 1361 ἐξαντλοῦμεν
919 1303 959 1361 ²)
989 1301 1015 1360 ἦ
1039 1301 1078 1349 δ’
1098 1307 1267 1360 ἐπιρρέει
1286 1300 1364 1357 ¹³),
1393 1309 1512 1348 τοῦτο
1533 1322 1560 1359 η
1583 1304 1790 1360 παροιμία

364 1570 414 1612 b)
439 1570 490 1605 τό
516 1568 765 1625 καθόλου]
791 1572 879 1614 „Tta
902 1583 969 1617 pro
993 1572 1161 1617 vn1gato,
1185 1571 1253 1607 τόν
1271 1570 1455 1615 καθόλου,
1481 1570 1618 1604 iterum
1637 1568 1679 1604 τὸ
1700 1581 1796 1604 κατα

410 1615 523 1660 μέρος
544 1628 610 1660 pro
628 1614 716 1660 τόν,
744 1618 870 1662 quod
859 1630 898 1651 m
916 1618 1016 1651 Edit.
1039 1624 1137 1659 erat,
1164 1619 1338 1662 exhibeo,
1364 1619 1517 1661 jubente
1539 1616 1712 1649 δοῖαηο.ί

364 1673 411 1716 c)
435 1672 540 1716 καὶ]
567 1674 678 1716 „Hoc
703 1674 876 1708 deficiens
895 1675 955 1711 καὶ
975 1676 1162 1720 supp1evit
1185 1676 1255 1708 Sol.
1258 1690 1345 1708 mus.
1350 1678 1375 1696 “

366 1731 410 1769 d)
436 1744 520 1765 του
547 1729 765 1767 καθόλου
791 1734 862 1784 λεγ
875 1745 957 1776 οιιε
953 1732 1083 1776 ’νου]
1118 1734 1192 1766 Pro
1211 1733 1266 1765 his
1299 1739 1335 1765 et
1358 1744 1450 1777 quae
1481 1737 1707 1786 sequuntur,
1733 1743 1794 1765 us-

411 1788 482 1821 que
501 1777 545 1810 ad
563 1790 750 1834 υφισταμε
753 1791 819 1823 νη,
845 1779 883 1811 111
908 1781 947 1812 V
968 1786 1004 1813 et
1026 1781 1080 1818 Μ
1100 1779 1294 1823 legebatur
1311 1779 1383 1812 sic.
1431 1779 1485 1814 T6
1508 1776 1675 1813 καθόλου
1697 1774 1794 1820 υφί-

410 1834 538 1867 στησιν
555 1821 633 1858 ἐπεὶ
650 1824 746 1869 μηδέ
769 1838 823 1865 τις
854 1822 975 1868 φύσις.
1024 1809 1080 1859 Ex⁸
1100 1825 1224 1858 §clani
1243 1824 1445 1861 adnotatis.
1494 1824 1566 1858 Sed
1581 1836 1651 1869 pro
1669 1821 1795 1858 καθό-

409 1872 475 1904 λου
499 1871 552 1902 M.
575 1871 686 1904 habe
707 1885 801 1906 κατα
826 1867 1097 1906 όλου.1ἰει’τ;,.

363 1929 408 1973 *)
435 1925 590 1971 υμων]
625 1929 722 1973 Lege
756 1925 884 1974 ἡμῶν,
920 1928 1088 1973 quamvis
1117 1927 1158 1960 in
1187 1929 1244 1964 M.
1276 1928 1390 1962 etiam
1421 1925 1528 1972 ὖμων
1566 1926 1626 1962 sit.
1666 1927 1787 1960 Solan-

414 1974 583 2007 Correxit
601 1974 652 2007 ita
671 1976 925 2008 Sclzmiederus.
974 1975 1095 2007 Lehm.

364 2031 439 2076 dd)
465 2030 580 2074 των]
607 2031 772 2075 „Aberat
792 2032 831 2065 in
853 2033 954 2065 Edit.
1004 2032 1074 2065 Sed
1093 2030 1236 2065 addidit
1261 2030 1422 2065 Solanus.

363 2101 407 2144 e)
433 2102 497 2147 τῷ
522 2085 691 2146 Φιδία]
718 2101 834 2143 ,,Των
858 2101 969 2134 Φιδία
993 2105 1072 2133 erat
1099 2099 1136 2132 in
1161 2099 1259 2134 Edit.
1289 2104 1324 2132 et
1345 2099 1436 2132 Cod.
1457 2098 1513 2132 M.
1565 2098 1636 2133 Sed
1661 2100 1716 2147 τῷ
1734 2100 1791 2134 Ie-

409 2136 573 2191 gendum
596 2147 683 2203 quis
712 2159 789 2180 non
820 2147 958 2179 νίᾰεεῑ.)6
950 2148 973 2165 “
1021 2146 1164 2191 Scripsi
1186 2145 1338 2191 Φειδία,
1364 2151 1401 2178 et
1419 2156 1507 2179 mox
1526 2140 1702 2190 ἐμποδών
1720 2158 1789 2191 pro

405 2194 560 2237 vulgato
587 2189 763 2235 ε’μποδόν.
810 2194 933 2225 Lelmz.

359 2249 404 2294 f)
431 2248 517 2285 οΞνα
530 2264 573 2295 ιρ
589 2247 609 2294 ή
621 2261 667 2283 σε
680 2263 692 2283 ι
705 2254 744 2291 ς]
773 2246 1006 2295 ,,οΞναιρη’σῃς
1023 2249 1111 2282 M.“

361 2308 411 2351 g)
440 2303 572 2359 ὄντι]
602 2307 817 2351 Legendum
838 2307 998 2349 conjicio
1017 2304 1184 2349 ὀνόματι.
1218 2308 1334 2340 Reitz.
1385 2307 1595 2350 Utrumque
1615 2316 1698 2339 cum
1718 2306 1790 2341 hu-

407 2353 466 2395 jus
495 2354 690 2397 scriptoris
720 2354 903 2397 elegantia
932 2354 1120 2387 convenit.
1172 2353 1348 2385 Ceterum
1369 2352 1503 2385 callide
1521 2352 1591 2384 sihi
1609 2353 1707 2384 cavit
1724 2353 1785 2385 hic

408 2399 670 2432 Aristotelicae
698 2399 848 2432 scholae
874 2405 1153 2455 propugnator.
1180 2410 1226 2431 ne
1246 2401 1297 2442 L)
1301 2411 1414 2429 etnam
1433 2398 1558 2441 potius
1575 2398 1613 2429 in
1635 2400 1702 2431 Lx
1691 2412 1785 2430 veum

409 2456 540 2489 suurn,
568 2457 682 2490 quam
702 2446 800 2478 inter
820 2446 927 2489 lupos
948 2441 1064 2492 (πρὸς
1083 2457 1173 2484 τους
1195 2442 1247 2479 λυ’
1259 2445 1393 2487 κους)
1419 2443 1614 2487 1ᾺεΙθὲε11Ἑῑ·
1661 2439 1784 2480 Lehm

361 2513 409 2555 h)
435 2510 539 2560 μεν]
570 2511 655 2548 ΙῑἸεν
675 2527 742 2558 γαρ
763 2514 984 2558 legebatur'
974 2526 1012 2546 111
1035 2512 1196 2546 scholiis
1217 2512 1344 2554 editis,
1373 2510 1506 2543 delevit
1527 2524 1596 2555 γαρ
1621 2512 1782 2546 Somnum

410 2560 531 2592 Credo
557 2571 597 2592 ex
626 2561 751 2594 collat.
773 2560 933 2593 Codicis.
985 2559 1164 2603 Alioquin
1187 2569 1254 2602 ego
1274 2537 1493 2597 reti'neren1;
1520 2569 1606 2590 nam
1626 2570 1694 2600 μεν
1714 2572 1783 2603 γαρ

407 2604 595 2638 interdum
620 2607 921 2649 conjunguntur,
947 2606 1020 2639 vid.
1039 2602 1186 2638 teitum
1206 2615 1285 2648 cap.
1297 2614 1352 2647 43.
1375 2602 1483 2645 hujus
1503 2603 1603 2638 Dial.
1624 2611 1661 2637 et
1680 2615 1779 2651 c.17.

410 2649 455 2682 de
475 2651 638 2685 Me1·.ced
670 2653 856 2686 Conduct.
904 2654 1019 2686 Reztz.

359 2707 398 2748 i)
426 2704 535 2748 ἐξοιν
546 2720 565 2740 τ
576 2710 594 2741 λ
608 2720 627 2741 ο
640 2721 662 2742 υ
676 2721 702 2751 μ
716 2709 785 2751 εν]
810 2733 835 2751 ,,
837 2703 1111 2752 Ἐξηντλουμεν
1130 2717 1324 2750 perperam
1350 2704 1448 2738 Edit.
1478 2706 1645 2739 Clerzci.“

361 2762 411 2808 k)
437 2761 489 2798 ἐπ
500 2777 512 2798 ι
525 2763 543 2808 ῤ
554 2764 573 2807 ᾧ
586 2764 602 2799 έ
613 2776 627 2799 ε
639 2769 677 2806 ι]
703 2761 897 2810 Ἐπειςρέει
914 2772 995 2799 erat
1012 2765 1051 2798 iu
1063 2764 1174 2798 Edito
1187 2787 1195 2803 ‚
1221 2761 1400 2809 ἐπειῤῥέει
1411 2762 1497 2796 inde
1516 2762 1656 2796 fecerat
1672 2763 1780 2797 Sola-
