1834 3188
325 153 423 200 168

229 277 314 314 1³·4·
328 267 497 318 vaq),
532 263 556 310 ὅ
586 267 627 310 δὲ
651 264 769 318 ἄλλος
801 267 893 309 ἄλλο
923 283 961 308 τι
984 270 1066 307 τῶν
1092 267 1300 320 χρησίμων
1329 265 1562 325 ὖπουργῶν.

810 165 1230 201 LUCIANI

1606 264 1710 324 ὃδὴ

326 336 522 391 Διογένης
546 333 655 391 ὄροῖν
675 342 799 378 ταῦτα
813 371 822 387 ,
864 339 946 379 ἐπεὶ
974 337 1096 391 μηδὲν
1122 334 1222 387 εἶχεν
1249 332 1295 381 ὅ,
1309 352 1345 378 τι
1369 340 1436 379 καὶ
1455 336 1624 391 πράττοι
1642 341 1710 388 ι“),

232 401 463 454 Ρ.5-οὕὸεὶς
481 402 555 460 γὰρ
588 402 699 462 αὐτῷ
717 407 755 453 ἐς
779 403 897 447 οὐδὲν
920 407 1078 459 ἐχρῆτο,
1120 402 1413 458 διαζωσάμενος
1432 409 1472 458 ⁵)
1503 405 1546 447 τὸ
1571 403 1713 459 τριβώ-

326 488 438 520 νιον,
471 477 631 529 σπουδῇ
658 471 761 525 μάλα
791 474 856 514 καὶ
882 470 1003 523 αὐτὸς
1035 471 1162 516 ἐκύλιε
1191 470 1260 514 τὸν
1284 477 1432 524 πίθον,
1464 476 1506 515 ἐν
1542 466 1575 530 ᾦ
1595 472 1712 527 ἐτύγ-

325 556 445 593 χανεν
471 542 616 590 οἰκῶν,
650 539 734 581 ἅνω
759 542 825 582 καὶ
851 539 957 582 κάτω
986 546 1058 583 τοῦ
1084 545 1283 593 Κρανείου
1307 537 1370 596 t)·
1401 543 1469 583 καί
1497 559 1605 590 τινος
1635 545 1714 582 τῶν

330 606 524 660 συνήθων
557 609 775 662 ἐρομένου,
822 611 859 650 τί
887 612 1009 650 ταῦτα
1039 614 1192 656 ποιεῖς,
1234 602 1266 650 ὦ
1297 609 1506 665 Διόγενες,·
1550 612 1711 655 Κυλίω,

329 676 408 728 ἔφη
423 705 436 722 ,
465 673 577 733 κοῖγώ
598 676 667 719 τὸν
687 681 835 728 πίθον,
868 674 921 725 ὥς
944 675 995 730 μὴ
1016 674 1140 730 μόνος
1163 672 1300 731 οἷογεῖν
1327 679 1534 731 δοκοίην’
1518 696 1558 720 εν
1577 675 1716 726 τοςού-

275 747 307 789 4
331 761 416 793 τοις
433 745 720 800 ἐργαζομένοις.

781 741 979 794 Καῦτος“
990 750 1006 796 )
1042 763 1142 796 ουν,
1176 746 1205 786 ὠ
1237 748 1397 796 Φίλων,
1430 743 1482 794 ὥς
1513 743 1565 799 μὴ
1592 743 1719 797 μόνος

331 811 500 864 α’φωνος
516 815 600 866 εἰήν
617 815 659 856 ἓν
681 812 783 856 ου’τω
805 812 1036 870 πολυφώνω
1060 818 1115 871 τῷ
1137 818 1284 870 καιρῷ,
1318 812 1415 868 μηδ’
1435 814 1564 868 ω’ςπερ
1587 831 1720 868 κωμι-

907 880 915 894 ἱ

330 877 407 922 κᾶν
437 879 728 935 δορυφόρημα,
768 900 944 937 κεχῃνως
965 885 1009 933 ¹²)
1049 887 1182 939 σιωπῇ
1207 886 1545 937 παραφεροίμην,
1587 886 1720 931 καλως

327 949 430 1001 ἐχειν
451 946 679 1004 υπέλαβον,
714 947 766 999 ὧς
784 949 959 992 δυνατόν
980 968 1070 1004 μοι,
1103 956 1260 992 κυλῖσαι
1288 951 1339 1005 *)
1373 949 1444 993 τὸν
1465 953 1616 1002 πίθον,
1648 949 1720 1005 οὐχ

329 1013 457 1065 oisy)
495 1020 674 1072 ἱστορίαν
703 1018 976 1074 συγγράφειν,
1028 1017 1120 1060 οὐδὲ
1156 1017 1318 1072 πράξεις
1346 1015 1468 1068 αὖτας
1510 1021 1717 1068 διεξιέναι·

331 1081 407 1137 οὐχ
440 1102 542 1127 ουτω
565 1088 609 1138 ²)
650 1087 939 1142 μεγαλότολμος
970 1086 1070 1142 ε’γω,
1113 1088 1210 1141 μηδὲ
1241 1093 1360 1129 τοῦτο
1396 1091 1529 1145 δείσῃς
1553 1089 1644 1142 περὶ
1665 1089 1719 1138 a)

330 1153 451 1205 ἐμοῦ·
485 1152 576 1196 οἶδα
594 1153 670 1210 γάρ
700 1152 881 1208 ’ἡλίκοςᾶ
912 1158 1124 1205 κίνδυνος,
1157 1157 1192 1197 εἰ
1217 1154 1317 1196 κατὰ
1347 1160 1427 1197 ταῖν
1454 1161 1610 1209 πετρῶν
1641 1173 1723 1198 κυ-

332 1223 414 1264 λίοι
431 1217 478 1275 b)
509 1239 591 1273 τις,
621 1225 687 1267 καὶ
709 1222 899 1278 μάλιστα,
933 1221 1022 1267 οἷον
1039 1221 1190 1276 τούμὸν
1207 1228 1326 1266 τοῦτο
1349 1222 1597 1275 πιθάκνιον,
1628 1219 1726 1265 ου’δὲ

379 1336 429 1381 q)
456 1332 817 1383 υποστηρίζων]
844 1335 1081 1395 ἐπιστηρίζων
1101 1348 1202 1380 50²1·
1238 1338 1285 1380 r)
1310 1335 1544 1382 πράττοι]
1568 1334 1725 1382 προὶττει

425 1393 528 1425 5011.
535 1385 604 1417 Sed
626 1385 702 1417 Bel.
723 1387 820 1425 coni.
844 1381 873 1425 ὅ,
877 1397 912 1419 τι
935 1381 982 1418 dv
1005 1397 1145 1428 πραττῃ
1165 1384 1289 1426 inepte
1307 1391 1342 1416 et
1363 1385 1513 1417 frustra.

425 1428 723 1474 ζωσάμενος]
750 1428 1025 1474 διασωσαμενος
1045 1441 1146 1473 30¹¹·
1164 1430 1352 1462 mendose.

872 1479 918 1509 Α.
946 1485 974 1510 i.
996 1477 1052 1508 W.
1082 1476 1249 1518 Κρανίου
1271 1476 1392 1508 Edd“
1439 1478 1489 1518 u)
1516 1465 1721 1519 καύτὸς]

848 1524 893 1565 x)
929 1519 1154 1575 κεχῃνως]
1192 1534 1340 1566 κεχῃνος
1369 1522 1419 1555 id.
1449 1522 1540 1555 Cod
1575 1523 1721 1557 vitiose.

1046 1571 1084 1612 y)
1111 1564 1192 1609 ὦς]
1220 1568 1400 1610 „ueestin
1424 1569 1477 1602 M.
1502 1569 1545 1600 Η
1565 1568 1620 1602 Pl.
1638 1569 1722 1601 Par.

424 1476 514 1519 „WV.
536 1483 660 1531 recte,
687 1484 722 1509 et
741 1488 857 1521 marg.

427 1521 492 1555 καὶ
520 1518 633 1561 αὐτὸς
669 1523 769 1567 2956.

427 1567 485 1609 Γ)
513 1569 634 1612 Vulgo
658 1570 815 1603 κυλίσαι.
847 1570 887 1601 G
907 1571 952 1601 Ι).
966 1572 994 1604 Ἰ.

1563 1386 1602 1425 5)
1631 1385 1725 1418 δια-

1402 1432 1439 1466 t)
1471 1431 1720 1487 Κρανείῳ]

427 1613 465 1646 ὅ.
500 1614 587 1646 Ald.
613 1628 641 1649 1.
660 1617 702 1648 Β.
728 1627 756 1648 1.
789 1620 876 1648 et2.
900 1619 938 1646 et
971 1616 1028 1647 Fr.
1062 1614 1164 1647 adest
1191 1614 1230 1645 in
1259 1614 1340 1646 sola
1367 1615 1426 1648 J.“
1477 1615 1554 1646 Noc
1578 1626 1654 1646 non
1684 1613 1723 1645 in

427 1658 511 1693 Alcl.
531 1672 562 1694 2.

430 1705 529 1745 conj.
553 1707 692 1752 chlolp
697 1709 730 1740 Ιι.
780 1707 860 1740 vid.
886 1712 963 1740 not.

625 1663 664 1703 z)
694 1658 846 1701 οὕτω]
873 1660 961 1703 „Sic
991 1659 1085 1692 Edd.
1112 1656 1229 1698 οὕτως
1257 1662 1316 1699 W
1320 1661 1342 1678 “

1400 1665 1444 1695 a)
1470 1660 1601 1704 περὶ]
1627 1654 1726 1702 παρ’

1035 1707 1083 1746 1))
1111 1707 1305 1757 κυλίοι]
1345 1706 1470 1748 ,,κυλίε
1476 1710 1515 1746 ι]
1543 1706 1603 1739 δίο
1626 1704 1726 1741 Edd.

426 1751 549 1786 κυλίοι
569 1754 628 1787 W.
636 1754 658 1772 “
707 1753 768 1786 Sic
794 1753 906 1786 etiam
929 1752 1028 1795 2956.
1049 1753 1148 1784 unde
1168 1753 1366 1796 genuinam
1388 1758 1425 1785 et
1442 1752 1524 1784 Bel:
1514 1765 1568 1784 ηο
1590 1752 1728 1797 proba-

426 1801 508 1833 tam
525 1798 745 1843 lectionem,
772 1798 1034 1844 praeeuntibus
1051 1800 1159 1846 szp.
1181 1805 1216 1832 et
1231 1799 1348 1833 ‘sc-,hm
1366 1798 1586 1843 recepimus.

337 1926 448 1966 quae
469 1915 566 1953 usui
590 1926 755 1965 essent,
789 1916 1002 1963 ministra-

335 1983 394 2010 re.
451 1972 671 2025 Diogenes
694 1987 817 2020 v-er,o
849 1973 1000 2011 videns

336 2025 443 2075 ista,
478 2042 571 2065 cum
598 2029 712 2081 quod
736 2038 878 2083 ageret
912 2043 999 2067 non

337 2079 538 2131 haberet,
572 2098 709 2136 neque
742 2085 852 2123 enim
889 2085 1002 2139 quis-

340 2150 465 2189 quam
485 2139 559 2179 illo
583 2139 632 2177 ad
657 2143 782 2178 ullam
804 2155 887 2178 rem
912 2150 1000 2178 ute-

338 2192 485 2245 batur,
548 2196 769 2235 succincto
824 2197 1002 2249 palliolo

338 2263 438 2300 suo,
483 2251 672 2291 studiose
703 2251 928 2290 admodum
962 2261 1004 2290 et

341 2306 434 2359 ipse
462 2306 649 2357 dolium,
691 2308 735 2346 in
761 2322 845 2361 quo
875 2308 1004 2362 dege-

343 2360 438 2412 bat,
482 2367 654 2403 volvere
688 2378 852 2402 sursum
877 2364 1004 2403 deor-

341 2431 432 2455 sum
455 2420 498 2457 in
536 2420 714 2459 C1anio:
747 2431 788 2459 et
819 2421 1003 2459 familia·

340 2473 450 2511 rium
469 2476 760 2530 interrogante
778 2491 878 2525 uno,
891 2493 1006 2530 quor·-

340 2545 424 2566 sum
468 2532 564 2570 Ῐιαεο
583 2534 728 2587 facis,
780 2533 1009 2586 Diogenes?

341 2586 610 2635 respondere,
637 2589 764 2628 Polzo
786 2600 820 2627 et
839 2592 920 2642 ipse
940 2588 1006 2626 tlo-

341 2639 461 2688 lcum,
508 2659 553 2680 ne
587 2647 732 2682 otiosus
768 2644 875 2684 solus
912 2655 1011 2683 mica·

342 2707 398 2735 rot
418 2709 629 2750 occupatos
646 2699 795 2741 aideam
855 2701 1009 2754 Itaque

1060 1916 1154 1969 ipse
1183 1929 1262 1969 ego
1299 1928 1497 1968 quoque,
1540 1914 1726 1965 Philon,

1060 1987 1114 2011 ne
1132 1983 1273 2009 mutus
1292 1975 1406 2013 solus
1429 1985 1559 2011 essem
1581 1972 1625 2009 in
1651 1985 1727 2009 vo-

1061 2028 1143 2067 cali
1181 2026 1286 2065 adeo
1321 2037 1538 2078 tempore,
1590 2041 1727 2081 neque

1061 2084 1214 2123 comici
1235 2084 1430 2121 satellitii
1454 2084 1587 2122 instar
1603 2083 1727 2122 hian-

1060 2151 1101 2179 te
1125 2154 1194 2179 ore
1213 2139 1570 2191 praeterveherer,
1604 2139 1726 2177 dece-

1061 2211 1105 2235 re
1126 2196 1353 2234 arbitratus
1377 2210 1490 2244 sum,
1526 2210 1602 2248 pro
1626 2194 1728 2233 viri·

1061 2253 1092 2291 li
1114 2267 1178 2290 me
1201 2266 1373 2304 quoque
1398 2251 1558 2290 dolium
1585 2254 1729 2289 volve·

1062 2324 1118 2358 re,
1156 2323 1242 2346 non
1262 2318 1309 2346 ut
1332 2308 1551 2348 historiam
1573 2305 1729 2345 scribe-

1063 2379 1163 2414 rem,
1195 2379 1332 2418 neque
1353 2375 1402 2402 ut
1425 2364 1514 2416 ipsa
1539 2375 1728 2401 enatrem

1065 2423 1202 2467 facta3
1238 2435 1323 2459 non
1358 2420 1416 2457 ita
1452 2418 1588 2457 audax
1623 2431 1727 2470 ego,

1066 2491 1205 2529 neque
1235 2477 1316 2515 hoc
1342 2475 1392 2515 de
1423 2490 1486 2514 me
1516 2473 1728 2513 metueris.

1066 2533 1185 2572 Novi
1236 2532 1371 2579 enim,
1423 2541 1627 2582 quantum
1673 2529 1731 2569 sit

1066 2588 1325 2642 pe1iculum,
1358 2586 1393 2624 si
1421 2600 1494 2638 per
1519 2600 1617 2624 saxa
1640 2587 1732 2624 vol·

1067 2654 1140 2683 vat
1164 2644 1341 2694 aliquis,
1376 2642 1571 2694 inprimis
1596 2641 1734 2680 dolio-

1067 2702 1176 2747 lum,
1210 2702 1335 2752 quale
1365 2712 1503 2737 meum
1527 2708 1613 2746 est,
1645 2711 1735 2738 non
