1834 3188
434 200 609 233 znuxm
644 199 738 232 vm.
775 195 1072 230 Ana-monus,
1359 180 1455 226 139

420 297 433 311 .-

68 299 391 358 περιπειρόμενοι
407 295 483 342 υπ’
512 296 686 352 ἆλλήλων
715 303 798 347 τοῖς
826 297 1050 351 δορατίοις,
1079 292 1148 336 καὶ
1171 289 1607 345 συμπατούμε-Ρ·84-8·

66 389 134 413 νοι.
153 368 232 413 ὑπὸ
255 376 335 411 τῶν
355 370 531 420 ἱππέων,
566 365 620 417 ὦς
646 366 774 421 εἶχον,
817 363 1072 418 ἐμπεσόντων
1103 359 1171 405 ἐπ’
1199 358 1368 410 αὐτοὺς,
1409 357 1458 401 τὰ

69 438 223 492 ἅρματα
248 439 290 481 δὲ
305 472 313 487 ,
347 436 651 490 ἀναστρέψαντα
673 436 879 476 καὶταῦτα
901 435 1066 485 ἔμπαλιν
1088 434 1143 479 εἰς
1163 428 1258 478 τούς
1282 431 1461 477 οἰκείους

69 503 145 551 οὖν.
168 504 366 562 α’ναιμωτὶ
385 508 589 561 διεφέρετο
612 506 652 547 ἐν
672 501 829 552 αὐτοῖς,
861 499 962 543 ἄλλα
984 502 1028 543 τὸ
1050 495 1346 552 τοῦθΟμήρου,

565 597 622 604 —-
649 598 707 605 —-
737 574 878 625 δίφροι
901 569 937 612 δ’
965 565 1321 621 ἆνεκυμβαλίαζον.

71 647 112 688 οἵ
129 647 248 687 ἵπποι
268 641 308 686 δ’
331 646 489 700 ἐπείπερ
514 642 620 693 ἅπαξ
639 647 709 694 τῆς
731 641 771 689 ἐς
790 641 833 690 ⁰)
862 637 906 681 τὸ
931 636 1033 681 εὐθὺ
1055 635 1156 680 ὁδοῦ
1175 634 1462 690 ἀπετρέποντο,

71 709 145 756 οὐκ
179 709 444 766 ἀνασχόμενοι
481 717 559 754 τῶν
592 708 843 764 ἐλεφάντων,
876 705 973 757 τούς
1003 705 1194 762 ἐπιβάτας
1230 700 1464 758 ἀποβαλόν-

68 798 132 830 τες
150 776 198 831 d)

293 846 415 892 Κείν’
437 847 531 903 ὄχεα
549 845 804 902 κροτάλιζον,
837 868 896 877 --
923 868 982 876 -—

68 920 297 971 τέμνοντες,
331 917 382 970 νὴ
407 921 515 965 Δία,
546 920 613 960 καὶ
632 919 879 970 διαιροῦντες
905 919 989 962 τοῖς
1021 909 1260 966 δρεπάνοις,
1292 910 1330 951 εἴ
1354 925 1467 957 τινας

68 992 148 1029 τῶν
173 989 302 1039 φίλων
321 984 584 1039 καταβάλοιεν
603 984 656 1040 e).
697 984 839 1026 πολλοὶ
870 977 908 1024 δ’
942 978 997 1030 ὥς
1028 982 1069 1023 ἐν
1096 977 1253 1035 ταραχῳ
1289 975 1465 1034 τοςούτῳ

72 1055 361 1109 κατεβάλλοντο
382 1049 450 1106 f)·
484 1056 643 1096 εἵποντο
672 1055 714 1096 δὲ
748 1054 813 1094 καὶ
838 1053 878 1093 οἵ
903 1051 1111 1102 ἐλέφαντες
1143 1052 1466 1102 συμπατοῦντες,

71 1125 140 1166 καὶ
164 1125 585 1175 συναναρᾇπτοῠντες
608 1123 646 1170 ἐς
669 1119 780 1173 ὕψος
801 1126 886 1168 ταῖς
908 1120 1177 1174 προνομαίαις
1192 1147 1203 1162 ,
1235 1118 1300 1158 καὶ
1324 1132 1470 1166 συναρ-

74 1189 286 1242 παζοντες,
319 1193 484 1239 καὶτοῖς
506 1186 647 1232 ὀδοῦσι
665 1192 982 1242 περιπείροντες,
1012 1188 1078 1228 καὶ
1098 1187 1228 1237 τέλος,
1266 1180 1380 1227 οὗτοι
1401 1201 1470 1225 κα-

74 1259 121 1302 τὰ
145 1259 294 1313 κράτος
317 1257 583 1311 παραδιδόασι
614 1262 668 1314 τῷ
695 1253 885 1312 Ἀντιόχῳ
914 1256 985 1308 τὴν
1020 1258 1152 1308 νίκην.
1217 1256 1270 1295 Οἵ
1297 1251 1471 1294 Γαλάται

77 1329 141 1377 δὲ,
177 1331 217 1370 οἵ
245 1329 335 1381 μὲν,
376 1324 665 1378 ἐτεθνήκεσαν,
708 1330 859 1366 πολλοῦ
887 1329 959 1366 τοῦ
985 1321 1120 1375 φόνου
1151 1324 1392 1379 γενομένου,
1435 1323 1476 1364 οἵ

1474 569 1633 604 Hom.II.

1498 617 1607 658 XVI,

1520 674 1606 709 5ἶ9·

1478 832 1531 864 Ib.
1559 830 1638 871 ΪίζῘ,

1526 877 1607 910 160.

1501 1258 1551 1297 11

78 1398 140 1448 δὲ,
176 1400 319 1446 ζῶντες
340 1393 636 1448 ἐλαμβάνοντο,
670 1392 775 1447 πλὴν
791 1391 900 1435 πάνυ
925 1390 1053 1447 ὀλίγοι
1071 1393 1137 1445 g),
1173 1389 1318 1433 ὁπόσοι
1344 1393 1472 1444 ἕφθα-
1485 1405 1620 1446 p.849.

124 1501 159 1542 c)
187 1496 253 1541 ἐς]
279 1497 394 1540 „Sola
414 1498 449 1531 S.
474 1497 600 1530 omisit
621 1495 698 1536 ε’ς.“
767 1495 803 1535 d)
833 1491 1186 1539 ἀποβαλόντες]
1215 1493 1306 1535 „Sic
1330 1493 1411 1526 dedi
1434 1505 1476 1527 ex

170 1546 226 1579 ΡΙ.
248 1546 290 1578 Β.
313 1557 344 1578 2.
367 1546 459 1587 (nec
483 1555 554 1575 non
577 1545 618 1576 B.
643 1555 671 1575 1.
693 1547 730 1575 et
752 1544 808 1585 3.)
842 1538 1115 1586 εἷποβάλλοντες
1139 1541 1220 1573 Par.
1243 1538 1476 1585 ἀποβαλλόν-

171 1604 230 1631 τες
247 1591 342 1624 male
361 1591 390 1622 J.
411 1591 456 1625 H,
479 1590 561 1623 Ala.
582 1593 638 1629 (1.
659 1595 694 1621 et
715 1592 768 1629 2.)
793 1590 850 1623 Fr.
875 1591 940 1622 §.⁴⁶
970 1590 1019 1619 (ἑο
1039 1598 1142 1620 erum
1168 1586 1337 1619 voluerat
1356 1589 1476 1620 Hertz.

171 1636 260 1677 τούς
283 1649 329 1671 τε
354 1634 551 1681 ἐπιβάτας,
579 1646 789 1680 perperam.

175 1687 276 1730 βοιεν
295 1692 395 1728 2954.
416 1683 491 1718 Bel,
507 1683 620 1715 Schm.

854 1638 896 1668 e)
923 1631 1282 1679 καταβάλοιεν]
1314 1631 1478 1667 καταλά-

671 1681 708 1722 f)
735 1678 1122 1724 κατεβάλλοντο]
1151 1677 1479 1724 ,,κατελαμβάνον-

172 1744 215 1766 το
240 1733 312 1764 MS.
339 1732 379 1762 Β.
422 1729 527 1761 Nihil
545 1735 692 1761 mutant
712 1729 837 1763 Edd.“
889 1727 1064 1769 Recepit,
1093 1728 1216 1758 Beliuo
1234 1727 1477 1771 suffragante,

175 1778 430 1811 Schmiederus.

84 1897 174 1937 dem
200 1894 362 1935 confixi
390 1902 539 1931 mutuo
575 1907 749 1932 suorum

83 1953 250 2010 jaculis,
276 1962 317 1991 et
338 1950 386 1988 ab
410 1950 626 2003 equitibus
651 1965 751 1989 con-

87 2010 270 2056 culcati,
304 2008 378 2060 qui
404 2016 499 2045 toto
524 2007 684 2060 impetu
707 2007 750 2045 in

90 2067 188 2105 illos
208 2073 400 2114 ruerent3
433 2078 578 2101 currus
599 2074 754 2111 autern,

89 2122 214 2161 relati
245 2132 284 2160 et
308 2120 391 2172 ipsi
427 2130 535 2158 retro
561 2121 603 2158 in
640 2134 758 2167 suos,

92 2193 179 2217 non
206 2177 297 2215 sine
320 2176 527 2229 sanguine
552 2177 661 2216 inter
688 2177 762 2229 ip-

94 2249 162 2273 sos
190 2232 512 2283 differebantur,
544 2232 614 2272 sed
638 2242 684 2271 ut
700 2242 763 2272 est

99 2289 213 2345 apud
237 2290 467 2327 Homerum
483 2318 493 2335 ,

159 2371 208 2377 --
255 2369 304 2375 --
349 2343 535 2382 dederunt
578 2347 766 2384 sonitum-

433 2417 504 2454 que
526 2404 766 2454 ruinamque.

100 2459 219 2512 Equi
256 2471 357 2497 vero
390 2460 517 2495 semel
551 2466 662 2495 recta
701 2471 768 2495 re-

104 2516 234 2570 gione
257 2515 419 2552 viarum
446 2514 640 2562 excussi,
675 2527 769 2550 cum

107 2573 216 2611 ferre
255 2569 505 2623 elephantos
539 2584 624 2608 non
663 2583 771 2622 pos-

110 2637 226 2672 sent,
260 2625 434 2679 dejectis
457 2627 641 2677 aurigis,

504 1779 550 1819 g)
579 1771 759 1819 ὀλίγοι]
788 1770 943 1819 ,,ο’λίγου
964 1773 1044 1805 sola
1062 1783 1192 1817 margo
1213 1774 1253 1805 A.
1271 1785 1300 1806 1.
1323 1774 1410 1807 W.“

812 1903 1027 1943 secantes,
1059 1907 1133 1944 per
1153 1893 1328 1938 Jovem,
1363 1903 1403 1932 et
1422 1896 1480 1931 la-

813 1960 1000 1989 cerantes
1036 1950 1239 1997 falcibus,
1295 1950 1328 1986 si
1373 1963 1480 2002 quos

806 2002 1045 2045 ‘amicorum
1068 2005 1340 2057 dejecisse—,nn
1376 2009 1484 2044 mul-

814 2065 848 2102 ti
872 2077 997 2109 vero,
1032 2073 1079 2099 ut
1100 2063 1143 2099 in
1175 2072 1295 2100 tanto
1321 2066 1485 2100 tumul-

819 2131 890 2168 tu,
926 2118 1252 2172 dejiciebantur.
1285 2119 1487 2172 Inseque-

820 2177 972 2216 bantur
990 2190 1090 2214 vero
1112 2174 1331 2227 elephanti
1345 2177 1487 2222 etiam,

824 2233 897 2288 qui
918 2235 1240 2278 conculcarent,
1278 2241 1317 2268 et
1339 2232 1487 2269 rostris

823 2292 869 2329 in
902 2292 1033 2328 altum
1064 2291 1270 2339 jactarent
1294 2303 1489 2340 corpora,

826 2357 867 2386 et
888 2346 1174 2396 corriperent,
1208 2353 1248 2382 et
1279 2344 1494 2382 confode-

826 2411 922 2440 rent
968 2400 1191 2439 dentibus:
1245 2408 1286 2438 et
1324 2399 1492 2439 tandem

828 2458 875 2495 hi
903 2457 990 2494 suis
1019 2456 1183 2493 viribus
1215 2457 1388 2492 tradunt
1409 2460 1495 2494 An·

830 2512 978 2551 tiocho
1030 2512 1267 2551 victoriam.
1342 2512 1496 2551 Gallo-

831 2568 972 2622 graeci
987 2578 1125 2606 autexn
1147 2568 1299 2620 partim
1319 2568 1361 2605 in
1378 2584 1496 2622 prae-

831 2626 892 2663 lio
917 2623 1188 2673 ceciderunt,
1220 2639 1369 2678 magna
1401 2640 1497 2665 cae-

172 2682 315 2722 Currus
339 2698 427 2723 cum
448 2686 609 2736 strepitu
630 2698 775 2721 vacuos
834 2680 884 2719 de
921 2681 1051 2729 sacta,
1084 2680 1235 2732 partim
1267 2682 1358 2719 vivi
1385 2681 1498 2734 capti

425 2750 602 2791 rapiant,
640 2763 684 2767 —
725 2763 769 2767 —

836 2746 960 2782 sunt,
1004 2746 1168 2789 praeter
1186 2752 1347 2790 paucos
1373 2752 1500 2791 oppi-
