1834 3188
302 210 402 259 654
665 219 1428 254 ADNOTATIONES

412 321 510 377 Pag.
539 324 635 366 253.
669 322 697 360 l·
722 326 761 365 3.
809 317 1018 362 Θάλλουσα
1045 319 1085 368 ἔς
1113 315 1202 371 ἆεὶ)
1243 318 1383 359 leom.
1414 317 1587 374 Magist.
1613 334 1656 361 v.
1689 317 1767 364 ἆεί.

300 381 470 423 SOLAN.
664 381 679 407 ἵ

413 435 517 477 Ead.
541 439 569 479 1.
593 439 634 481 5.
669 435 807 486 Μέλι)
846 434 875 476 i.
899 449 932 474 e.
954 445 1120 474 acetum.
1180 431 1282 473 Vid.
1311 430 1499 472 Helladii
1527 431 1767 474 Chrestom.

298 495 374 534 LA
398 494 565 532 Cnozn.
625 491 908 545 Antiphrasin
933 491 1067 544 igitur
1091 488 1249 528 dixeris
1265 496 1281 539 ‚'
1309 492 1377 528 vel
1402 490 1547 542 potius
1568 490 1764 540 ironiam,

302 551 402 605 quia
421 549 681 601 antiphrasis
705 563 792 587 non
816 547 1056 586 admittitur
1077 561 1097 584 a
1123 545 1228 584 viris
1257 545 1406 586 doctis.
1468 546 1619 599 Qualis
1642 561 1767 585 nem—-

299 621 354 660 pe
377 606 515 644 ironia
536 615 598 644 est
625 605 669 643 i'n
699 605 776 644 illo
806 603 910 644 Cael.
926 604 1067 644 Aut-el.
1091 602 1186 653 III,
1214 607 1251 645 1.
1275 600 1390 653 quod
1417 602 1535 642 Voss.
1563 601 1701 641 adfert
1721 605 1768 642 in.

297 664 404 704 Inst.
428 663 501 702 Or.
526 662 580 700 L.
608 662 670 710 V,
696 667 759 705 13.
785 666 821 710 9.
847 666 911 703 11.
938 675 980 713 p.
1006 676 1057 700 m.
1083 662 1176 703 251.
1240 658 1380 699 Multa
1411 661 1512 698 enim
1546 662 1769 699 contrariae

297 720 625 773 inierpretationis
645 718 880 758 vocabulum
901 728 1140 756 sumserunt:
1171 716 1332 772 msc-lla
1346 746 1357 764 ‚
1391 731 1491 770 quae
1513 714 1654 755 Graeci
1677 721 1769 770 γλυ-

296 778 366 819 κέα
383 786 547 824 vocant,
579 774 683 814 velut
704 774 862 824 dulcia,
896 790 982 814 cum
1001 776 1079 812 sint
1099 775 1359 813 amarissima.
1421 772 1490 811 Sic
1507 771 1766 826 Aethiopem

297 848 461 886 cygnum
481 831 650 882 vocari,
683 846 739 871 ex
761 831 896 870 Juven.
917 832 999 872 Sat,
1019 831 1114 879 ΙΙΙ,
1139 836 1177 873 2.
1204 829 1400 882 aliaque,
1433 828 1520 868 vid.
1546 827 1651 869 ibid.
1710 829 1769 867 Et

295 904 375 928 nos
398 889 441 926 in
466 887 667 941 Ambigg.
689 888 777 927 Tit.
811 887 958 941 adjecti
991 898 1161 927 contrar.
1194 897 1235 925 et
1265 886 1508 939 antiphrasi,
1549 884 1624 923 ubi
1657 885 1768 925 inter

296 947 379 985 alia
402 959 453 984 ex
476 944 618 983 Justin.
639 944 814 990 XXIX,
839 951 857 987 1
875 976 886 994 ,
912 947 952 988 5.
980 943 1272 991 observamus,
1307 943 1594 982 Ptolemaeum
1618 941 1769 981 Philo-

291 1014 438 1056 paiom
457 1011 682 1050 vocatum,
715 1001 789 1055 qui
814 1011 973 1053 patrem
998 1015 1045 1038 ac
1067 1009 1240 1038 matrem
1272 999 1550 1038 interfecerit.
1610 998 1768 1037 Verum

297 1058 415 1112 quod
433 1056 645 1097 Aurelian.
665 1059 762 1095 loco
785 1057 913 1095 modo
935 1056 1122 1094 adducto
1143 1069 1314 1109 quoque
1337 1054 1456 1105 dicit,
1488 1055 1768 1108 orthopnoeam

295 1115 422 1154 etiam
445 1128 466 1151 a
494 1113 710 1152 contrario
733 1112 911 1163 dictam,
945 1113 1150 1167 (namque
1174 1113 1253 1152 ait:
1290 1127 1377 1150 cum
1395 1112 1645 1164 spirationem
1667 1127 1768 1149 ever-

294 1182 354 1210 zat
383 1187 430 1209 ac
462 1169 663 1223 depravet,
707 1180 898 1224 tanquam
930 1172 1100 1222 corrigat
1128 1169 1389 1221 ortlzopnoea,
1424 1170 1700 1220 nuncupatur)
1723 1166 1770 1206 id

293 1228 434 1265 minus
464 1240 622 1267 verum,
685 1226 754 1264 Sic
777 1227 889 1265 enim
914 1225 1052 1264 dictus
1076 1226 1149 1264 ille
1171 1224 1368 1273 morbus,
1400 1222 1516 1277 quod
1540 1224 1655 1277 aegri
1678 1238 1768 1262 non

293 1283 379 1322 :nisi
412 1291 551 1322 erecto
583 1297 762 1336 corpore
792 1283 990 1335 spiritum
1020 1280 1174 1321 ducere
1204 1283 1384 1319 valeant.
1447 1278 1546 1320 Cels.
1575 1280 1651 1318 IV.
1673 1285 1765 1323 c.4.

298 1341 395 1378 Cum
424 1341 500 1377 nisi
529 1351 634 1378 recta
667 1341 813 1379 cervice
845 1342 1004 1393 spir-ilus
1035 1339 1239 1388 trahatur,
1281 1333 1511 1386 ὀρθόπνοια
1537 1335 1777 1392 (dicitur),

295 1397 367 1435 Sic
393 1394 586 1447 Galenus,
619 1396 681 1435 sic
710 1396 908 1451 ,I-Iippocr.
933 1395 1167 1446 definiunt,
1201 1393 1288 1434 vid.
1312 1394 1422 1433 Foes.
1447 1393 1612 1434 Oecon.
1632 1393 1766 1448 Hipp.

292 1454 457 1493 RmTz.

407 1508 513 1548 Ibicl.
548 1510 770 1562 Πουῶσιυ)
799 1505 1018 1550 ’Υπινῶσιν
1041 1508 1085 1546 in
1106 1509 1194 1548 ΜΒ.
1227 1508 1404 1549 Bounn.

404 1565 507 1606 Eacl.
530 1568 556 1607 l.
578 1572 615 1609 6.
641 1562 925 1618 Ἀλείφουσιν)
960 1567 1046 1604 Ms.
1067 1575 1109 1604 et
1130 1563 1240 1605 Cod.
1261 1566 1383 1616 Angl.
1406 1566 1611 1617 ἱδροῦσιν·
1644 1564 1767 1603 aliter

292 1634 433 1662 tamen
464 1622 568 1675 legit
602 1622 758 1675 interp.
791 1624 968 1663 Eoum),
1025 1619 1259 1674 Ἵδροῦσιν)
1301 1621 1424 1658 Hanc
1455 1619 1683 1660 lectionem
1709 1621 1762 1662 A.

291 1678 347 1720 B.
371 1689 412 1718 et
431 1680 475 1717 P.
496 1678 539 1714 in
563 1687 727 1717 textum
748 1680 1004 1731 recepimus:
1040 1691 1291 1732 quamquam
1313 1686 1422 1715 stare
1442 1679 1614 1730 vulgata
1636 1677 1764 1715 etiam

292 1745 459 1790 potest,
493 1731 753 1786 ἇλείφουσιν,
786 1745 834 1772 ut
859 1737 949 1774 scil.
978 1734 1231 1773 athletarum
1264 1746 1400 1781 more,
1435 1747 1513 1785 pro
1539 1735 1634 1772 oleo
1656 1735 1766 1773 lacte

293 1801 522 1847 ungantur.
582 1791 662 1831 Sed
688 1806 740 1830 ne
768 1790 941 1845 quando
967 1790 1144 1843 penuria
1170 1791 1293 1828 lactis
1327 1788 1547 1838 laborent,
1579 1799 1653 1828 aut
1682 1804 1765 1829 ne-

294 1849 461 1903 gotium
485 1846 589 1899 ipsis
616 1848 869 1886 facessamus
893 1847 1123 1902 mulgendo
1141 1879 1150 1895 ,
1183 1847 1247 1884 uti
1269 1844 1347 1884 mel
1366 1856 1588 1900 emungunt,
1619 1845 1678 1884 ita
1699 1848 1765 1885 lac

291 1905 452 1956 sudent,
504 1914 651 1942 auctor
680 1905 771 1944 sim.
805 1905 974 1945 SOLAN.
1037 1903 1244 1957 Quamvis
1271 1901 1468 1941 videatur
1499 1912 1608 1942 stare
1637 1917 1762 1954 posse

291 1966 464 2015 vulgata
490 1960 745 1999 Editionum
780 1961 968 2014 priorum
999 1960 1153 2009 lectio,
1184 1957 1447 2011 ἆλείφουσιν,
1481 1967 1656 2011 propter
1688 1976 1764 2014 γυ..

291 2015 529 2071 μνάζωνται,
546 2017 615 2055 cui
636 2018 784 2055 unctio
807 2017 1035 2065 convenit;
1067 2026 1206 2055 tamen
1227 2013 1339 2053 nihil
1360 2015 1555 2053 miraculi
1574 2014 1762 2066 haberet,

291 2075 395 2115 lacte
414 2077 518 2128 ungi.
580 2073 735 2112 Veru'm
762 2088 847 2127 quo
869 2073 1000 2127 magis
1025 2081 1320 2125 portentosum
1343 2081 1405 2110 est
1426 2070 1491 2110 Zac
1511 2070 1676 2122 sudare,
1710 2087 1760 2112 eo

290 2132 458 2181 melius,
491 2143 629 2182 eoque
648 2130 980 2169 convenientius
1002 2145 1095 2168 cum
1115 2143 1163 2167 eo
1179 2162 1189 2177 ‚
1223 2126 1336 2181 quod
1359 2128 1653 2179 praemiserat,
1684 2128 1765 2169 mel

291 2199 523 2240 emungunt:
555 2195 671 2224 totus
692 2187 803 2237 enim
836 2196 898 2224 est
918 2196 1067 2224 auctor
1089 2186 1131 2222 in
1162 2183 1373 2238 fingendis
1404 2184 1629 2233 monstris,
1675 2198 1760 2237 quo

292 2245 576 2292 considerato,
610 2244 690 2294 jam
716 2246 840 2294 plane
866 2242 1041 2295 frigebit
1062 2244 1282 2292 vulgatum
1305 2238 1527 2292 ἀλείφουσι.
1588 2241 1760 2280 Versio-

289 2315 384 2340 nem
411 2311 548 2340 tamen
581 2313 668 2336 non
702 2298 951 2345 immutavi,
998 2299 1097 2351 quia
1133 2297 1245 2336 Gcsn.
1278 2296 1329 2335 ad
1362 2307 1550 2336 nostram
1587 2311 1760 2350 quoque

289 2357 516 2396 lectionem
535 2389 544 2405 ‚
589 2369 696 2408 quae
718 2368 769 2392 ex
788 2369 875 2393 uno
906 2354 1011 2394 Cod.
1036 2356 1082 2393 in
1109 2354 1247 2396 Graev.
1267 2352 1349 2392 Ed.
1368 2356 1450 2407 jam
1475 2362 1564 2393 erat
1583 2362 1727 2393 notata
1742 2382 1756 2402 ,

290 2412 461 2452 videtur
487 2412 732 2464 respexisse.
766 2412 925 2450 Pim'rz.

403 2469 504 2509 Eacl.
527 2472 552 2509 1.
581 2473 643 2511 13.
691 2471 747 2524 Τῇ
773 2468 940 2520 γαστρὶ)
983 2465 1114 2505 Ridet
1143 2465 1349 2506 Lucianus
1384 2466 1638 2505 historicum
1671 2465 1756 2503 ali-

293 2540 438 2578 quem,
473 2527 545 2578 qui
566 2523 666 2562 talia
691 2523 944 2561 animalcula
974 2522 1062 2560 dari
1094 2522 1362 2569 tradidisset,
1402 2522 1474 2562 sed
1513 2521 1752 2563 immerito:

290 2596 424 2634 nuper
447 2583 559 2622 enim
580 2589 676 2632 post
697 2583 939 2620 nostrorum
969 2579 1191 2617 hominum
1214 2579 1266 2617 ad
1288 2578 1434 2617 Indias
1457 2587 1653 2630 utrasque
1671 2592 1753 2616 na-

290 2638 531 2689 vigationes
554 2645 816 2688 compertum
837 2645 922 2685 est,
957 2636 1161 2674 exsistere
1185 2649 1318 2689 genus
1346 2632 1646 2688 quadrupedis,
1681 2634 1751 2672 cui

292 2694 367 2731 sub
391 2705 536 2733 ventre
557 2707 657 2745 pera
682 2692 802 2745 quasi
824 2702 908 2742 est,
942 2692 986 2730 in
1011 2705 1133 2744 quam
1157 2704 1200 2730 se
1219 2691 1327 2743 puni
1348 2688 1598 2728 recondunt.
1644 2689 1752 2729 ,Cu-

289 2749 476 2802 jusmodi
502 2748 802 2801 Cantabrigiae.
829 2763 941 2788 anno
972 2746 1161 2786 MDCC.
1193 2747 1334 2787 vivam
1364 2746 1648 2785 circumlatam
1670 2756 1750 2786 >ea-
