1834 3188
237 220 338 268 614
595 235 1351 269 Anno‘rAT1oNsss

238 340 376 371 tamen
399 332 510 386 apud
533 333 711 373 eundem
737 334 886 385 credo,
926 350 1013 375 non
1033 350 1133 376 vero
1153 334 1377 387 adnotavi,
1422 333 1537 390 quod
1570 335 1698 375 nimis

240 387 414 428 obvium
438 389 660 431 crederem,
694 393 855 434 lim'rz.

353 445 456 486 Ead.
479 449 506 487 Ι.
526 453 565 490 2.
598 445 800 501 Σκάφην)
828 449 947 488 Male
968 448 1176 503 interpres
1197 446 1361 502 σκάφην
1379 447 1547 502 ligonem
1568 446 1698 487 inter·

241 510 446 554 pretatur,
505 502 555 543 Id
578 514 665 551 est,
707 508 856 556 sinum,
898 504 1068 546 situlam.
1126 505 1371 561 Hesychius:
1412 501 1568 557 σκάφαι
1598 499 1700 557 ὄψο·

238 557 407 604 asthma.
443 559 487 598 id
518 570 606 610 est,
637 559 810 616 τρύβλια,
840 563 1034 604 MENAG.
1094 561 1210 603 Idem
1240 576 1413 616 prorsus
1444 560 1623 601 invenio
1655 560 1700 598 in

241 615 356 653 notis
381 614 543 670 Guyeti:
572 632 699 671 quare
722 619 824 658 talia
842 633 928 657 non
949 633 1111 672 semper
1131 629 1340 672 repetam,
1370 617 1480 670 nisi,
1510 627 1559 658 ut
1577 631 1703 671 supra

242 669 358 722 dixi,
392 687 478 725 quo
501 671 666 724 videas,
700 690 811 714 anne
834 678 938 715 alter
961 678 1139 717 alterum
1162 674 1436 730 exscripserit
1453 704 1465 728 ‚
1503 673 1605 732 quia
1629 684 1704 713 to-

240 726 321 766 ties
338 727 452 766 idem
474 728 638 773 dicunt.
671 732 831 774 RmTz.

357 784 461 827 Ibid.
488 781 759 844 Ὀνομάζων)
789 787 1038 844 Legendum
1059 802 1153 828 meo
1176 786 1364 842 judicio,
1394 785 1444 830 τά
1466 791 1570 831 σῦκα
1588 789 1705 838 σῦκα,

240 839 317 892 τὴν
340 840 504 912 σκάφην
525 844 590 892 δὲ,
624 845 788 900 σκάφην
807 840 1039 897 ὀνομάζων,
1072 841 1122 888 οὔ
1144 849 1269 899 μίσει,
1304 842 1400 888 οὐδὲ
1419 847 1535 901 φιλίᾳ
1548 844 1703 898 νέμων,

243 895 338 940 οὐδὲ
359 902 600 952 φειδομενος
617 913 698 943 etc.
767 903 818 942 Ut
838 901 1017 943 Comicus
1036 905 1105 952 ait,
1122 905 1374 958 ficusficus‚
1407 902 1595 956 scapham
1616 916 1706 941 sca-

236 954 357 1008 pham
380 956 608 1011 appellans3
649 958 751 1001 nihil
778 975 897 1016 neque
926 959 1017 999 odio
1050 975 1170 1017 neque
1196 961 1395 998 amicitiae
1424 958 1550 1011 dans-‚-
1587 973 1707 1015 neque

237 1026 405 1063 parcens
423 1024 503 1053 etc.
536 1014 677 1069 Vulgo
699 1013 925 1067 ὀνομάσων.
955 1016 1081 1057 ΙΕΝε.
1138 1011 1400 1069 Ὀνομάσων)
1430 1016 1602 1055 Frustra
1621 1016 1706 1053 sol-

238 1067 380 1106 licitat
400 1068 552 1111 Jensius
573 1069 682 1110 hanc
702 1073 965 1125 scripturam.
1024 1072 1161 1113 Proba
1186 1082 1271 1120 est,
1303 1081 1347 1113 et.
1365 1074 1494 1125 longe
1514 1069 1706 1111 venusti-

241 1137 290 1162 or
316 1139 378 1171 ea,
400 1140 525 1178 quam
545 1127 805 1167 substituere
829 1138 978 1168 tentat.
1009 1129 1177 1171 somn.
1240 1128 1415 1181 Optime
1441 1125 1556 1167 haud
1576 1125 1707 1165 dubie

239 1178 613 1236 habetFuturum3
646 1183 827 1224 offendit
858 1194 996 1224 tamen
1025 1200 1120 1225 cum
1151 1183 1431 1238 sequentibus
1458 1182 1708 1222 Praesenti-

240 1235 316 1275 bus
346 1240 554 1288 junctum.
614 1240 912 1281 Nihilominus
942 1241 1137 1298 improbo
1164 1241 1312 1283 Reirzii
1338 1239 1593 1290 consilium,
1627 1236 1705 1292 qui

238 1292 363 1334 Jensii
380 1298 666 1349 conjecturam
681 1330 691 1347 ‚
726 1298 804 1337 etsi
827 1296 941 1337 haud
962 1312 1135 1350 prorsus
1160 1296 1480 1349 improbabilem
1496 1327 1508 1345 ‚
1541 1309 1709 1347 recepe..

237 1349 308 1389 rit.
371 1350 566 1391 Ceterum
590 1353 715 1393 etiam
743 1354 848 1398 Cod.
870 1359 993 1401 2954.
1015 1353 1189 1395 exhibet
1211 1351 1449 1410 ὀνομάσων,
1482 1352 1542 1393 ita
1566 1361 1707 1393 tamen

241 1416 288 1444 ut
308 1420 434 1458 supra
456 1425 513 1449 ων
536 1409 740 1462 scriptum
762 1411 818 1449 sit
838 1428 891 1452 αι.
923 1412 1082 1452 LEnM.

352 1464 501 1509 Eacld,
526 1471 590 1509 10.
626 1466 802 1516 Μούσας
831 1469 1062 1522 κληθῆναι)
1104 1467 1203 1508 Vid.
1235 1465 1346 1507 idem
1379 1464 1507 1518 hujus
1539 1468 1709 1516 προςλα·

238 1522 326 1567 λίᾶς
355 1535 392 1560 0·
419 1527 455 1565 1.
476 1522 553 1560 sub
582 1522 653 1565 fin.
683 1524 848 1566 anz.
909 1526 942 1570 Ι,
966 1540 1003 1570 e,
1026 1524 1237 1568 Herodot.
1266 1538 1302 1566 c.
1328 1528 1364 1568 1.
1394 1522 1545 1579 ibique
1579 1520 1710 1560 Com-

239 1585 385 1616 mentt.
416 1578 571 1620 Lmnvr.

352 1633 457 1675 Ead·
481 1637 509 1676 l.
535 1640 602 1682 11,-
635 1633 780 1688 Κτῆμά
801 1634 870 1690 τε)
909 1636 1047 1677 Verba
1075 1635 1297 1692 Thucydid.
1320 1635 1382 1674 sic
1400 1633 1584 1673 habent:
1616 1636 1709 1685 κτῆ-

242 1685 297 1739 μά
319 1705 358 1730 τε
381 1691 421 1737 ἐς
444 1687 504 1731 ἀεὶ
528 1696 679 1743 μᾶλλον
710 1689 739 1744 ἢ
757 1690 963 1746 άγώνισμα
986 1695 1026 1741 ἐς
1043 1692 1087 1734 τὰ
1110 1696 1352 1746 παραχρῆμα
1370 1688 1534 1734 &nobem
1554 1687 1710 1744 ξύγκει-

241 1761 316 1785 ται.
363 1746 516 1797 Habes,
550 1749 657 1802 quod
677 1751 718 1787 in
736 1767 824 1788 usus
839 1760 1042 1803 perpetuos
1058 1750 1248 1789 recondas
1262 1782 1271 1798 ‚
1301 1750 1432 1802 potius
1449 1762 1568 1801 quam
1589 1763 1679 1800 spec
1693 1770 1710 1777 -

242 1801 436 1850 taculum,
469 1819 545 1857 quo
566 1805 683 1844 semel
709 1805 845 1845 oculos
866 1821 1022 1844 auresve
1046 1822 1202 1858 pascas,
1263 1803 1391 1844 Unde
1422 1805 1627 1843 maculam
1659 1802 1705 1841 in

241 1856 417 1898 Luciani
433 1859 554 1898 libris
574 1862 771 1911 eluimus,
802 1861 1049 1915 reponendo
1068 1859 1198 1914 κτῆμά
1218 1879 1257 1904 τε
1276 1875 1353 1915 pro
1374 1857 1566 1913 κτήματα,
1589 1857 1707 1913 (ὶῦοᾶ

243 1922 381 1953 tamen
407 1929 552 1954 omnes
576 1917 803 1957 insidebat.
844 1917 941 1958 Vid.
970 1918 1194 1973 Thucydid.
1220 1919 1264 1968 1,
1292 1923 1361 1961 22.
1392 1917 1559 1958 somn.
1618 1915 1708 1954 Lo-

247 1983 342 2010 cum
370 1971 611 2025 Thucydidis
633 1972 713 2025 jam
744 1978 944 2014 attulerat
964 1974 1013 2014 L.
1039 1975 1122 2014 Bos
1142 1975 1185 2014 in
1209 1972 1421 2013 animadv.
1453 1971 1546 2011 crit.
1574 1985 1614 2025 p.
1640 1977 1706 2014 11.

247 2035 290 2064 et
308 2041 400 2068 cum
422 2028 605 2071 Luciano
630 2040 946 2084 comparaverat
966 2029 1132 2070 dicens:
1170 2030 1344 2086 Thucyd.
1363 2030 1409 2078 I,
1431 2033 1498 2072 22.
1560 2025 1706 2080 Κτῆμᾶ

245 2099 286 2123 τε
313 2083 352 2132 ἐς
380 2082 443 2126 ἀεὶ
468 2090 616 2138 μᾶλλον
636 2084 664 2136 ἢ
690 2082 894 2143 ἀγώνισμα
925 2088 963 2135 ἔς
980 2086 1022 2128 τὸ
1043 2092 1282 2142 παραχρῆμα
1303 2083 1466 2130 άκοῦειν
1495 2082 1707 2155 σύγκειται.

246 2139 430 2194 Elegans
452 2151 514 2181 est
534 2142 759 2185 antithesis
789 2144 1114 2192 vocabulorum,
1147 2155 1195 2182 ut
1218 2145 1259 2193 ἐς
1277 2140 1361 2192 άεὶ,
1394 2152 1436 2183 et
1459 2143 1498 2190 ἔς
1516 2159 1561 2183 το
1583 2158 1710 2195 παρα-

245 2200 397 2252 χρῆμα,
430 2200 470 2241 ,ἰη
485 2210 708 2253 perpetuum
727 2211 762 2238 et
778 2202 1038 2253 inpraesens'5
1068 2201 1129 2239 sic
1144 2205 1271 2253 κτῆμα
1291 2208 1332 2240 et
1353 2194 1572 2254 άγῶνισμα.
1606 2203 1710 2251 Κτῆ·

247 2269 302 2305 μα
323 2263 385 2292 est
405 2268 470 2292 res
494 2255 586 2308 ipsa
600 2286 612 2304 ‚
676 2270 754 2294 uae
773 2265 963 2295 servatur
983 2265 1024 2294 et
1042 2256 1310 2309 possidetur,
1355 2255 1533 2306 veritas²
1572 2254 1709 2294 histo-

249 2308 308 2348 ria
329 2324 439 2354 vera,
495 2312 629 2351 Recte
647 2269 789 2354 gebul.
810 2309 1008 2363 ἀλήθειαν
1026 2312 1344 2366 interpretatur.
1395 2307 1622 2366 Ἀ’γῶνισμα
1642 2325 1710 2350 ve-

250 2378 297 2402 ro
319 2377 525 2408 certamen
544 2366 753 2410 ludicrum
768 2401 777 2417 ,
809 2367 977 2419 fabula,
1008 2368 1188 2409 historia
1217 2368 1429 2419 fabulosa,
1462 2367 1618 2406 fabulis
1638 2365 1708 2405 ad-

251 2432 395 2460 ornata
410 2453 421 2471 ‚
455 2439 560 2482 quae
587 2423 851 2465 auditoribus
876 2424 1075 2478 jucunda,
1135 2426 1276 2470 Schol,
1299 2425 1369 2467 τὸν
1391 2423 1538 2479 γλυκὺν
1561 2421 1706 2478 λόγον,

249 2478 405 2531 θέαμα,
437 2479 630 2532 παιδιάν,
659 2479 869 2533 ποιητικὸν
898 2478 1105 2535 ἀγώνισμα
1132 2485 1433 2539 κωμῳδοποιῶν
1457 2477 1485 2535 ἢ
1511 2482 1711 2535 τραγῳδο-

250 2540 389 2578 ποιῶν.
433 2538 504 2577 Sic
525 2533 731 2592 ἀγώνισμα
752 2543 884 2583 ποιεῖν
900 2538 1085 2594 fabulam
1109 2555 1241 2592 agere,
1271 2538 1420 2577 dicunt
1440 2535 1603 2576 Graeci.
1637 2535 1710 2574 Gi-

254 2590 362 2629 tavit
385 2592 488 2633 haec
509 2594 633 2634 verba
655 2594 858 2636 Lucianus
877 2594 917 2634 h.
940 2598 967 2637 l.
987 2594 1061 2635 ubi
1087 2598 1301 2649 eleganter
1321 2593 1503 2648 exponit
1530 2589 1574 2633 τὸ
1606 2587 1710 2646 ‹iyni-

254 2660 372 2699 ν’·σμᾱ
401 2663 475 2700 per
493 2649 537 2692 τό
554 2654 761 2703 μυθῶδες,
793 2661 833 2690 et
866 2651 1043 2704 κτήματα
1064 2667 1139 2704 per
1159 2649 1234 2701 τὴν
1260 2648 1466 2703 ἀλήθειαν.
1521 2648 1710 2687 Inferius

256 2702 348 2742 eod.
381 2705 452 2745 lib.
482 2721 626 2745 versus
658 2706 781 2745 finem
815 2706 923 2746 idem
943 2711 1141 2760 explanat
1165 2707 1332 2756 dicens,
1362 2729 1418 2737 —--
1448 2705 1513 2746 καὶ
1536 2703 1589 2757 μὴ
1607 2703 1711 2754 πρὸς

255 2756 299 2800 τὸ
319 2760 450 2815 παρὸν
471 2761 598 2816 μόνον
619 2759 728 2820 ὁρῶν
753 2760 895 2821 γράφε,
929 2761 984 2813 ὥς
1005 2767 1046 2806 οἱ
1063 2768 1138 2810 νῦν
1159 2763 1433 2811 ἐπαινέσονταί
1453 2775 1496 2804 σε
1516 2786 1570 2792 --
1593 2756 1710 2808 οὐδὲν
