1834 3188
285 245 388 293 610
641 252 1395 286 ADNOTATonsss

285 356 374 396 vali
397 347 671 401 interfuisse,
712 351 972 392 occidendus
991 359 1130 391 autern
1155 349 1330 403 fuisset,
1361 350 1462 406 quia
1484 351 1626 392 statim
1647 361 1747 407 post

286 413 413 452 hanc
432 424 615 464 pugnarn
647 409 804 448 callido
836 409 1020 449 consilio
1042 407 1325 448 Athenienses
1357 407 1561 458 retinuit,
1593 420 1636 449 et
1658 411 1745 449 Ni-

287 471 381 510 ciae
400 467 578 508 subdole
595 466 871 521 significavit,
903 476 958 506 ne
975 472 1022 523 ea
1040 474 1167 504 nocte
1183 464 1329 518 copias
1348 463 1593 523 abduceret.
1622 467 1746 509 Run.

395 541 500 587 Εαᾶ.
519 539 923 600 1.9.Γὐλ-ἰππον]
955 546 1024 586 Sic
1041 542 1141 583 dedi
1160 559 1211 584 ex
1229 545 1302 584 W.
1329 537 1410 585 Sed
1430 543 1541 586 Edd.
1561 539 1747 587 etReitz.

288 605 416 646 etiam
449 600 657 658 solur-ov
699 602 799 654 Vid.
834 602 1015 658 lezccyd
1045 601 1148 650 VII,
1169 605 1236 644 74.
1279 600 1422 655 Quum
1453 600 1602 641 Nicias
1637 603 1747 643 falso

288 661 444 700 nuntio
470 655 520 698 de
545 655 626 698 viis
648 656 829 699 obsessis
853 669 960 699 esset
979 668 1191 698 retentus:
1254 652 1532 710 Συρακουσιοι
1557 659 1623 700 καὶ
1658 656 1750 701 Γυ-

286 724 448 772 λιππος
451 734 510 758 τω
522 716 592 785 μὲν
611 720 718 785 πεζῷ
737 733 834 768 προε
818 712 1062 766 εξελθόντες,
1096 712 1168 763 τάς
1184 731 1225 757 τε
1242 711 1364 763 ὁδούς
1382 728 1453 764 τας
1469 713 1568 756 κατὰ
1580 713 1654 769 τὴν
1670 733 1749 769 χω-

289 792 389 827 ραν,
419 773 445 830 ᾗ
470 773 578 822 εἰκὸς
599 791 652 825 ην
673 790 767 822 τους
783 769 1028 842 Ἀθηναίους
1056 772 1176 822 ἰέναι,
1209 764 1547 826 ἆπεφραγνυσαν,
1576 773 1644 814 καὶ
1670 790 1751 814 των

288 834 466 885 ῥείθρων
487 832 553 871 καὶ
574 843 653 872 των
677 835 869 895 ποταμῶν
889 846 960 879 τας
980 827 1189 897 διαβάσεις
1216 828 1471 881 ἐφύλαττον.
1511 828 1750 883 Gylippum

290 898 429 927 autem
452 882 883 942 Lacedaemoniorum
903 881 1052 938 ducem
1069 884 1295 941 κατάρατον
1313 894 1462 937 vocat,
1493 895 1542 925 ut
1561 886 1665 937 iste,
1697 885 1750 926 de

290 948 552 1000 quoe-14„
584 940 857 998 Wologesum.
889 940 1010 982 Run.

403 1011 505 1051 Eacl.
525 1014 553 1052 l.
583 1016 647 1054 11.
679 1008 1039 1064 Λιθοτομίᾱς]
1079 1011 1134 1049 Iu
1154 1008 1406 1051 Lautumias
1430 1009 1686 1063 Syracusani
1711 1020 1755 1050 et

287 1064 399 1108 socii
426 1077 573 1121 captos
605 1067 891 1108 Athenienses
925 1067 1572 1125 demiserunt.Thucyd.VI1,
1594 1072 1664 1112 86.
1686 1072 1755 1112 87.

287 1126 409 1165 Run.
508 1157 511 1164 ,-

398 1179 503 1220 Εαᾶ
526 1182 644 1224 1-12.
677 1178 888 1234 Πρώτων)
923 1180 1011 1220 Cur
1033 1179 1216 1220 Solemus
1241 1180 1307 1219 nil
1331 1179 1581 1220 variationis
1603 1179 1650 1219 in
1671 1178 1753 1219 hac

289 1252 408 1278 voce
406 1236 668 1286 inveniens,
703 1246 842 1277 tamen
867 1251 1020 1290 operae
1042 1236 1214 1276 duxerit
1235 1251 1324 1277 eam
1353 1247 1525 1286 notare,
1566 1250 1654 1276 non
1685 1251 1754 1275 re-

287 1294 425 1347 perio.
483 1294 551 1331 An
570 1292 787 1333 dubitavit
811 1292 861 1334 de
882 1294 1037 1347 plurali
1066 1308 1264 1342 numero,
1307 1293 1409 1347 quia
1437 1294 1548 1342 ἐλπὶς
1577 1293 1622 1332 in
1655 1293 1751 1332 aliis

286 1349 448 1405 linguis
477 1349 557 1388 vix
588 1346 715 1389 habet
742 1349 980 1403 pluralem‘2
1018 1347 1119 1389 Non
1148 1349 1273 1389 credo
1298 1350 1408 1389 hane
1431 1363 1518 1389 esse
1537 1353 1750 1403 caussam}

286 1421 428 1460 neque
448 1406 561 1445 enim
582 1406 778 1460 ignorare
798 1407 975 1471 potuit&
988 1406 1053 1445 id
1066 1406 1249 1445 Graecis
1277 1409 1412 1445 multo
1441 1420 1530 1446 esse
1555 1405 1752 1445 familia-

286 1463 399 1509 rius,
431 1476 554 1518 quam
579 1465 644 1501 vel
670 1462 865 1512 Ciceroni,
900 1463 979 1517 *qui
1000 1480 1105 1502 meas
1121 1478 1228 1516 spes,
1260 1464 1417 1516 plurali
1438 1477 1561 1504 num.·
1579 1476 1751 1517 quoque

287 1518 428 1559 dicere
455 1529 578 1557 amat.
639 1520 696 1558 Et
728 1520 790 1559 sic
807 1520 1018 1561 Lucienus
1042 1527 1125 1558 tam
1148 1534 1293 1573 saepe,
1331 1529 1381 1558 ut
1409 1520 1499 1558 fere
1527 1518 1751 1558 adnotasse

285 1575 455 1629 pudeat.
516 1574 614 1615 Vid.
648 1585 786 1616 tamen
816 1589 917 1615 mox
950 1574 1202 1620 c.61.1ta
1230 1589 1402 1629 quoque
1431 1576 1553 1616 Diod.
1576 1576 1661 1616 Sic.
1688 1582 1746 1617 ιθ.

285 1646 325 1684 Ρ.
350 1637 447 1675 297.
470 1628 549 1672 Ed.
573 1629 671 1672 Bas.
691 1634 935 1685 προςδοκίαν
954 1634 1122 1674 ἐλπίδων
1148 1630 1345 1699 ἄγαθων,
1376 1641 1419 1671 et
1440 1631 1531 1671 ead.
1549 1646 1645 1686 pag.
1671 1632 1748 1671 ite-

284 1702 392 1728 rum.
453 1688 519 1726 Ita
543 1697 584 1729 ,et
606 1688 739 1741 Long.
758 1688 973 1730 Past.111.
995 1703 1035 1743 p.
1059 1693 1128 1732 99.
1150 1705 1239 1743 παρ
1278 1689 1461 1737 ἐλπίδας·
1491 1702 1540 1727 ac
1567 1702 1656 1727 non
1679 1703 1748 1728 se-

283 1747 365 1783 mel
388 1742 507 1784 alibi
540 1719 719 1788 RmTz?

393 1799 497 1840 Εαίῖ
520 1800 546 1838 l
572 1806 636 1843 123
653 1797 903 1853 Ἀλκιβιάδου
921 1802 1001 1843 ε’λπ.
1011 1800 1024 1853 )
1054 1801 1124 1843 De
1141 1815 1214 1854 spe
1230 1798 1466 1840 Alcibiadis
1487 1800 1748 1854 Thucydides,

284 1855 337 1909 (e
360 1859 480 1908 cujus
503 1854 635 1896 libro
636 1857 818 1914 septimo
837 1857 998 1912 reliqua
1020 1856 1146 1911 hujus
1167 1858 1254 1897 loci
1276 1858 1489 1911 explicare
1508 1859 1636 1898 facile
1656 1859 1749 1898 fue-

282 1914 366 1963 tit)
393 1913 478 1960 VI,
505 1917 569 1956 15.
591 1914 756 1962 ἐλπίζων
775 1918 966 1956 Σικελίαν
977 1931 1017 1956 τε
1036 1916 1103 1956 καὶ
1123 1912 1366 1967 Καρχηδόνα
1382 1913 1598 1975 λήψεσθαι.
1656 1916 1746 1954 De·

282 1968 385 2008 inde
408 1969 486 2008 sub
509 1983 690 2022 persona
718 1971 980 2020 Alcibiadis
1011 1970 1227 2023 quomodo
1256 1971 1346 2010 fieri
1369 1968 1452 2008 hoc
1477 1962 1633 2022 possit,
1667 1985 1743 2010 ex-

279 2025 415 2078 plicat
438 2039 528 2078 cap.
555 2032 620 2070 17.
644 2037 687 2068 et
716 2033 780 2072 18.
801 2037 844 2067 et
866 2026 1112 2072 concludit,
1153 2024 1184 2079 ἢ
1208 2031 1277 2078 τῆς
1300 2023 1513 2076 Ἑλλάδος,
1553 2044 1635 2069 των
1662 2029 1748 2071 ἐκεῖ

278 2084 613 2135 προςγενομένων
626 2082 761 2137 πάσης
777 2088 835 2140 τῷ
854 2082 975 2126 εἰκότι
1000 2080 1193 2136 αρξομεν,
1223 2080 1252 2136 ἦ
1279 2080 1513 2134 κακώσομέν
1530 2101 1576 2138 γε
1601 2089 1744 2138 Συρα-
1785 2114 1807 2125 --

277 2141 483 2186 κουσίους.
547 2138 597 2177 In
625 2141 719 2194 ipso
744 2150 884 2180 autem
906 2139 1041 2220 libri
1029 2140 1161 2179 initio
1182 2140 1385 2180 vanitatis
1406 2140 1520 2178 illam
1539 2155 1654 2195 spem
1677 2157 1747 2182 ac·

278 2206 410 2234 cusat.
442 2194 577 2238 Οεεκ.

391 2251 652 2305 Pag.212.1.
676 2257 711 2295 1
739 2216 1017 2306 Ἀρταξέρξην)
1047 2253 1279 2291 Testantur
1294 2217 1485 2292 Hebraei
1498 2252 1742 2307 scriptores,

276 2321 430 2346 nomen
465 2307 549 2352 hoc
582 2302 801 2348 Persarum
830 2309 1004 2364 regibus
1037 2323 1260 2348 commune
1290 2309 1448 2357 fuisse,
1487 2309 1666 2363 perinde
1695 2325 1744 2350 ao

277 2363 470 2403 Caesaris
496 2364 786 2404 Romanorum
811 2364 1152 2419 imperatoribus.
1185 2365 1332 2406 Goon.

386 2442 537 2483 Ead.1.
560 2450 599 2488 2.
626 2436 807 2499 Ἰατρὸς)
842 2444 1008 2486 Ctesiam
1027 2444 1189 2499 tangit,
1222 2443 1470 2484 Artaxerxis
1489 2445 1737 2484 Mnemonis

275 2497 510 2549 medicum,
556 2501 629 2557 qui
653 2501 847 2541 fabulosa
871 2505 1021 2541 multa
1024 2512 1066 2541 et
1085 2500 1323 2539 adulatoria
1349 2500 1558 2545 historiae
1580 2499 1741 2540 admis-'

277 2565 444 2604 onerat,
479 2571 564 2610 quo
590 2558 672 2596 sibi
700 2572 840 2613 regem
873 2571 995 2597 suum
1024 2557 1289 2597 conciliaret.
1350 2554 1570 2596 Videndus
1605 2571 1652 2596 ea
1687 2557 1739 2599 de

280 2624 323 2648 re
343 2605 449 2651 Plut.
472 2613 533 2651 in
541 2614 689 2655 Artax.
713 2615 758 2653 in
781 2615 925 2654 initio.
954 2614 1110 2657 Libros
1137 2622 1275 2652 autem
1302 2612 1448 2653 Ctesiae
1467 2612 1642 2663 periisse
1661 2629 1738 2653 no.

280 2674 370 2704 turn
388 2677 462 2708 est.
507 2669 748 2737 Supersunt
767 2681 932 2711 tantum
955 2674 1212 2711 collectanea
1234 2668 1396 2708 ΡΙιοτιί
1384 2683 1427 2706 m
1449 2667 1734 2710 Bibliotheca.

281 2721 451 2763 SOLAN.
523 2727 660 2766 Dedit
691 2726 770 2767 ista
803 2737 1006 2781 excerpta
1042 2741 1064 2767 e
1095 2724 1275 2766 Persicis
1305 2733 1347 2764 et
1373 2721 1534 2763 Indicis
1568 2724 1739 2768 Ctesiae

285 2776 510 2831 'Vesseling
532 2781 584 2821 ad
608 2777 877 2837 Herodotum,
908 2781 1095 2825 reddidit
1118 2779 1307 2822 Boiheck.
1337 2773 1458 2820 Run.
