<?xml version="1.0" encoding="UTF-8"?>
<!DOCTYPE html PUBLIC "-//W3C//DTD XHTML 1.0 Transitional//EN"
    "http://www.w3.org/TR/xhtml1/DTD/xhtml1-transitional.dtd">
<html xmlns="http://www.w3.org/1999/xhtml" xml:lang="en" lang="en">
 <head>
  <title>
</title>
<meta http-equiv="Content-Type" content="text/html;charset=utf-8" />
  <meta name='ocr-system' content='tesseract 3.04.00' />
  <meta name='ocr-capabilities' content='ocr_page ocr_carea ocr_par ocr_line ocrx_word'/>
</head>
<body>
  <div class='ocr_page' id='page_1' title='image "./operagraecaetlat04luciuoft/operagraecaetlat04luciuoft_0583.png"; bbox 0 0 1834 3188; ppageno 0'>
   <div class='ocr_carea' id='block_1_1' title="bbox 380 193 1591 244">
    <p class='ocr_par' dir='ltr' id='par_1_1' title="bbox 380 193 1591 244">
     <span class='ocr_line' id='line_1_1' title="bbox 380 193 1591 244; baseline -0.003 -5"><span class='ocrx_word' id='word_1_1' title='bbox 380 208 432 239; x_wconf 82' lang='lat' dir='ltr'><strong>IN</strong></span> <span class='ocrx_word' id='word_1_2' title='bbox 471 205 712 244; x_wconf 69' lang='lat' dir='ltr'><strong>QUOMODO</strong></span> <span class='ocrx_word' id='word_1_3' title='bbox 751 206 989 238; x_wconf 70' lang='lat' dir='ltr'><strong>msTORIA</strong></span> <span class='ocrx_word' id='word_1_4' title='bbox 1028 207 1103 237; x_wconf 68' lang='lat' dir='ltr'><strong>sn</strong></span> <span class='ocrx_word' id='word_1_5' title='bbox 1141 206 1340 238; x_wconf 71' lang='lat' dir='ltr'><strong>consen.</strong></span> <span class='ocrx_word' id='word_1_6' title='bbox 1491 193 1591 244; x_wconf 80' lang='lat'><strong>539</strong></span> 
     </span>
    </p>
   </div>
   <div class='ocr_carea' id='block_1_2' title="bbox 121 304 1611 2799">
    <p class='ocr_par' dir='ltr' id='par_1_2' title="bbox 124 304 1593 419">
     <span class='ocr_line' id='line_1_2' title="bbox 125 304 1593 359; baseline 0.001 -13"><span class='ocrx_word' id='word_1_7' title='bbox 125 321 217 347; x_wconf 85' lang='lat' dir='ltr'><strong>rum</strong></span> <span class='ocrx_word' id='word_1_8' title='bbox 237 319 325 345; x_wconf 89' lang='lat' dir='ltr'><strong>non</strong></span> <span class='ocrx_word' id='word_1_9' title='bbox 348 307 505 359; x_wconf 84' lang='lat' dir='ltr'><strong>inepte.</strong></span> <span class='ocrx_word' id='word_1_10' title='bbox 566 306 619 345; x_wconf 90' lang='lat' dir='ltr'><strong>In</strong></span> <span class='ocrx_word' id='word_1_11' title='bbox 643 313 826 344; x_wconf 84' lang='lat' dir='ltr'><strong>mentem</strong></span> <span class='ocrx_word' id='word_1_12' title='bbox 848 304 967 345; x_wconf 88' lang='lat' dir='ltr'><strong>venit</strong></span> <span class='ocrx_word' id='word_1_13' title='bbox 993 304 1477 353; x_wconf 72' lang='lat' dir='ltr'><strong>Horatiimonumentmn</strong></span> <span class='ocrx_word' id='word_1_14' title='bbox 1507 323 1593 347; x_wconf 84' lang='lat' dir='ltr'><strong>aere</strong></span> 
     </span>
     <span class='ocr_line' id='line_1_3' title="bbox 124 364 532 419; baseline -0.007 -15"><span class='ocrx_word' id='word_1_15' title='bbox 124 366 341 419; x_wconf 82' lang='lat' dir='ltr'><strong><em>perennius.</em></strong></span> <span class='ocrx_word' id='word_1_16' title='bbox 373 364 532 405; x_wconf 70' lang='lat' dir='ltr'><strong>me.</strong></span> 
     </span>
    </p>

    <p class='ocr_par' dir='ltr' id='par_1_3' title="bbox 124 416 1597 588">
     <span class='ocr_line' id='line_1_4' title="bbox 239 416 1593 491; baseline -0.001 -32"><span class='ocrx_word' id='word_1_17' title='bbox 239 419 342 459; x_wconf 72' lang='grc' dir='ltr'><strong>Εατί.</strong></span> <span class='ocrx_word' id='word_1_18' title='bbox 370 423 397 463; x_wconf 90' lang='lat'><strong>1.</strong></span> <span class='ocrx_word' id='word_1_19' title='bbox 419 423 458 465; x_wconf 89' lang='lat'><strong>5.</strong></span> <span class='ocrx_word' id='word_1_20' title='bbox 505 416 792 491; x_wconf 82' lang='grc' dir='ltr'><em>Ἐπιστρὲψ</em></span> <span class='ocrx_word' id='word_1_21' title='bbox 809 420 904 472; x_wconf 90' lang='grc' dir='ltr'><em>ων]</em></span> <span class='ocrx_word' id='word_1_22' title='bbox 950 418 1125 458; x_wconf 83' lang='lat' dir='ltr'><strong>Plenius</strong></span> <span class='ocrx_word' id='word_1_23' title='bbox 1164 418 1372 460; x_wconf 72' lang='lat' dir='ltr'><strong>Plutarch.</strong></span> <span class='ocrx_word' id='word_1_24' title='bbox 1417 417 1469 460; x_wconf 90' lang='lat' dir='ltr'><strong>de</strong></span> <span class='ocrx_word' id='word_1_25' title='bbox 1497 419 1593 463; x_wconf 86' lang='lat' dir='ltr'><strong>aud</strong></span> 
     </span>
     <span class='ocr_line' id='line_1_5' title="bbox 124 472 1597 533; baseline 0.003 -17"><span class='ocrx_word' id='word_1_26' title='bbox 124 486 240 531; x_wconf 87' lang='lat' dir='ltr'><strong>poet.</strong></span> <span class='ocrx_word' id='word_1_27' title='bbox 265 478 372 527; x_wconf 86' lang='lat' dir='ltr'><strong>VII,</strong></span> <span class='ocrx_word' id='word_1_28' title='bbox 394 483 457 522; x_wconf 82' lang='lat'><strong>12.</strong></span> <span class='ocrx_word' id='word_1_29' title='bbox 489 475 609 520; x_wconf 75' lang='grc' dir='ltr'><em>πάλιν</em></span> <span class='ocrx_word' id='word_1_30' title='bbox 633 472 675 519; x_wconf 79' lang='grc' dir='ltr'><strong>δ’</strong></span> <span class='ocrx_word' id='word_1_31' title='bbox 696 476 910 530; x_wconf 82' lang='grc' dir='ltr'><strong><em>ἐπέστρεψε</em></strong></span> <span class='ocrx_word' id='word_1_32' title='bbox 930 477 996 518; x_wconf 78' lang='grc' dir='ltr'><strong>καὶ</strong></span> <span class='ocrx_word' id='word_1_33' title='bbox 1012 477 1253 531; x_wconf 81' lang='grc' dir='ltr'><em>περιέσπασε</em></span> <span class='ocrx_word' id='word_1_34' title='bbox 1274 474 1378 533; x_wconf 84' lang='grc' dir='ltr'><em>πρὸς</em></span> <span class='ocrx_word' id='word_1_35' title='bbox 1407 474 1451 520; x_wconf 84' lang='grc' dir='ltr'><strong>τὸ</strong></span> <span class='ocrx_word' id='word_1_36' title='bbox 1471 475 1597 520; x_wconf 81' lang='grc' dir='ltr'><em>καλὸν</em></span> 
     </span>
     <span class='ocr_line' id='line_1_6' title="bbox 126 532 396 588; baseline 0.008 -17"><span class='ocrx_word' id='word_1_37' title='bbox 126 532 245 588; x_wconf 74' lang='grc' dir='ltr'><strong>ἡμᾶς.</strong></span> <span class='ocrx_word' id='word_1_38' title='bbox 275 534 396 573; x_wconf 83' lang='lat' dir='ltr'><strong>RUD.</strong></span> 
     </span>
    </p>

    <p class='ocr_par' dir='ltr' id='par_1_4' title="bbox 121 589 1606 1877">
     <span class='ocr_line' id='line_1_7' title="bbox 239 589 1597 645; baseline 0.001 -15"><span class='ocrx_word' id='word_1_39' title='bbox 239 590 343 630; x_wconf 76' lang='lat' dir='ltr'><strong>Ead.</strong></span> <span class='ocrx_word' id='word_1_40' title='bbox 363 594 390 631; x_wconf 92' lang='lat' dir='ltr'><strong>l.</strong></span> <span class='ocrx_word' id='word_1_41' title='bbox 414 596 456 636; x_wconf 89' lang='lat'><strong>8.</strong></span> <span class='ocrx_word' id='word_1_42' title='bbox 488 593 654 641; x_wconf 81' lang='grc' dir='ltr'><strong><em>Μανία,</em></strong></span> <span class='ocrx_word' id='word_1_43' title='bbox 687 591 786 645; x_wconf 71' lang='lat' dir='ltr'><strong>sul-ys</strong></span> <span class='ocrx_word' id='word_1_44' title='bbox 813 589 950 642; x_wconf 79' lang='grc' dir='ltr'><em>ἐλπις)</em></span> <span class='ocrx_word' id='word_1_45' title='bbox 990 589 1199 631; x_wconf 72' lang='lat' dir='ltr'><strong>Lucianus</strong></span> <span class='ocrx_word' id='word_1_46' title='bbox 1227 600 1455 644; x_wconf 89' lang='lat' dir='ltr'><strong>praecepta</strong></span> <span class='ocrx_word' id='word_1_47' title='bbox 1484 606 1597 631; x_wconf 79' lang='lat' dir='ltr'><strong>eon-</strong></span> 
     </span>
     <span class='ocr_line' id='line_1_8' title="bbox 125 646 1593 700; baseline -0.001 -12"><span class='ocrx_word' id='word_1_48' title='bbox 125 646 372 692; x_wconf 81' lang='lat' dir='ltr'><strong>scribendae</strong></span> <span class='ocrx_word' id='word_1_49' title='bbox 395 647 603 689; x_wconf 87' lang='lat' dir='ltr'><strong>historiae</strong></span> <span class='ocrx_word' id='word_1_50' title='bbox 625 647 883 700; x_wconf 89' lang='lat' dir='ltr'><strong>scripturus,</strong></span> <span class='ocrx_word' id='word_1_51' title='bbox 913 647 1162 700; x_wconf 89' lang='lat' dir='ltr'><strong>praevidere</strong></span> <span class='ocrx_word' id='word_1_52' title='bbox 1182 662 1226 688; x_wconf 89' lang='lat' dir='ltr'><strong>se</strong></span> <span class='ocrx_word' id='word_1_53' title='bbox 1247 647 1441 694; x_wconf 85' lang='lat' dir='ltr'><strong>dixerat,</strong></span> <span class='ocrx_word' id='word_1_54' title='bbox 1472 648 1593 699; x_wconf 84' lang='lat' dir='ltr'><strong>fore,</strong></span> 
     </span>
     <span class='ocr_line' id='line_1_9' title="bbox 127 703 1596 760; baseline 0 -16"><span class='ocrx_word' id='word_1_55' title='bbox 127 715 175 744; x_wconf 88' lang='lat' dir='ltr'><strong>ut</strong></span> <span class='ocrx_word' id='word_1_56' title='bbox 197 718 284 744; x_wconf 90' lang='lat' dir='ltr'><strong>non</strong></span> <span class='ocrx_word' id='word_1_57' title='bbox 308 719 452 745; x_wconf 86' lang='lat' dir='ltr'><strong>omnes</strong></span> <span class='ocrx_word' id='word_1_58' title='bbox 475 705 704 744; x_wconf 87' lang='lat' dir='ltr'><strong>historicos</strong></span> <span class='ocrx_word' id='word_1_59' title='bbox 730 703 848 742; x_wconf 87' lang='lat' dir='ltr'><strong>dicto</strong></span> <span class='ocrx_word' id='word_1_60' title='bbox 872 704 956 742; x_wconf 89' lang='lat' dir='ltr'><strong>sibi</strong></span> <span class='ocrx_word' id='word_1_61' title='bbox 973 703 1196 743; x_wconf 83' lang='lat' dir='ltr'><strong>audientes</strong></span> <span class='ocrx_word' id='word_1_62' title='bbox 1231 703 1449 757; x_wconf 84' lang='lat' dir='ltr'><strong>redderet3</strong></span> <span class='ocrx_word' id='word_1_63' title='bbox 1489 705 1596 760; x_wconf 89' lang='lat' dir='ltr'><strong>quin</strong></span> 
     </span>
     <span class='ocr_line' id='line_1_10' title="bbox 124 759 1597 816; baseline 0.001 -16"><span class='ocrx_word' id='word_1_64' title='bbox 124 762 242 812; x_wconf 88' lang='lat' dir='ltr'><strong>fore,</strong></span> <span class='ocrx_word' id='word_1_65' title='bbox 274 771 323 800; x_wconf 92' lang='lat' dir='ltr'><strong>ut</strong></span> <span class='ocrx_word' id='word_1_66' title='bbox 345 761 598 815; x_wconf 89' lang='lat' dir='ltr'><strong>quibusdam</strong></span> <span class='ocrx_word' id='word_1_67' title='bbox 621 763 822 800; x_wconf 91' lang='lat' dir='ltr'><strong>molestus</strong></span> <span class='ocrx_word' id='word_1_68' title='bbox 846 759 1085 810; x_wconf 88' lang='lat' dir='ltr'><strong>videretur,</strong></span> <span class='ocrx_word' id='word_1_69' title='bbox 1117 761 1345 814; x_wconf 81' lang='lat' dir='ltr'><strong>praecipue</strong></span> <span class='ocrx_word' id='word_1_70' title='bbox 1371 761 1450 812; x_wconf 89' lang='lat' dir='ltr'><strong>iis,</strong></span> <span class='ocrx_word' id='word_1_71' title='bbox 1483 775 1597 816; x_wconf 87' lang='lat' dir='ltr'><strong>quo-</strong></span> 
     </span>
     <span class='ocr_line' id='line_1_11' title="bbox 124 816 1596 886; baseline 0.001 -29"><span class='ocrx_word' id='word_1_72' title='bbox 124 833 217 858; x_wconf 86' lang='lat' dir='ltr'><strong>rum</strong></span> <span class='ocrx_word' id='word_1_73' title='bbox 236 817 447 860; x_wconf 82' lang='lat' dir='ltr'><strong>historia</strong></span> <span class='ocrx_word' id='word_1_74' title='bbox 435 833 518 886; x_wconf 76' lang='lat' dir='ltr'><strong>lam</strong></span> <span class='ocrx_word' id='word_1_75' title='bbox 538 827 648 858; x_wconf 90' lang='lat' dir='ltr'><strong>esset</strong></span> <span class='ocrx_word' id='word_1_76' title='bbox 664 816 901 884; x_wconf 84' lang='lat' dir='ltr'><strong>perscripta</strong></span> <span class='ocrx_word' id='word_1_77' title='bbox 920 826 962 857; x_wconf 93' lang='lat' dir='ltr'><strong>et</strong></span> <span class='ocrx_word' id='word_1_78' title='bbox 984 817 1214 870; x_wconf 88' lang='lat' dir='ltr'><strong>publicata.</strong></span> <span class='ocrx_word' id='word_1_79' title='bbox 1276 820 1331 859; x_wconf 84' lang='grc' dir='ltr'><strong>Εἰ</strong></span> <span class='ocrx_word' id='word_1_80' title='bbox 1351 818 1393 860; x_wconf 82' lang='grc' dir='ltr'><strong>δὲ</strong></span> <span class='ocrx_word' id='word_1_81' title='bbox 1411 819 1478 860; x_wconf 83' lang='grc' dir='ltr'><strong>καὶ</strong></span> <span class='ocrx_word' id='word_1_82' title='bbox 1501 817 1596 875; x_wconf 78' lang='grc' dir='ltr'><em>ἐπη-</em></span> 
     </span>
     <span class='ocr_line' id='line_1_12' title="bbox 123 869 1593 943; baseline -0.001 -26"><span class='ocrx_word' id='word_1_83' title='bbox 123 891 264 928; x_wconf 82' lang='grc' dir='ltr'><em>νηται,</em></span> <span class='ocrx_word' id='word_1_84' title='bbox 296 875 457 929; x_wconf 86' lang='lat' dir='ltr'><strong>pergit,</strong></span> <span class='ocrx_word' id='word_1_85' title='bbox 488 872 567 917; x_wconf 73' lang='grc' dir='ltr'><strong>ὑπὸ</strong></span> <span class='ocrx_word' id='word_1_86' title='bbox 590 879 670 916; x_wconf 77' lang='grc' dir='ltr'><em>ταῖν</em></span> <span class='ocrx_word' id='word_1_87' title='bbox 691 872 779 916; x_wconf 82' lang='grc' dir='ltr'><em>τότε</em></span> <span class='ocrx_word' id='word_1_88' title='bbox 805 869 1149 943; x_wconf 62' lang='grc' dir='ltr'><em>ἀκροασαμένων,</em></span> <span class='ocrx_word' id='word_1_89' title='bbox 1182 877 1327 927; x_wconf 86' lang='grc' dir='ltr'><em>μανία,</em></span> <span class='ocrx_word' id='word_1_90' title='bbox 1360 878 1437 930; x_wconf 75' lang='grc' dir='ltr'><em>εἶ’γε</em></span> <span class='ocrx_word' id='word_1_91' title='bbox 1461 877 1593 924; x_wconf 68' lang='grc' dir='ltr'><em>ἐλπὶς,</em></span> 
     </span>
     <span class='ocr_line' id='line_1_13' title="bbox 125 929 1599 986; baseline 0 -12"><span class='ocrx_word' id='word_1_92' title='bbox 125 949 179 981; x_wconf 86' lang='grc' dir='ltr'><strong>ως</strong></span> <span class='ocrx_word' id='word_1_93' title='bbox 194 935 237 974; x_wconf 87' lang='grc' dir='ltr'><strong>οἱ</strong></span> <span class='ocrx_word' id='word_1_94' title='bbox 248 936 426 974; x_wconf 82' lang='grc' dir='ltr'><em>τοιοῦτοι</em></span> <span class='ocrx_word' id='word_1_95' title='bbox 444 930 812 986; x_wconf 77' lang='grc' dir='ltr'><em>μεταποιήσουσιν,</em></span> <span class='ocrx_word' id='word_1_96' title='bbox 843 929 871 984; x_wconf 80' lang='grc' dir='ltr'><em>ἢ</em></span> <span class='ocrx_word' id='word_1_97' title='bbox 895 929 1196 986; x_wconf 81' lang='grc' dir='ltr'><em>μεταγραψουσί</em></span> <span class='ocrx_word' id='word_1_98' title='bbox 1223 948 1260 973; x_wconf 84' lang='grc' dir='ltr'><strong>τι</strong></span> <span class='ocrx_word' id='word_1_99' title='bbox 1288 949 1368 974; x_wconf 89' lang='grc' dir='ltr'><em>των</em></span> <span class='ocrx_word' id='word_1_100' title='bbox 1400 931 1505 982; x_wconf 69' lang='grc' dir='ltr'><em>ἅπαξ</em></span> <span class='ocrx_word' id='word_1_101' title='bbox 1528 949 1599 974; x_wconf 76' lang='grc' dir='ltr'><strong>κε-</strong></span> 
     </span>
     <span class='ocr_line' id='line_1_14' title="bbox 123 989 1600 1043; baseline 0.001 -14"><span class='ocrx_word' id='word_1_102' title='bbox 123 989 382 1043; x_wconf 80' lang='grc' dir='ltr'><em>κυρωμένων.</em></span> <span class='ocrx_word' id='word_1_103' title='bbox 441 991 586 1028; x_wconf 89' lang='lat' dir='ltr'><strong>Locus</strong></span> <span class='ocrx_word' id='word_1_104' title='bbox 606 989 791 1042; x_wconf 81' lang='lat' dir='ltr'><strong>turpiter</strong></span> <span class='ocrx_word' id='word_1_105' title='bbox 807 999 1048 1042; x_wconf 87' lang='lat' dir='ltr'><strong>corruptus.</strong></span> <span class='ocrx_word' id='word_1_106' title='bbox 1109 989 1190 1027; x_wconf 85' lang='lat' dir='ltr'><strong>Pro</strong></span> <span class='ocrx_word' id='word_1_107' title='bbox 1212 991 1355 1042; x_wconf 84' lang='grc' dir='ltr'><em>μανία,</em></span> <span class='ocrx_word' id='word_1_108' title='bbox 1389 991 1468 1042; x_wconf 80' lang='grc' dir='ltr'><em>εἴγε</em></span> <span class='ocrx_word' id='word_1_109' title='bbox 1487 990 1600 1037; x_wconf 75' lang='grc' dir='ltr'><em>ἐλπὶς</em></span> 
     </span>
     <span class='ocr_line' id='line_1_15' title="bbox 122 1044 1600 1101; baseline 0.003 -18"><span class='ocrx_word' id='word_1_110' title='bbox 122 1046 217 1085; x_wconf 90' lang='lat' dir='ltr'><strong>sine</strong></span> <span class='ocrx_word' id='word_1_111' title='bbox 237 1044 369 1084; x_wconf 87' lang='lat' dir='ltr'><strong>dubio</strong></span> <span class='ocrx_word' id='word_1_112' title='bbox 388 1045 615 1101; x_wconf 81' lang='lat' dir='ltr'><strong>legendum</strong></span> <span class='ocrx_word' id='word_1_113' title='bbox 631 1075 643 1095; x_wconf 89' lang='lat'><strong>,</strong></span> <span class='ocrx_word' id='word_1_114' title='bbox 676 1047 800 1097; x_wconf 83' lang='grc' dir='ltr'><em>μανία</em></span> <span class='ocrx_word' id='word_1_115' title='bbox 827 1047 885 1098; x_wconf 80' lang='grc' dir='ltr'><strong>εἰη</strong></span> <span class='ocrx_word' id='word_1_116' title='bbox 905 1063 949 1100; x_wconf 83' lang='grc' dir='ltr'><strong>γε</strong></span> <span class='ocrx_word' id='word_1_117' title='bbox 971 1046 1092 1094; x_wconf 76' lang='grc' dir='ltr'><em>ἐλπίς</em></span> <span class='ocrx_word' id='word_1_118' title='bbox 1153 1044 1204 1082; x_wconf 82' lang='lat' dir='ltr'><strong>Id</strong></span> <span class='ocrx_word' id='word_1_119' title='bbox 1237 1044 1367 1096; x_wconf 83' lang='lat' dir='ltr'><strong>dicit,</strong></span> <span class='ocrx_word' id='word_1_120' title='bbox 1401 1045 1480 1085; x_wconf 69' lang='lat' dir='ltr'><strong>Sed</strong></span> <span class='ocrx_word' id='word_1_121' title='bbox 1502 1057 1536 1084; x_wconf 84' lang='lat' dir='ltr'><strong>et</strong></span> <span class='ocrx_word' id='word_1_122' title='bbox 1564 1047 1600 1085; x_wconf 80' lang='lat' dir='ltr'><strong>si</strong></span> 
     </span>
     <span class='ocr_line' id='line_1_16' title="bbox 123 1079 1598 1155; baseline 0.001 -15"><span class='ocrx_word' id='word_1_123' title='bbox 123 1101 199 1142; x_wconf 76' lang='lat' dir='ltr'><strong>illa</strong></span> <span class='ocrx_word' id='word_1_124' title='bbox 229 1079 474 1153; x_wconf 84' lang='lat' dir='ltr'><strong>(historia</strong></span> <span class='ocrx_word' id='word_1_125' title='bbox 462 1118 545 1155; x_wconf 74' lang='lat' dir='ltr'><strong>jam</strong></span> <span class='ocrx_word' id='word_1_126' title='bbox 566 1102 616 1141; x_wconf 90' lang='lat' dir='ltr'><strong>ab</strong></span> <span class='ocrx_word' id='word_1_127' title='bbox 636 1103 731 1141; x_wconf 87' lang='lat' dir='ltr'><strong>aliis</strong></span> <span class='ocrx_word' id='word_1_128' title='bbox 756 1103 988 1154; x_wconf 87' lang='lat' dir='ltr'><strong>perscripta</strong></span> <span class='ocrx_word' id='word_1_129' title='bbox 1012 1112 1054 1142; x_wconf 87' lang='lat' dir='ltr'><strong>et</strong></span> <span class='ocrx_word' id='word_1_130' title='bbox 1071 1101 1320 1155; x_wconf 89' lang='lat' dir='ltr'><strong>publicata)</strong></span> <span class='ocrx_word' id='word_1_131' title='bbox 1351 1102 1520 1142; x_wconf 76' lang='lat' dir='ltr'><strong>laudata</strong></span> <span class='ocrx_word' id='word_1_132' title='bbox 1547 1104 1598 1141; x_wconf 80' lang='lat' dir='ltr'><strong>sit</strong></span> 
     </span>
     <span class='ocr_line' id='line_1_17' title="bbox 121 1159 1601 1225; baseline 0 -28"><span class='ocrx_word' id='word_1_133' title='bbox 121 1159 207 1197; x_wconf 79' lang='lat' dir='ltr'><strong>ab</strong></span> <span class='ocrx_word' id='word_1_134' title='bbox 192 1161 266 1209; x_wconf 78' lang='lat' dir='ltr'><strong>zis,</strong></span> <span class='ocrx_word' id='word_1_135' title='bbox 299 1161 367 1212; x_wconf 81' lang='lat' dir='ltr'><strong>qui</strong></span> <span class='ocrx_word' id='word_1_136' title='bbox 384 1159 572 1214; x_wconf 77' lang='lat' dir='ltr'><strong>tumsuer</strong></span> <span class='ocrx_word' id='word_1_137' title='bbox 575 1170 641 1200; x_wconf 81' lang='lat' dir='ltr'><strong>unt</strong></span> <span class='ocrx_word' id='word_1_138' title='bbox 663 1159 880 1225; x_wconf 75' lang='lat' dir='ltr'><strong>auditores,</strong></span> <span class='ocrx_word' id='word_1_139' title='bbox 922 1161 1082 1199; x_wconf 81' lang='lat' dir='ltr'><strong>insama</strong></span> <span class='ocrx_word' id='word_1_140' title='bbox 1108 1160 1181 1206; x_wconf 83' lang='lat' dir='ltr'><strong>sit,</strong></span> <span class='ocrx_word' id='word_1_141' title='bbox 1209 1174 1365 1212; x_wconf 84' lang='lat' dir='ltr'><strong>sperare</strong></span> <span class='ocrx_word' id='word_1_142' title='bbox 1394 1159 1493 1199; x_wconf 78' lang='lat' dir='ltr'><strong>tales</strong></span> <span class='ocrx_word' id='word_1_143' title='bbox 1518 1159 1601 1198; x_wconf 81' lang='grc' dir='ltr'><strong>Ῐιο-</strong></span> 
     </span>
     <span class='ocr_line' id='line_1_18' title="bbox 121 1213 1604 1271; baseline 0.001 -18"><span class='ocrx_word' id='word_1_144' title='bbox 121 1217 245 1254; x_wconf 82' lang='lat' dir='ltr'><strong>mines</strong></span> <span class='ocrx_word' id='word_1_145' title='bbox 265 1225 484 1256; x_wconf 76' lang='lat' dir='ltr'><strong>mutaturos</strong></span> <span class='ocrx_word' id='word_1_146' title='bbox 507 1227 541 1254; x_wconf 81' lang='lat' dir='ltr'><strong>et</strong></span> <span class='ocrx_word' id='word_1_147' title='bbox 572 1216 688 1255; x_wconf 78' lang='lat' dir='ltr'><strong>aliter</strong></span> <span class='ocrx_word' id='word_1_148' title='bbox 711 1217 924 1268; x_wconf 77' lang='lat' dir='ltr'><strong>scripturos</strong></span> <span class='ocrx_word' id='word_1_149' title='bbox 949 1215 1153 1271; x_wconf 79' lang='lat' dir='ltr'><strong>quidpiam</strong></span> <span class='ocrx_word' id='word_1_150' title='bbox 1174 1231 1326 1265; x_wconf 83' lang='lat' dir='ltr'><strong>eorum,</strong></span> <span class='ocrx_word' id='word_1_151' title='bbox 1358 1232 1458 1270; x_wconf 84' lang='lat' dir='ltr'><strong>quae</strong></span> <span class='ocrx_word' id='word_1_152' title='bbox 1485 1213 1604 1255; x_wconf 76' lang='lat' dir='ltr'><strong>semel</strong></span> 
     </span>
     <span class='ocr_line' id='line_1_19' title="bbox 123 1271 1598 1325; baseline 0 -15"><span class='ocrx_word' id='word_1_153' title='bbox 123 1282 275 1325; x_wconf 78' lang='lat' dir='ltr'><strong>recepta</strong></span> <span class='ocrx_word' id='word_1_154' title='bbox 293 1283 395 1312; x_wconf 77' lang='lat' dir='ltr'><strong>sunt.</strong></span> <span class='ocrx_word' id='word_1_155' title='bbox 456 1271 638 1314; x_wconf 88' lang='lat' dir='ltr'><strong>Videtur</strong></span> <span class='ocrx_word' id='word_1_156' title='bbox 658 1272 761 1311; x_wconf 87' lang='lat' dir='ltr'><strong>huic</strong></span> <span class='ocrx_word' id='word_1_157' title='bbox 779 1273 910 1312; x_wconf 85' lang='lat' dir='ltr'><strong>ulceri</strong></span> <span class='ocrx_word' id='word_1_158' title='bbox 929 1288 1023 1312; x_wconf 87' lang='lat' dir='ltr'><strong>cum</strong></span> <span class='ocrx_word' id='word_1_159' title='bbox 1045 1273 1404 1325; x_wconf 85' lang='lat' dir='ltr'><strong>interpretatione</strong></span> <span class='ocrx_word' id='word_1_160' title='bbox 1428 1287 1598 1311; x_wconf 87' lang='lat' dir='ltr'><strong>succur-</strong></span> 
     </span>
     <span class='ocr_line' id='line_1_20' title="bbox 122 1327 1602 1381; baseline 0 -15"><span class='ocrx_word' id='word_1_161' title='bbox 122 1329 228 1367; x_wconf 88' lang='lat' dir='ltr'><strong>risse</strong></span> <span class='ocrx_word' id='word_1_162' title='bbox 252 1327 381 1367; x_wconf 81' lang='lat' dir='ltr'><strong>etiam</strong></span> <span class='ocrx_word' id='word_1_163' title='bbox 402 1329 623 1381; x_wconf 86' lang='lat' dir='ltr'><strong>interpres.</strong></span> <span class='ocrx_word' id='word_1_164' title='bbox 654 1330 777 1372; x_wconf 70' lang='lat' dir='ltr'><strong>JENS.</strong></span> <span class='ocrx_word' id='word_1_165' title='bbox 839 1329 939 1370; x_wconf 87' lang='lat' dir='ltr'><strong>Vid.</strong></span> <span class='ocrx_word' id='word_1_166' title='bbox 961 1330 1147 1370; x_wconf 75' lang='lat' dir='ltr'><strong>Jensium.</strong></span> <span class='ocrx_word' id='word_1_167' title='bbox 1207 1329 1385 1368; x_wconf 86' lang='lat' dir='ltr'><strong>Liturae</strong></span> <span class='ocrx_word' id='word_1_168' title='bbox 1405 1328 1476 1369; x_wconf 86' lang='lat' dir='ltr'><strong>hic</strong></span> <span class='ocrx_word' id='word_1_169' title='bbox 1499 1337 1602 1367; x_wconf 89' lang='lat' dir='ltr'><strong>sunt</strong></span> 
     </span>
     <span class='ocr_line' id='line_1_21' title="bbox 124 1385 1596 1454; baseline -0.001 -31"><span class='ocrx_word' id='word_1_170' title='bbox 124 1385 171 1423; x_wconf 90' lang='lat' dir='ltr'><strong>in</strong></span> <span class='ocrx_word' id='word_1_171' title='bbox 209 1385 282 1427; x_wconf 88' lang='lat' dir='ltr'><strong>W.</strong></span> <span class='ocrx_word' id='word_1_172' title='bbox 316 1394 358 1424; x_wconf 90' lang='lat' dir='ltr'><strong>et</strong></span> <span class='ocrx_word' id='word_1_173' title='bbox 388 1389 561 1440; x_wconf 86' lang='lat' dir='ltr'><strong>vulgata</strong></span> <span class='ocrx_word' id='word_1_174' title='bbox 599 1387 800 1454; x_wconf 87' lang='lat' dir='ltr'><strong>reposita.</strong></span> <span class='ocrx_word' id='word_1_175' title='bbox 859 1386 959 1427; x_wconf 88' lang='lat' dir='ltr'><strong>Vid.</strong></span> <span class='ocrx_word' id='word_1_176' title='bbox 997 1387 1137 1424; x_wconf 86' lang='lat' dir='ltr'><strong>Paras.</strong></span> <span class='ocrx_word' id='word_1_177' title='bbox 1172 1389 1212 1428; x_wconf 89' lang='lat'><strong>7.</strong></span> <span class='ocrx_word' id='word_1_178' title='bbox 1260 1387 1427 1428; x_wconf 81' lang='lat' dir='ltr'><strong>SOLAN.</strong></span> <span class='ocrx_word' id='word_1_179' title='bbox 1488 1386 1596 1424; x_wconf 89' lang='lat' dir='ltr'><strong>Mss.</strong></span> 
     </span>
     <span class='ocr_line' id='line_1_22' title="bbox 123 1441 1603 1498; baseline 0.001 -19"><span class='ocrx_word' id='word_1_180' title='bbox 123 1441 260 1496; x_wconf 83' lang='lat' dir='ltr'><strong>Regg,</strong></span> <span class='ocrx_word' id='word_1_181' title='bbox 282 1444 408 1486; x_wconf 85' lang='grc'><strong>2954.</strong></span> <span class='ocrx_word' id='word_1_182' title='bbox 432 1452 474 1483; x_wconf 87' lang='lat' dir='ltr'><strong>et</strong></span> <span class='ocrx_word' id='word_1_183' title='bbox 490 1446 617 1487; x_wconf 85' lang='grc'><strong>2956.</strong></span> <span class='ocrx_word' id='word_1_184' title='bbox 647 1441 722 1498; x_wconf 74' lang='grc' dir='ltr'><strong>ἥγε</strong></span> <span class='ocrx_word' id='word_1_185' title='bbox 745 1444 877 1493; x_wconf 75' lang='grc' dir='ltr'><em>ἑλπις,</em></span> <span class='ocrx_word' id='word_1_186' title='bbox 909 1453 957 1482; x_wconf 90' lang='lat' dir='ltr'><strong>ut</strong></span> <span class='ocrx_word' id='word_1_187' title='bbox 978 1442 1048 1482; x_wconf 86' lang='lat' dir='ltr'><strong>edi</strong></span> <span class='ocrx_word' id='word_1_188' title='bbox 1070 1442 1327 1483; x_wconf 86' lang='lat' dir='ltr'><strong>curavimus.</strong></span> <span class='ocrx_word' id='word_1_189' title='bbox 1359 1443 1458 1483; x_wconf 73' lang='lat' dir='ltr'><strong>Brr.</strong></span> <span class='ocrx_word' id='word_1_190' title='bbox 1520 1442 1603 1481; x_wconf 84' lang='lat' dir='ltr'><strong>Ve-</strong></span> 
     </span>
     <span class='ocr_line' id='line_1_23' title="bbox 123 1497 1604 1553; baseline 0 -17"><span class='ocrx_word' id='word_1_191' title='bbox 123 1511 211 1537; x_wconf 85' lang='lat' dir='ltr'><strong>ram</strong></span> <span class='ocrx_word' id='word_1_192' title='bbox 237 1497 347 1538; x_wconf 83' lang='lat' dir='ltr'><strong>hanc</strong></span> <span class='ocrx_word' id='word_1_193' title='bbox 371 1499 739 1550; x_wconf 85' lang='lat' dir='ltr'><strong>emendationem,</strong></span> <span class='ocrx_word' id='word_1_194' title='bbox 775 1514 899 1553; x_wconf 88' lang='lat' dir='ltr'><strong>quam</strong></span> <span class='ocrx_word' id='word_1_195' title='bbox 927 1508 1089 1540; x_wconf 89' lang='lat' dir='ltr'><strong>veteres</strong></span> <span class='ocrx_word' id='word_1_196' title='bbox 1112 1500 1196 1550; x_wconf 89' lang='lat' dir='ltr'><strong>jam</strong></span> <span class='ocrx_word' id='word_1_197' title='bbox 1224 1499 1479 1552; x_wconf 85' lang='lat' dir='ltr'><strong>interpretes</strong></span> <span class='ocrx_word' id='word_1_198' title='bbox 1501 1513 1604 1538; x_wconf 84' lang='lat' dir='ltr'><strong>sen-</strong></span> 
     </span>
     <span class='ocr_line' id='line_1_24' title="bbox 124 1554 1603 1620; baseline -0.001 -27"><span class='ocrx_word' id='word_1_199' title='bbox 124 1564 291 1605; x_wconf 83' lang='lat' dir='ltr'><strong>serant,</strong></span> <span class='ocrx_word' id='word_1_200' title='bbox 323 1557 450 1600; x_wconf 82' lang='lat' dir='ltr'><strong>etiam</strong></span> <span class='ocrx_word' id='word_1_201' title='bbox 475 1556 750 1596; x_wconf 71' lang='lat' dir='ltr'><strong>Schmiedems</strong></span> <span class='ocrx_word' id='word_1_202' title='bbox 768 1556 943 1609; x_wconf 87' lang='lat' dir='ltr'><strong>recepit.</strong></span> <span class='ocrx_word' id='word_1_203' title='bbox 1002 1557 1075 1595; x_wconf 89' lang='lat' dir='ltr'><strong>De</strong></span> <span class='ocrx_word' id='word_1_204' title='bbox 1095 1555 1372 1620; x_wconf 75' lang='lat' dir='ltr'><strong>sequentibus</strong></span> <span class='ocrx_word' id='word_1_205' title='bbox 1395 1555 1501 1595; x_wconf 84' lang='lat' dir='ltr'><strong>haec</strong></span> <span class='ocrx_word' id='word_1_206' title='bbox 1523 1554 1603 1593; x_wconf 90' lang='lat' dir='ltr'><strong>ad-</strong></span> 
     </span>
     <span class='ocr_line' id='line_1_25' title="bbox 123 1611 1603 1667; baseline 0.001 -17"><span class='ocrx_word' id='word_1_207' title='bbox 123 1611 296 1655; x_wconf 83' lang='lat' dir='ltr'><strong>notavit</strong></span> <span class='ocrx_word' id='word_1_208' title='bbox 315 1612 578 1667; x_wconf 81' lang='lat' dir='ltr'><strong>Ruclolplzus:</strong></span> <span class='ocrx_word' id='word_1_209' title='bbox 617 1618 905 1662; x_wconf 80' lang='grc' dir='ltr'><em>,,Μεταποιεῑν</em></span> <span class='ocrx_word' id='word_1_210' title='bbox 934 1611 1106 1653; x_wconf 84' lang='lat' dir='ltr'><strong>videtur</strong></span> <span class='ocrx_word' id='word_1_211' title='bbox 1134 1611 1186 1650; x_wconf 85' lang='lat' dir='ltr'><strong>ad</strong></span> <span class='ocrx_word' id='word_1_212' title='bbox 1219 1613 1437 1652; x_wconf 84' lang='lat' dir='ltr'><strong>materiam</strong></span> <span class='ocrx_word' id='word_1_213' title='bbox 1467 1621 1509 1651; x_wconf 88' lang='lat' dir='ltr'><strong>et</strong></span> <span class='ocrx_word' id='word_1_214' title='bbox 1537 1625 1603 1651; x_wconf 86' lang='lat' dir='ltr'><strong>res</strong></span> 
     </span>
     <span class='ocr_line' id='line_1_26' title="bbox 124 1667 1603 1733; baseline 0.001 -27"><span class='ocrx_word' id='word_1_215' title='bbox 124 1668 364 1721; x_wconf 86' lang='lat' dir='ltr'><strong>pertinere,</strong></span> <span class='ocrx_word' id='word_1_216' title='bbox 398 1687 630 1724; x_wconf 75' lang='grc' dir='ltr'><em>μεταγραφε</em></span> <span class='ocrx_word' id='word_1_217' title='bbox 615 1688 672 1712; x_wconf 74' lang='grc' dir='ltr'><em>ιν</em></span> <span class='ocrx_word' id='word_1_218' title='bbox 694 1670 747 1709; x_wconf 87' lang='lat' dir='ltr'><strong>ad</strong></span> <span class='ocrx_word' id='word_1_219' title='bbox 767 1669 1114 1723; x_wconf 82' lang='lat' dir='ltr'><strong>expositionem,</strong></span> <span class='ocrx_word' id='word_1_220' title='bbox 1153 1668 1240 1707; x_wconf 91' lang='lat' dir='ltr'><strong>nisi</strong></span> <span class='ocrx_word' id='word_1_221' title='bbox 1269 1669 1383 1709; x_wconf 87' lang='lat' dir='ltr'><strong>forte</strong></span> <span class='ocrx_word' id='word_1_222' title='bbox 1415 1671 1511 1733; x_wconf 84' lang='lat' dir='ltr'><strong>plus</strong></span> <span class='ocrx_word' id='word_1_223' title='bbox 1540 1667 1603 1708; x_wconf 86' lang='lat' dir='ltr'><strong>vi·-</strong></span> 
     </span>
     <span class='ocr_line' id='line_1_27' title="bbox 127 1724 1606 1792; baseline 0 -29"><span class='ocrx_word' id='word_1_224' title='bbox 127 1724 207 1764; x_wconf 88' lang='lat' dir='ltr'><strong>deo</strong></span> <span class='ocrx_word' id='word_1_225' title='bbox 231 1739 354 1792; x_wconf 86' lang='lat' dir='ltr'><strong>quam</strong></span> <span class='ocrx_word' id='word_1_226' title='bbox 379 1726 509 1765; x_wconf 88' lang='lat' dir='ltr'><strong>adest.</strong></span> <span class='ocrx_word' id='word_1_227' title='bbox 517 1730 545 1750; x_wconf 87' lang='lat'><strong><em>“</em></strong></span> <span class='ocrx_word' id='word_1_228' title='bbox 602 1727 804 1779; x_wconf 85' lang='lat' dir='ltr'><strong>Aliquam</strong></span> <span class='ocrx_word' id='word_1_229' title='bbox 827 1729 973 1765; x_wconf 88' lang='lat' dir='ltr'><strong>saltem</strong></span> <span class='ocrx_word' id='word_1_230' title='bbox 999 1725 1282 1765; x_wconf 80' lang='lat' dir='ltr'><strong>differentiam</strong></span> <span class='ocrx_word' id='word_1_231' title='bbox 1307 1726 1453 1763; x_wconf 88' lang='lat' dir='ltr'><strong>innuit</strong></span> <span class='ocrx_word' id='word_1_232' title='bbox 1474 1724 1606 1778; x_wconf 87' lang='lat' dir='ltr'><strong>parti-</strong></span> 
     </span>
     <span class='ocr_line' id='line_1_28' title="bbox 129 1778 1607 1836; baseline 0 -16"><span class='ocrx_word' id='word_1_233' title='bbox 129 1778 266 1821; x_wconf 86' lang='lat' dir='ltr'><strong>cula</strong></span> <span class='ocrx_word' id='word_1_234' title='bbox 246 1778 288 1833; x_wconf 76' lang='grc' dir='ltr'><strong>η’.</strong></span> <span class='ocrx_word' id='word_1_235' title='bbox 348 1782 502 1836; x_wconf 84' lang='lat' dir='ltr'><strong>Neque</strong></span> <span class='ocrx_word' id='word_1_236' title='bbox 526 1782 633 1823; x_wconf 85' lang='lat' dir='ltr'><strong>adeo</strong></span> <span class='ocrx_word' id='word_1_237' title='bbox 656 1782 866 1836; x_wconf 75' lang='lat' dir='ltr'><strong>Rudolplz&#39;i</strong></span> <span class='ocrx_word' id='word_1_238' title='bbox 883 1782 1166 1822; x_wconf 87' lang='lat' dir='ltr'><strong>subtilitatem</strong></span> <span class='ocrx_word' id='word_1_239' title='bbox 1196 1781 1504 1835; x_wconf 83' lang='lat' dir='ltr'><strong>reprehendere</strong></span> <span class='ocrx_word' id='word_1_240' title='bbox 1532 1796 1607 1820; x_wconf 92' lang='lat' dir='ltr'><strong>au-</strong></span> 
     </span>
     <span class='ocr_line' id='line_1_29' title="bbox 130 1837 414 1880; baseline 0.004 -4"><span class='ocrx_word' id='word_1_241' title='bbox 130 1837 414 1880; x_wconf 77' lang='lat' dir='ltr'><strong>sim.L1-:11M.</strong></span> 
     </span>
    </p>

    <p class='ocr_par' dir='ltr' id='par_1_5' title="bbox 130 1893 1610 2290">
     <span class='ocr_line' id='line_1_30' title="bbox 242 1893 1607 1952; baseline -0.006 -11"><span class='ocrx_word' id='word_1_242' title='bbox 242 1894 345 1934; x_wconf 70' lang='lat' dir='ltr'><strong>Ead-</strong></span> <span class='ocrx_word' id='word_1_243' title='bbox 372 1898 399 1937; x_wconf 91' lang='lat' dir='ltr'><strong>l</strong></span> <span class='ocrx_word' id='word_1_244' title='bbox 434 1900 499 1940; x_wconf 90' lang='grc'><strong>10</strong></span> <span class='ocrx_word' id='word_1_245' title='bbox 548 1895 647 1946; x_wconf 71' lang='grc' dir='ltr'><strong>Τάς</strong></span> <span class='ocrx_word' id='word_1_246' title='bbox 684 1899 993 1952; x_wconf 81' lang='grc' dir='ltr'><em>βασιλείους</em></span> <span class='ocrx_word' id='word_1_247' title='bbox 1032 1893 1214 1944; x_wconf 83' lang='grc' dir='ltr'><em>αὐλας]</em></span> <span class='ocrx_word' id='word_1_248' title='bbox 1257 1895 1376 1935; x_wconf 88' lang='lat' dir='ltr'><strong>Solet</strong></span> <span class='ocrx_word' id='word_1_249' title='bbox 1402 1895 1607 1934; x_wconf 81' lang='lat' dir='ltr'><strong>Lucicmus</strong></span> 
     </span>
     <span class='ocr_line' id='line_1_31' title="bbox 130 1949 1607 2010; baseline -0.003 -17"><span class='ocrx_word' id='word_1_250' title='bbox 130 1949 185 2001; x_wconf 78' lang='grc' dir='ltr'><strong>ὥς</strong></span> <span class='ocrx_word' id='word_1_251' title='bbox 204 1951 246 1994; x_wconf 82' lang='grc' dir='ltr'><em>ἐν</em></span> <span class='ocrx_word' id='word_1_252' title='bbox 267 1950 433 2010; x_wconf 79' lang='grc' dir='ltr'><em>παρόδῳ</em></span> <span class='ocrx_word' id='word_1_253' title='bbox 454 1953 560 1993; x_wconf 78' lang='lat' dir='ltr'><strong>alios</strong></span> <span class='ocrx_word' id='word_1_254' title='bbox 581 1955 707 1994; x_wconf 88' lang='lat' dir='ltr'><strong>etiam</strong></span> <span class='ocrx_word' id='word_1_255' title='bbox 733 1963 930 2008; x_wconf 79' lang='lat' dir='ltr'><strong>tangere,</strong></span> <span class='ocrx_word' id='word_1_256' title='bbox 963 1956 1083 1992; x_wconf 88' lang='lat' dir='ltr'><strong>velut</strong></span> <span class='ocrx_word' id='word_1_257' title='bbox 1112 1952 1186 1991; x_wconf 81' lang='lat' dir='ltr'><strong>hio</strong></span> <span class='ocrx_word' id='word_1_258' title='bbox 1212 1967 1390 2005; x_wconf 86' lang='lat' dir='ltr'><strong>pravum</strong></span> <span class='ocrx_word' id='word_1_259' title='bbox 1427 1952 1607 1990; x_wconf 73' lang='lat' dir='ltr'><strong>istoium</strong></span> 
     </span>
     <span class='ocr_line' id='line_1_32' title="bbox 130 2007 1609 2064; baseline -0.001 -18"><span class='ocrx_word' id='word_1_260' title='bbox 130 2007 356 2048; x_wconf 81' lang='lat' dir='ltr'><strong>hominum</strong></span> <span class='ocrx_word' id='word_1_261' title='bbox 377 2024 573 2060; x_wconf 88' lang='lat' dir='ltr'><strong>sensum,</strong></span> <span class='ocrx_word' id='word_1_262' title='bbox 609 2025 694 2064; x_wconf 92' lang='lat' dir='ltr'><strong>quo</strong></span> <span class='ocrx_word' id='word_1_263' title='bbox 717 2020 905 2063; x_wconf 46' lang='lat' dir='ltr'><strong>pertinet</strong></span> <span class='ocrx_word' id='word_1_264' title='bbox 938 2009 1140 2051; x_wconf 72' lang='lat' dir='ltr'><strong>TVieZancli</strong></span> <span class='ocrx_word' id='word_1_265' title='bbox 1157 2011 1307 2049; x_wconf 89' lang='lat' dir='ltr'><strong>notula</strong></span> <span class='ocrx_word' id='word_1_266' title='bbox 1332 2008 1609 2062; x_wconf 72' lang='lat' dir='ltr'><strong>elegantissi-</strong></span> 
     </span>
     <span class='ocr_line' id='line_1_33' title="bbox 130 2063 1608 2121; baseline 0.001 -19"><span class='ocrx_word' id='word_1_267' title='bbox 130 2079 222 2111; x_wconf 91' lang='lat' dir='ltr'><strong>ma,</strong></span> <span class='ocrx_word' id='word_1_268' title='bbox 256 2063 308 2104; x_wconf 88' lang='lat' dir='ltr'><strong>de</strong></span> <span class='ocrx_word' id='word_1_269' title='bbox 339 2066 592 2107; x_wconf 87' lang='lat' dir='ltr'><strong>Aristobulo</strong></span> <span class='ocrx_word' id='word_1_270' title='bbox 623 2083 713 2121; x_wconf 86' lang='lat' dir='ltr'><strong>cap.</strong></span> <span class='ocrx_word' id='word_1_271' title='bbox 739 2073 805 2110; x_wconf 87' lang='grc'><strong>12.</strong></span> <span class='ocrx_word' id='word_1_272' title='bbox 838 2082 880 2119; x_wconf 90' lang='lat' dir='ltr'><strong>p.</strong></span> <span class='ocrx_word' id='word_1_273' title='bbox 901 2072 968 2110; x_wconf 82' lang='grc'><strong>92.</strong></span> <span class='ocrx_word' id='word_1_274' title='bbox 991 2065 1226 2106; x_wconf 86' lang='lat' dir='ltr'><strong>versionis.</strong></span> <span class='ocrx_word' id='word_1_275' title='bbox 1243 2066 1371 2104; x_wconf 82' lang='lat' dir='ltr'><strong>Dass</strong></span> <span class='ocrx_word' id='word_1_276' title='bbox 1407 2082 1446 2104; x_wconf 81' lang='lat' dir='ltr'><strong>er</strong></span> <span class='ocrx_word' id='word_1_277' title='bbox 1463 2064 1546 2103; x_wconf 78' lang='lat' dir='ltr'><strong>sich.</strong></span> <span class='ocrx_word' id='word_1_278' title='bbox 1564 2079 1608 2103; x_wconf 82' lang='lat' dir='ltr'><strong>so</strong></span> 
     </span>
     <span class='ocr_line' id='line_1_34' title="bbox 131 2119 1610 2176; baseline -0.001 -17"><span class='ocrx_word' id='word_1_279' title='bbox 131 2120 222 2160; x_wconf 57' lang='lat' dir='ltr'><strong>abel</strong></span> <span class='ocrx_word' id='word_1_280' title='bbox 244 2121 394 2175; x_wconf 67' lang='lat' dir='ltr'><strong>hemon,</strong></span> <span class='ocrx_word' id='word_1_281' title='bbox 426 2139 510 2163; x_wconf 75' lang='lat' dir='ltr'><strong>war</strong></span> <span class='ocrx_word' id='word_1_282' title='bbox 528 2124 635 2164; x_wconf 71' lang='lat' dir='ltr'><strong>nicht</strong></span> <span class='ocrx_word' id='word_1_283' title='bbox 663 2124 781 2164; x_wconf 88' lang='lat' dir='ltr'><strong>seine</strong></span> <span class='ocrx_word' id='word_1_284' title='bbox 809 2124 978 2164; x_wconf 75' lang='lat' dir='ltr'><strong>Sclzulcl.</strong></span> <span class='ocrx_word' id='word_1_285' title='bbox 1037 2123 1190 2176; x_wconf 86' lang='lat' dir='ltr'><strong>Plagas</strong></span> <span class='ocrx_word' id='word_1_286' title='bbox 1228 2131 1370 2161; x_wconf 85' lang='lat' dir='ltr'><strong>autem</strong></span> <span class='ocrx_word' id='word_1_287' title='bbox 1397 2119 1610 2173; x_wconf 83' lang='lat' dir='ltr'><strong>ejusmodi</strong></span> 
     </span>
     <span class='ocr_line' id='line_1_35' title="bbox 130 2177 1610 2244; baseline 0.001 -29"><span class='ocrx_word' id='word_1_288' title='bbox 130 2191 182 2216; x_wconf 90' lang='lat' dir='ltr'><strong>eo</strong></span> <span class='ocrx_word' id='word_1_289' title='bbox 208 2178 422 2244; x_wconf 72' lang='lat' dir='ltr'><strong>graviores</strong></span> <span class='ocrx_word' id='word_1_290' title='bbox 444 2194 557 2229; x_wconf 87' lang='lat' dir='ltr'><strong>esse,</strong></span> <span class='ocrx_word' id='word_1_291' title='bbox 593 2195 678 2235; x_wconf 92' lang='lat' dir='ltr'><strong>quo</strong></span> <span class='ocrx_word' id='word_1_292' title='bbox 706 2181 885 2220; x_wconf 85' lang='lat' dir='ltr'><strong>celerius</strong></span> <span class='ocrx_word' id='word_1_293' title='bbox 908 2180 1188 2235; x_wconf 81' lang='lat' dir='ltr'><strong>infligantur,</strong></span> <span class='ocrx_word' id='word_1_294' title='bbox 1222 2178 1265 2217; x_wconf 86' lang='lat' dir='ltr'><strong>id</strong></span> <span class='ocrx_word' id='word_1_295' title='bbox 1287 2177 1498 2217; x_wconf 90' lang='lat' dir='ltr'><strong>neminem</strong></span> <span class='ocrx_word' id='word_1_296' title='bbox 1520 2191 1610 2216; x_wconf 86' lang='lat' dir='ltr'><strong>esse</strong></span> 
     </span>
     <span class='ocr_line' id='line_1_36' title="bbox 135 2233 996 2290; baseline 0.006 -18"><span class='ocrx_word' id='word_1_297' title='bbox 135 2233 319 2273; x_wconf 87' lang='lat' dir='ltr'><strong>arbitror</strong></span> <span class='ocrx_word' id='word_1_298' title='bbox 343 2236 416 2289; x_wconf 89' lang='lat' dir='ltr'><strong>qui</strong></span> <span class='ocrx_word' id='word_1_299' title='bbox 444 2250 597 2290; x_wconf 80' lang='lat' dir='ltr'><strong>negare</strong></span> <span class='ocrx_word' id='word_1_300' title='bbox 618 2236 841 2276; x_wconf 87' lang='lat' dir='ltr'><strong>sustineat.</strong></span> <span class='ocrx_word' id='word_1_301' title='bbox 873 2239 996 2277; x_wconf 74' lang='lat' dir='ltr'><strong>Run-</strong></span> 
     </span>
    </p>

    <p class='ocr_par' dir='ltr' id='par_1_6' title="bbox 134 2290 1611 2681">
     <span class='ocr_line' id='line_1_37' title="bbox 249 2290 1607 2348; baseline -0.005 -13"><span class='ocrx_word' id='word_1_302' title='bbox 249 2291 350 2343; x_wconf 75' lang='lat' dir='ltr'><strong>Pag</strong></span> <span class='ocrx_word' id='word_1_303' title='bbox 373 2297 467 2335; x_wconf 88' lang='lat'><strong>171</strong></span> <span class='ocrx_word' id='word_1_304' title='bbox 492 2296 578 2336; x_wconf 92' lang='grc'><strong>1-1.</strong></span> <span class='ocrx_word' id='word_1_305' title='bbox 607 2290 1095 2348; x_wconf 76' lang='grc' dir='ltr'><em>Απᾶντωνῆδηκεχειρ.)</em></span> <span class='ocrx_word' id='word_1_306' title='bbox 1128 2292 1227 2334; x_wconf 87' lang='lat' dir='ltr'><strong>Vid.</strong></span> <span class='ocrx_word' id='word_1_307' title='bbox 1253 2290 1607 2339; x_wconf 77' lang='lat' dir='ltr'><strong>Demosil1.Ol.I‚</strong></span> 
     </span>
     <span class='ocr_line' id='line_1_38' title="bbox 134 2347 1607 2404; baseline -0.001 -14"><span class='ocrx_word' id='word_1_308' title='bbox 134 2352 203 2392; x_wconf 79' lang='lat'><strong>62-</strong></span> <span class='ocrx_word' id='word_1_309' title='bbox 227 2347 276 2386; x_wconf 88' lang='lat' dir='ltr'><strong>C·</strong></span> <span class='ocrx_word' id='word_1_310' title='bbox 300 2348 459 2400; x_wconf 85' lang='lat' dir='ltr'><strong>Philip.</strong></span> <span class='ocrx_word' id='word_1_311' title='bbox 482 2350 573 2398; x_wconf 83' lang='grc' dir='ltr'><strong>ΠΙ,</strong></span> <span class='ocrx_word' id='word_1_312' title='bbox 597 2355 688 2394; x_wconf 89' lang='lat'><strong>177.</strong></span> <span class='ocrx_word' id='word_1_313' title='bbox 724 2351 772 2390; x_wconf 88' lang='grc' dir='ltr'><strong>Β.</strong></span> <span class='ocrx_word' id='word_1_314' title='bbox 805 2352 949 2391; x_wconf 78' lang='lat' dir='ltr'><strong>N·0s1er</strong></span> <span class='ocrx_word' id='word_1_315' title='bbox 967 2366 1000 2390; x_wconf 87' lang='lat' dir='ltr'><strong>c.</strong></span> <span class='ocrx_word' id='word_1_316' title='bbox 1022 2357 1060 2394; x_wconf 88' lang='grc'><strong>2.</strong></span> <span class='ocrx_word' id='word_1_317' title='bbox 1095 2366 1186 2392; x_wconf 82' lang='grc' dir='ltr'><em>συνε</em></span> <span class='ocrx_word' id='word_1_318' title='bbox 1173 2356 1269 2404; x_wconf 75' lang='grc' dir='ltr'><em>χεῖς</em></span> <span class='ocrx_word' id='word_1_319' title='bbox 1301 2351 1425 2390; x_wconf 76' lang='grc' dir='ltr'><em>νῖκαι.</em></span> <span class='ocrx_word' id='word_1_320' title='bbox 1485 2347 1607 2385; x_wconf 74' lang='lat' dir='ltr'><strong>Bello</strong></span> 
     </span>
     <span class='ocr_line' id='line_1_39' title="bbox 137 2403 1606 2460; baseline -0.001 -18"><span class='ocrx_word' id='word_1_321' title='bbox 137 2403 367 2457; x_wconf 84' lang='lat' dir='ltr'><strong>profligato</strong></span> <span class='ocrx_word' id='word_1_322' title='bbox 391 2404 561 2445; x_wconf 88' lang='lat' dir='ltr'><strong>videtur</strong></span> <span class='ocrx_word' id='word_1_323' title='bbox 580 2406 665 2446; x_wconf 90' lang='lat' dir='ltr'><strong>hoc</strong></span> <span class='ocrx_word' id='word_1_324' title='bbox 689 2406 910 2459; x_wconf 89' lang='lat' dir='ltr'><strong>scriptum,</strong></span> <span class='ocrx_word' id='word_1_325' title='bbox 923 2418 1081 2460; x_wconf 88' lang='lat' dir='ltr'><strong>atque</strong></span> <span class='ocrx_word' id='word_1_326' title='bbox 1071 2408 1176 2447; x_wconf 81' lang='lat' dir='ltr'><strong>adeo</strong></span> <span class='ocrx_word' id='word_1_327' title='bbox 1193 2420 1307 2445; x_wconf 89' lang='lat' dir='ltr'><strong>anno</strong></span> <span class='ocrx_word' id='word_1_328' title='bbox 1320 2405 1418 2446; x_wconf 86' lang='lat' dir='ltr'><strong>Chr</strong></span> <span class='ocrx_word' id='word_1_329' title='bbox 1434 2403 1606 2443; x_wconf 86' lang='lat' dir='ltr'>CLXV</span> 
     </span>
     <span class='ocr_line' id='line_1_40' title="bbox 137 2460 1608 2504; baseline -0.001 -4"><span class='ocrx_word' id='word_1_330' title='bbox 137 2461 191 2503; x_wconf 90' lang='lat' dir='ltr'><strong>L.</strong></span> <span class='ocrx_word' id='word_1_331' title='bbox 224 2460 325 2499; x_wconf 89' lang='lat' dir='ltr'><strong>Veri</strong></span> <span class='ocrx_word' id='word_1_332' title='bbox 353 2461 479 2500; x_wconf 89' lang='lat' dir='ltr'><strong>duces</strong></span> <span class='ocrx_word' id='word_1_333' title='bbox 508 2462 693 2501; x_wconf 87' lang='lat' dir='ltr'><strong>Avidius</strong></span> <span class='ocrx_word' id='word_1_334' title='bbox 720 2463 891 2502; x_wconf 88' lang='lat' dir='ltr'><strong>Cassius</strong></span> <span class='ocrx_word' id='word_1_335' title='bbox 924 2474 966 2504; x_wconf 91' lang='lat' dir='ltr'><strong>et</strong></span> <span class='ocrx_word' id='word_1_336' title='bbox 992 2465 1187 2503; x_wconf 79' lang='lat' dir='ltr'><strong>Marcius</strong></span> <span class='ocrx_word' id='word_1_337' title='bbox 1210 2464 1344 2501; x_wconf 85' lang='lat' dir='ltr'><strong>Verus</strong></span> <span class='ocrx_word' id='word_1_338' title='bbox 1377 2461 1608 2500; x_wconf 85' lang='lat' dir='ltr'><strong>Seleuciam</strong></span> 
     </span>
     <span class='ocr_line' id='line_1_41' title="bbox 137 2516 1611 2573; baseline -0.001 -17"><span class='ocrx_word' id='word_1_339' title='bbox 137 2526 181 2556; x_wconf 91' lang='lat' dir='ltr'><strong>et</strong></span> <span class='ocrx_word' id='word_1_340' title='bbox 204 2516 491 2569; x_wconf 86' lang='lat' dir='ltr'><strong>Ctesiphonta</strong></span> <span class='ocrx_word' id='word_1_341' title='bbox 518 2529 733 2571; x_wconf 85' lang='lat' dir='ltr'><strong>ceperunt.</strong></span> <span class='ocrx_word' id='word_1_342' title='bbox 796 2520 846 2558; x_wconf 82' lang='lat' dir='ltr'><strong>V.</strong></span> <span class='ocrx_word' id='word_1_343' title='bbox 874 2519 1043 2573; x_wconf 75' lang='lat' dir='ltr'><strong>Capitol.</strong></span> <span class='ocrx_word' id='word_1_344' title='bbox 1071 2521 1114 2557; x_wconf 83' lang='lat' dir='ltr'><strong>in</strong></span> <span class='ocrx_word' id='word_1_345' title='bbox 1142 2521 1255 2558; x_wconf 90' lang='lat' dir='ltr'><strong>Vero</strong></span> <span class='ocrx_word' id='word_1_346' title='bbox 1280 2533 1315 2558; x_wconf 84' lang='grc' dir='ltr'><strong>ο.</strong></span> <span class='ocrx_word' id='word_1_347' title='bbox 1336 2522 1373 2561; x_wconf 87' lang='grc'><strong>4.</strong></span> <span class='ocrx_word' id='word_1_348' title='bbox 1416 2518 1467 2557; x_wconf 88' lang='lat' dir='ltr'><strong>In</strong></span> <span class='ocrx_word' id='word_1_349' title='bbox 1491 2530 1611 2555; x_wconf 87' lang='lat' dir='ltr'><strong>num-</strong></span> 
     </span>
     <span class='ocr_line' id='line_1_42' title="bbox 140 2573 1611 2624; baseline -0.003 -9"><span class='ocrx_word' id='word_1_350' title='bbox 140 2573 218 2615; x_wconf 76' lang='lat' dir='ltr'><strong>mis</strong></span> <span class='ocrx_word' id='word_1_351' title='bbox 239 2574 366 2624; x_wconf 86' lang='lat' dir='ltr'><strong>Veri,</strong></span> <span class='ocrx_word' id='word_1_352' title='bbox 398 2575 501 2614; x_wconf 87' lang='lat' dir='ltr'><strong>anni</strong></span> <span class='ocrx_word' id='word_1_353' title='bbox 522 2575 719 2615; x_wconf 84' lang='lat' dir='ltr'><strong>CLXVI.</strong></span> <span class='ocrx_word' id='word_1_354' title='bbox 753 2576 883 2615; x_wconf 79' lang='lat' dir='ltr'><strong>PAX</strong></span> <span class='ocrx_word' id='word_1_355' title='bbox 904 2587 944 2616; x_wconf 90' lang='lat' dir='ltr'><strong>et</strong></span> <span class='ocrx_word' id='word_1_356' title='bbox 978 2577 1100 2616; x_wconf 80' lang='lat' dir='ltr'><strong>JMP.</strong></span> <span class='ocrx_word' id='word_1_357' title='bbox 1122 2577 1204 2615; x_wconf 88' lang='lat' dir='ltr'><strong>III.</strong></span> <span class='ocrx_word' id='word_1_358' title='bbox 1225 2585 1268 2614; x_wconf 89' lang='lat' dir='ltr'><strong>et</strong></span> <span class='ocrx_word' id='word_1_359' title='bbox 1287 2575 1363 2615; x_wconf 88' lang='lat' dir='ltr'><strong>IV.</strong></span> <span class='ocrx_word' id='word_1_360' title='bbox 1389 2574 1442 2613; x_wconf 91' lang='lat' dir='ltr'><strong>ob</strong></span> <span class='ocrx_word' id='word_1_361' title='bbox 1464 2574 1611 2612; x_wconf 84' lang='lat' dir='ltr'><strong>trium-</strong></span> 
     </span>
     <span class='ocr_line' id='line_1_43' title="bbox 142 2628 492 2681; baseline 0.011 -15"><span class='ocrx_word' id='word_1_362' title='bbox 142 2628 288 2681; x_wconf 85' lang='lat' dir='ltr'><strong>phum.</strong></span> <span class='ocrx_word' id='word_1_363' title='bbox 321 2631 492 2672; x_wconf 49' lang='grc' dir='ltr'><strong>δυβιυμ</strong></span> 
     </span>
    </p>

    <p class='ocr_par' dir='ltr' id='par_1_7' title="bbox 146 2686 1611 2799">
     <span class='ocr_line' id='line_1_44' title="bbox 253 2686 1611 2741; baseline 0 -17"><span class='ocrx_word' id='word_1_364' title='bbox 253 2686 355 2726; x_wconf 75' lang='lat' dir='ltr'><strong>Eud.</strong></span> <span class='ocrx_word' id='word_1_365' title='bbox 376 2691 405 2728; x_wconf 87' lang='lat'><strong>1.</strong></span> <span class='ocrx_word' id='word_1_366' title='bbox 429 2694 469 2732; x_wconf 82' lang='lat'><strong>3.</strong></span> <span class='ocrx_word' id='word_1_367' title='bbox 505 2686 664 2741; x_wconf 75' lang='grc' dir='ltr'><em>Πήχει)</em></span> <span class='ocrx_word' id='word_1_368' title='bbox 695 2689 744 2730; x_wconf 73' lang='lat' dir='ltr'><strong>V.</strong></span> <span class='ocrx_word' id='word_1_369' title='bbox 777 2689 890 2727; x_wconf 88' lang='lat' dir='ltr'><strong>infra</strong></span> <span class='ocrx_word' id='word_1_370' title='bbox 919 2703 952 2727; x_wconf 88' lang='lat' dir='ltr'><strong>c.</strong></span> <span class='ocrx_word' id='word_1_371' title='bbox 975 2694 1043 2733; x_wconf 79' lang='lat'><strong>39.</strong></span> <span class='ocrx_word' id='word_1_372' title='bbox 1066 2705 1119 2730; x_wconf 85' lang='lat' dir='ltr'><strong>ne</strong></span> <span class='ocrx_word' id='word_1_373' title='bbox 1142 2691 1256 2729; x_wconf 84' lang='lat' dir='ltr'><strong>forte</strong></span> <span class='ocrx_word' id='word_1_374' title='bbox 1283 2688 1500 2729; x_wconf 83' lang='lat' dir='ltr'><strong>existimes</strong></span> <span class='ocrx_word' id='word_1_375' title='bbox 1526 2686 1611 2724; x_wconf 84' lang='lat' dir='ltr'><strong>hoc</strong></span> 
     </span>
     <span class='ocr_line' id='line_1_45' title="bbox 146 2741 1609 2799; baseline 0.003 -19"><span class='ocrx_word' id='word_1_376' title='bbox 146 2741 395 2785; x_wconf 86' lang='lat' dir='ltr'><strong>vocabulum</strong></span> <span class='ocrx_word' id='word_1_377' title='bbox 420 2759 508 2786; x_wconf 85' lang='lat' dir='ltr'><strong>non</strong></span> <span class='ocrx_word' id='word_1_378' title='bbox 530 2747 726 2799; x_wconf 85' lang='lat' dir='ltr'><strong>usurpari</strong></span> <span class='ocrx_word' id='word_1_379' title='bbox 750 2745 799 2785; x_wconf 87' lang='lat' dir='ltr'><strong>de</strong></span> <span class='ocrx_word' id='word_1_380' title='bbox 829 2746 1110 2787; x_wconf 83' lang='lat' dir='ltr'><strong>instrumento</strong></span> <span class='ocrx_word' id='word_1_381' title='bbox 1137 2746 1293 2789; x_wconf 86' lang='lat' dir='ltr'><strong>fabrili.</strong></span> <span class='ocrx_word' id='word_1_382' title='bbox 1354 2747 1441 2785; x_wconf 82' lang='lat' dir='ltr'><strong>Hic</strong></span> <span class='ocrx_word' id='word_1_383' title='bbox 1470 2755 1609 2784; x_wconf 80' lang='lat' dir='ltr'><strong>tamen</strong></span> 
     </span>
    </p>
   </div>
  </div>
 </body>
</html>
