1834 3188
222 326 260 360 p.
273 319 354 353 822.

284 447 338 488 79

336 606 339 607 ν
366 581 410 622 ἐν
434 583 490 634 τῷ
508 580 641 619 δίκαια
661 572 863 629 πράττειν,
895 574 959 614 καὶ
983 572 1114 624 σοφὰ,

216 1069 253 1103 Ρ·
273 1063 353 1102 825·

368 188 467 238 110
855 199 1257 233 LUGIANI

367 301 478 352 εἰδώς
496 301 634 345 ὅντινα
652 299 804 356 τρόπον
822 297 897 354 χρὴ
916 302 1057 354 βιοῦν,
1098 297 1263 352 ὅμοιον,
1298 296 1351 350 ὥς
1371 302 1409 343 εἶ’
1423 319 1480 351 τις
1499 301 1538 350 ἐς
1555 305 1749 351 τοςοῦτον

365 370 549 421 σκευάζοι
573 388 631 421 τε,
663 371 732 411 καὶ
751 366 987 422 εὐτρεπίζοι,
1020 363 1074 414 ὦς
1095 366 1319 419 δειπνήσων
1341 368 1527 423 ἄμεινον,
1561 369 1672 424 ἄχρις
1695 366 1748 411 ἂν

364 440 471 498 λάθῃ
497 437 576 482 ὑπὸ
598 442 716 491 λιμοῦ
739 437 990 489 διαφθαρείς.
1049 430 1161 475 Ἀλλὰ
1190 435 1270 490 μὴν
1289 433 1378 480 οὐδ’
1400 436 1527 481 ἐκεῖνό
1547 456 1611 480 πω
1631 455 1754 480 κατα·

366 508 584 563 νενόηκας,
616 505 743 561 οἶμαι,
777 502 829 553 ὧς
847 501 873 557 ἡ
894 503 962 558 μὲν
986 500 1104 557 ἅρετή
1126 505 1167 545 ἐν
1192 506 1320 559 ἔργοις
1341 502 1472 555 δήπου
1498 509 1623 558 ἐστὶν,
1656 505 1746 549 οἷον

1146 575 1212 615 καὶ
1233 570 1416 628 οἷνδρεῖα·
1448 573 1564 628 ὖμεῖς
1583 575 1645 624 δὲ,
1679 573 1747 623 (τό

366 648 410 690 δὲ
431 645 545 700 ὖμεῖς
568 642 663 686 ὅταν
687 646 807 691 εἴπω,
841 640 935 689 τούς
956 639 1109 695 ὄῖκρους
1125 647 1203 684 τῶν
1227 642 1566 695 φιλοσοφούντων
1600 642 1746 696 φημὶ,)

365 714 533 769 ἀφέντες
555 718 677 754 ταῦτα
698 716 824 765 ζητεῖν
839 740 849 757 ,
880 711 945 751 καὶ
966 717 1117 761 ποιεῖν,
1150 706 1322 764 ῥημάτια
1344 709 1520 764 δύστηνα
1548 716 1746 762 μελετᾶτε,

363 785 430 825 καὶ
455 778 765 837 συλλογισμοὺς,
795 779 862 820 καὶ
892 776 1084 832 οἷπορίας,
1118 781 1184 821 καὶ
1214 778 1257 822 τὸ
1278 785 1460 821 πλεῖστον
1483 785 1554 822 τοῦ
1570 781 1663 834 βίου
1685 780 1750 821 ἐπὶ

364 851 519 900 τούτοις
545 853 782 904 διατρίβετε·
829 848 896 889 καὶ
927 845 972 896 ὃς
1001 844 1052 888 ἂν
1085 854 1212 905 κρατῇ
1240 850 1281 890 ἐν
1308 845 1468 896 αὐτοῖς,
1520 851 1750 897 καλλίνικος

361 919 457 974 ὑμῖν
480 924 602 962 δοκεῖ.
637 915 708 970 ἀφ’
730 913 807 966 ὧν,
842 915 972 969 οἶμαι,
1004 918 1070 957 καὶ
1099 916 1170 958 τὸν
1199 913 1439 958 διδάσκαλον
1456 918 1615 958 τουτονὶ
1635 924 1750 958 θαυ-

363 987 521 1042 μάζετε,
553 989 718 1042 γέροντα
737 983 885 1039 ἄνδρα,
920 983 980 1026 ὅτι
1002 985 1097 1033 τούς
1125 990 1472 1038 προςομιλοῦντας
1500 987 1539 1033 ἐς
1573 981 1751 1039 ἆπορίαν

363 1061 597 1109 καθίστησι,
631 1056 697 1096 καὶ
729 1053 857 1105 οἶδεν,
893 1051 945 1101 ὡς
970 1049 1045 1106 χρή
1068 1054 1251 1106 ἐρέσθαι,
1281 1053 1346 1093 καὶ
1376 1056 1649 1104 σοφίσασθαι,
1680 1055 1750 1096 καὶ

363 1130 664 1180 πανουργῆσαι,
713 1124 780 1163 καὶ
811 1124 849 1170 ἐς
878 1119 1038 1179 ἄφυκτα
1057 1117 1111 1168 11)
1161 1123 1362 1175 ἐμβαλεῖν·
1406 1122 1473 1162 καὶ
1497 1121 1567 1163 τὸν
1592 1120 1750 1175 καρπὸν

362 1193 534 1247 ἀτεχνῶς
553 1191 719 1244 ἀφέντες
747 1185 889 1246 (οὗτος
913 1190 952 1231 δὲ
971 1187 1023 1242 ἦν
1045 1191 1136 1243 περὶ
1159 1187 1205 1230 τὰ
1227 1189 1348 1243 ἔργα)
1382 1189 1473 1242 περὶ
1501 1188 1571 1231 τὸν
1604 1188 1752 1241 φλοιὸν

360 1259 619 1316 οἷσχολεῖσθε,
651 1258 698 1301 τὰ
725 1258 858 1312 φύλλα
885 1259 1142 1311 καταχέοντες
1171 1253 1354 1310 αλλήλων
1387 1259 1427 1298 ἐν
1454 1263 1541 1305 ταῖς
1570 1254 1751 1310 ὁμιλίαις.

452 1388 571 1420 Reitz.
606 1397 693 1418 cum
723 1383 959 1427 nota:„s1‘c
980 1382 1072 1416 Edd.
1097 1383 1249 1425 priscae.
1287 1379 1422 1415 ἑαυτόν
1439 1382 1529 1414 W.“
1577 1383 1748 1416 Recentt.

454 1439 602 1466 secutae
632 1437 717 1465 sunt
736 1433 837 1463 Reiz!
835 1445 866 1462 ,ιι
889 1430 1119 1483 exemplunm
1154 1439 1221 1460 nos
1249 1439 1336 1460 veto
1366 1428 1550 1471 genuinae
1576 1428 1749 1462 lectionis

451 1479 664 1521 vestioium.
715 1477 773 1510 Cf.
792 1488 901 1520 supra
920 1488 949 1508 c.
971 1476 1025 1518 65
1047 1486 1090 1508 συ
1113 1472 1152 1508 δε
1176 1471 1409 1528 ω’λιγώρησας
1428 1486 1587 1515 savz-ov,
1614 1481 1650 1507 et
1674 1476 1745 1507 Pro

451 1526 575 1558 Mero.
598 1523 715 1557 Cond.
739 1535 767 1555 c.
784 1535 812 1556 2.
838 1523 888 1555 in.
915 1523 1034 1556 ταῦτα
1057 1519 1099 1575 a}
1104 1534 1123 1553 ν
1140 1520 1233 1563 πρὸς
1255 1518 1388 1554 ἑαυτὸν
1404 1518 1566 1555 λέλεκταί
1585 1531 1654 1554 σοι
1681 1521 1747 1554 ubi

451 1571 523 1604 vid
549 1570 682 1602 Adnot.
732 1570 779 1612 h)
806 1565 1016 1612 ἄφυκτα]
1042 1563 1211 1611 ,,ἅφικτα
1232 1566 1324 1600 Edd.
1348 1578 1475 1600 omnes
1495 1567 1603 1603 male.
1629 1564 1748 1612 ἄφυκ-

449 1629 497 1652 τα
523 1622 624 1650 recte
641 1627 709 1649 ms.
731 1617 773 1649 B.
795 1621 831 1648 et
849 1618 926 1660 Aug,
924 1615 991 1650 l.“
1041 1614 1119 1647 Vid.
1139 1614 1276 1647 Adnot.

356 1737 402 1774 in
425 1732 613 1786 capulo?
646 1731 730 1769 nisi
753 1732 862 1770 forte
880 1730 1018 1779 aliam,

356 1805 579 1847 gemmoso,
614 1789 745 1828 vitam
782 1787 1019 1837 mediteris,

354 1859 403 1886 ut
439 1849 481 1885 in
519 1861 607 1885 eam
638 1845 826 1891 delatus,
870 1845 1018 1882 melius

353 1906 500 1953 vivas,
552 1903 651 1955 qui,
699 1876 916 1954 quoniodo
951 1901 1019 1938 vi-

352 1961 536 2000 vendum
559 1958 867 2007 sit‚didice1·is:
903 1955 1018 2009 quod

354 2027 417 2057 est
439 2015 660 2068 ejusmodi,
684 2030 730 2053 ac
750 2016 783 2052 si
809 2014 903 2067 quis
927 2023 1018 2051 tan-

354 2083 442 2112 tum
467 2081 585 2124 paret
608 2082 736 2123 atque
763 2072 940 2109 adornet
965 2069 1017 2107 ad

354 2128 620 2168 coenandum
667 2129 837 2175 melius,
881 2126 1016 2164 donec

352 2187 464 2224 fame
484 2183 727 2236 imprudens
749 2193 904 2236 pereat.
934 2183 1014 2220 Ve-

351 2257 441 2280 rum
476 2255 612 2293 neque
649 2241 756 2278 illud
793 2239 890 2277 dum
919 2239 1014 2276 ani-

351 2297 645 2348 madvertisti,
678 2307 807 2349 puto,
843 2297 885 2333 in
913 2310 1013 2348 ope-

348 2355 467 2392 ribus
506 2354 671 2392 scilicet
703 2355 839 2391 inesse
872 2353 1013 2389 virtu-

349 2419 458 2458 tem,
491 2421 538 2448 ut
569 2411 610 2447 in
644 2409 843 2448 faciendo
873 2411 1009 2461 juste,

350 2467 586 2517 sapienter,
633 2468 826 2506 fortiterx
862 2475 902 2503 at
935 2479 1009 2503 vos

350 2525 458 2573 (vos
503 2537 595 2560 cum
642 2523 766 2571 dico,
826 2536 1012 2560 summos

350 2578 708 2641 philosophorum
742 2579 872 2631 dico)
912 2578 1013 2615 mit-

349 2643 486 2672 tentes
509 2635 585 2671 ista
613 2649 811 2686 quaerere
835 2647 874 2675 et
901 2636 1012 2673 face-

348 2704 413 2738 re,
450 2691 492 2727 in
516 2693 683 2728 voculis
708 2692 866 2729 mise1is
893 2705 1010 2730 exer·

349 2746 506 2784 cemini
546 2756 587 2784 et
627 2748 911 2800 syllogismis,
968 2755 1010 2785 et

1081 1728 1449 1780 dubitationibus,
1481 1738 1522 1768 et
1542 1732 1743 1782 majorem

1078 1788 1193 1826 vitae
1218 1797 1377 1838 partem
1401 1786 1443 1823 in
1468 1786 1534 1824 his
1560 1787 1745 1825 conteri-

1080 1845 1157 1896 tis3
1190 1844 1320 1897 etqui
1348 1845 1390 1880 in
1417 1843 1532 1882 hisce
1563 1843 1740 1893 vicerit,

1078 1901 1152 1939 ille
1177 1899 1394 1951 pulchram
1422 1899 1542 1936 vobis
1568 1899 1744 1936 retulis-

1077 1971 1120 1995 se
1144 1957 1365 1994 victoriam
1390 1955 1574 1995 videtur.
1626 1954 1741 2008 Qua-

1077 2027 1167 2051 rum
1187 2027 1324 2051 rerum
1350 2026 1494 2050 caussa
1526 2011 1642 2049 hunc
1670 2020 1743 2050 et-

1077 2069 1183 2119 iam,
1236 2080 1365 2120 puto,
1409 2068 1625 2107 doctorem
1662 2067 1740 2106 ad-

1073 2126 1312 2174 miramini,
1347 2139 1485 2164 senem
1506 2124 1738 2176 hominem,

1076 2182 1189 2234 quod
1218 2183 1288 2235 qui
1315 2196 1454 2219 secum
1484 2185 1739 2234 colloquan-

1075 2248 1144 2276 tur
1173 2239 1216 2276 in
1249 2238 1562 2277 dubitationem
1597 2237 1738 2289 conji-

1074 2295 1154 2343 cit,
1215 2305 1257 2333 et
1294 2294 1509 2346 quomodo
1549 2295 1739 2332 interro-

1073 2352 1257 2405 gandum
1284 2353 1339 2389 sit
1361 2351 1507 2396 novit,
1543 2359 1583 2387 et
1607 2350 1736 2388 cavil-

1071 2408 1307 2447 lationibus
1348 2417 1474 2459 atque
1513 2405 1736 2446 fraudibus

1073 2464 1289 2517 quomodo
1332 2462 1562 2510 utendum,
1605 2472 1645 2501 et
1681 2463 1734 2502 ad

1071 2522 1225 2558 incitas
1251 2517 1464 2572 quomodo
1492 2518 1624 2572 redigi
1646 2520 1734 2557 ali-

1072 2578 1168 2629 quis
1202 2577 1349 2627 possit.
1431 2575 1560 2613 Plane
1598 2575 1733 2628 igitur

1070 2635 1213 2671 fructu
1235 2632 1408 2677 relicto,
1444 2632 1516 2683 qui
1547 2633 1588 2669 in
1624 2646 1731 2683 ope-

1068 2689 1184 2727 ribus
1228 2697 1315 2735 est,
1373 2687 1482 2725 circa
1527 2689 1727 2727 corticem

1066 2744 1286 2798 negotiosi
1317 2743 1442 2793 estis,
1489 2745 1609 2783 foliis
1649 2759 1725 2784 vos
