1834 3188
253 184 355 234 530
615 194 1374 227 ADNOTATloNEs

254 500 324 550 IN
347 496 690 558 QUOMODO
720 495 1041 545 HISTORIA
1065 495 1170 545 SIT
1193 497 1714 548 CONSCRIBENDA.

368 637 470 690 Pag.
494 638 585 680 165.
605 638 629 674 l.
654 640 694 678 2.
724 630 965 687 Λυσιμάχου
982 631 1088 687 ἤδη)
1123 633 1384 687 Lysimacho
1404 644 1503 689 post
1524 636 1718 676 Alexan-

256 694 321 733 dri
349 704 524 732 mortem
543 691 724 730 Thracia
754 690 937 743 obtigit,
971 691 1016 728 iu
1041 705 1121 746 qua
1144 693 1226 729 sita
1255 691 1360 731 haec
1389 693 1499 734 urbs.
1556 692 1716 733 Eadem

252 764 423 805 prorsus
444 749 611 788 ratione
634 758 813 802 usurpat
834 746 935 801 ἤδη,
966 747 1094 787 Rher.
1118 749 1264 789 Praec.
1292 763 1324 790 e.
1351 752 1393 793 5.
1424 751 1588 790 somn.

367 805 470 846 Ead.
491 809 519 846 l.
542 804 580 850 δ’.
619 807 780 858 Φίλων)
813 804 897 843 Cui
925 804 1051 844 etiam
1072 805 1344 858 Symposium
1373 805 1556 846 dedicat.
1613 804 1716 846 Vid.

254 874 345 904 not.
368 862 417 902 ad
440 877 640 915 personas
663 861 845 904 Conviv.
908 862 1064 901 Verum
1087 876 1242 900 nomen
1265 863 1397 901 fuisse
1417 863 1610 910 videtum
1644 862 1718 902 sed

253 921 351 975 quis
372 919 504 959 fuerit
526 919 598 958 ille
617 917 766 970 Philo,
797 933 886 957 non
912 928 1090 960 constat.
1135 918 1212 956 Est
1231 928 1272 958 et
1290 919 1488 958 Philonis
1510 934 1577 972 ap.
1599 919 1717 958 hunc

251 977 416 1017 mentio
439 975 591 1015 Callid.
613 990 647 1014 c.
672 980 712 1019 4.
734 975 805 1030 qui
827 975 990 1014 Diniae
1018 974 1133 1014 filius
1158 974 1340 1016 dicitur·
1371 975 1444 1014 sed
1467 990 1561 1014 cum
1584 975 1720 1015 dialo-

253 1049 331 1088 gus
352 1034 424 1073 ille
445 1032 655 1096 genuinus
680 1046 767 1071 non
787 1032 867 1080 sit,
900 1034 989 1084 ejus
1013 1032 1310 1071 auctoritatem
1333 1047 1419 1072 non
1439 1047 1596 1074 moror.
1627 1032 1720 1072 No-

251 1090 352 1129 bilis
373 1092 462 1143 ejus
485 1088 671 1128 nominis
691 1087 879 1127 medicus
899 1097 1154 1127 memoratur
1180 1088 1291 1142 apud
1304 1089 1407 1129 Plut.
1431 1089 1590 1143 (Probl.
1604 1094 1645 1139 8,
1656 1088 1717 1144 9.)

251 1146 338 1189 Sed
359 1146 471 1186 idem
495 1155 543 1184 ut
563 1145 640 1194 sit,
672 1159 748 1198 per
764 1153 944 1184 aetatem
969 1158 1057 1183 non
1081 1144 1193 1184 licet.
1227 1145 1395 1188 SOLAN.

363 1202 469 1243 Ibid.
505 1201 796 1256 Πυρεταίνειν)
827 1202 954 1254 Angl·
983 1202 1201 1255 πυοέττειν.
1259 1201 1330 1240 Sic
1347 1216 1442 1257 pag.
1465 1216 1548 1257 seq.
1570 1199 1625 1251 ὦς
1643 1219 1720 1243 πυ-

251 1261 372 1316 ρέξαι.
403 1260 580 1300 Bomm.
644 1259 864 1313 Πυρέττειν
890 1258 941 1297 A.
972 1258 1044 1296 W
1075 1259 1119 1296 P.
1150 1259 1204 1296 L.
1264 1258 1314 1296 In
1338 1259 1512 1314 reliquis
1533 1262 1719 1314 πυρεταί-

249 1335 345 1359 νειν.
377 1316 547 1357 SOLAN.
608 1315 706 1353 Etsi
736 1317 946 1369 πυρεταίν
932 1331 1012 1365 ε,ιν
1046 1313 1198 1368 quod'
1185 1330 1231 1353 in
1261 1314 1372 1354 Edd.
1406 1325 1515 1366 erat,
1549 1329 1722 1369 quoque

249 1372 494 1420 dicatur‚ut
515 1387 641 1426 supra
662 1371 708 1410 in
731 1370 878 1425 Scyth,
903 1385 938 1411 c.
949 1376 989 1414 2.
1017 1371 1048 1411 f.
1072 1380 1209 1410 tamen
1231 1373 1435 1426 πυρέττειν
1458 1386 1511 1412 ex
1530 1376 1558 1416 4
1578 1371 1718 1412 Codd

248 1430 457 1484 praetuli,
489 1443 629 1484 eoque
659 1428 819 1482 magis,
852 1427 952 1480 quia
975 1436 1017 1467 et
1041 1426 1125 1466 hoc
1144 1428 1411 1483 Hippocrates
1434 1438 1570 1476 amat,
1602 1437 1650 1466 ut
1669 1426 1721 1467 de

247 1489 350 1528 Rat.
384 1487 499 1527 Viet.
531 1487 638 1527 Sect
673 1485 751 1525 IV.
782 1490 915 1538 p..71
948 1498 990 1524 v.
1011 1487 1079 1528 34.
1140 1485 1198 1523 Et
1228 1485 1374 1524 creb10
1400 1485 1518 1525 alibi.
1556 1487 1719 1526 Rmvrz.

248 1542 378 1599 Apud
403 1542 591 1582 Nostrum
615 1555 787 1610 quoque
782 1500 893 1583 Pvid.
918 1541 1053 1579 Deor.
1082 1539 1215 1580 Cone.
1241 1556 1274 1583 c.
1298 1546 1362 1585 12.
1394 1543 1550 1582 LEHM.

363 1599 465 1638 Ead.
490 1602 515 1640 l.
540 1604 578 1642 4-
614 1595 711 1639 'And
742 1615 813 1651 της
843 1594 1031 1654 πρωτης)
1061 1593 1352 1654 ὃοί1.ἦμέρας
1413 1598 1484 1639 Sic
1512 1598 1717 1639 Demosth.

250 1671 346 1712 pag.
369 1672 424 1695 m.
452 1660 519 1699 37.
552 1657 721 1695 SOLAN.

363 1711 467 1751 Eacl.
490 1715 516 1752 1.
535 1714 575 1756 5.
612 1712 691 1753 Καὶ
718 1714 887 1775 λιπαρεῖ.
902 1715 959 1767 τῷ
988 1708 1173 1768 πυρετῷ)
1205 1711 1276 1750 Sic
1306 1710 1419 1764 apud
1445 1711 1643 1766 Hippocv.
1674 1720 1717 1750 et

254 1769 611 1809 Gale12.B0unn.
680 1767 844 1806 Vellem
875 1755 967 1820 ipsa
1001 1770 1097 1806 loca
1119 1755 1359 1807 indicasset
1389 1769 1438 1808 B.
1472 1769 1518 1806 in
1546 1768 1714 1807 Lexico

249 1827 362 1866 enim
385 1825 552 1864 medico
574 1839 662 1864 non
681 1833 898 1865 notantur.
930 1824 1097 1866 SOLAN.
1158 1824 1232 1865 Sic
1256 1824 1404 1863 infra
1391 1840 1435 1862 m
1448 1823 1598 1867 Abdic
1623 1838 1714 1877 cap.

249 1888 290 1926 4
309 1897 370 1936 pr.
391 1884 605 1937 προθυιιία
621 1887 669 1923 λι
674 1886 779 1935 αρεῑ
796 1877 1054 1934 χρησάμενος.
1116 1882 1173 1920 At
1195 1881 1438 1935 Hippocrati
1458 1881 1589 1921 febris
1613 1895 1715 1920 con-

248 1941 370 1978 tinua
399 1953 452 1978 au
456 1937 520 1978 dit
547 1937 731 2007 ξυνεχης,
763 1948 812 1975 ut
842 1938 888 1975 in
923 1937 1054 1977 Coae.
1088 1938 1302 1976 Praenott.
1338 1938 1449 1976 Sect.
1482 1942 1524 1980 2.
1554 1936 1593 1991 §.
1624 1941 1717 1981 143.

253 2002 368 2037 Τοῖσι
386 1998 637 2049 χρονίζουσιν
655 1992 864 2046 ἀσφαλέως
883 1995 926 2035 ἐν
947 1999 1110 2050 πυρετῷ
1128 1997 1298 2046 ξυνεχεῖ,
1329 2004 1371 2033 et
1392 1993 1521 2042 alibi;
1553 2008 1632 2033 nec
1654 2003 1718 2032 ta·

247 2067 344 2091 men
367 2052 539 2105 λιπαρης
571 2052 621 2091 de
641 2051 751 2092 febri
771 2049 885 2103 apud
906 2065 1001 2090 eum
1023 2064 1090 2089 me
1115 2053 1255 2106 legere
1281 2050 1475 2099 memini,
1508 2063 1587 2090 nec
1604 2049 1716 2089 Foe*

247 2111 328 2148 sius
347 2109 526 2150 notavit
558 2110 724 2148 REmz.
786 2108 989 2158 Λιπαρές·
1019 2107 1064 2148 τὸ
1083 2108 1280 2176 προςεχές
1312 2109 1355 2149 ἐκ
1374 2111 1448 2149 τοῦ
1468 2110 1558 2148 λίαν
1578 2112 1713 2160 παρεῖ-

246 2183 328 2207 ναι.
390 2164 557 2215 suidas,
588 2181 610 2204 e
632 2163 807 2204 Scholio
828 2163 1125 2217 Aristophanis.
1186 2161 1254 2205 δεό
1257 2181 1399 2218 ιενον,
1432 2161 1560 2205 καὶτὸ
1589 2180 1711 2216 παρε-

248 2220 477 2276 δρευτικὸν,
508 2219 588 2263 ἀπὸ
619 2225 693 2263 τοῦ
719 2222 809 2262 λίαν
839 2225 1039 2275 παρεῖναι
1070 2220 1243 2276 Hesych.
1265 2220 1339 2259 ubi
1370 2220 1531 2261 Alberzi
1567 2220 1715 2259 laudat

248 2279 360 2318 inter
383 2279 489 2318 alios
510 2279 720 2351 ,ΞΡΙοςεῘιορ-
738 2277 828 2347 περὶ
849 2280 965 2331 Σχεὸ.
988 2292 1025 2329 p
1041 2280 1135 2321 165
1159 2282 1334 2331 λιπαροῦ·
1363 2276 1406 2319 τὸ
1426 2278 1616 2331 ἐπιμένω·
1646 2277 1714 2317 καὶ

247 2336 418 2404 λιπαρὲς,
449 2333 493 2377 τὸ
515 2336 721 2388 ἐπίμονον.
753 2351 807 2383 ως
827 2351 937 2391 παρα
951 2340 1194 2389 Λουκιανῷ·
1226 2339 1283 2391 τῷ
1301 2339 1461 2389 λιπαρεῖ
1475 2339 1547 2388 τῆς
1565 2334 1712 2386 ἔπιχειω

249 2390 422 2448 ρήσεως,
452 2391 582 2447 ἤγουν
607 2396 664 2463 τῷ
682 2390 869 2445 ἐπιμόνῳ.
929 2390 1051 2430 Adde
1074 2391 1245 2430 Lucian.
1252 2378 1459 2430 Hermot.
1483 2405 1519 2431 c.
1542 2394 1609 2433 24.
1633 2388 1710 2427 ubi

249 2448 634 2504 conjungimur&
659 2449 841 2500 λιπάρὲς,
874 2449 940 2490 καὶ
964 2445 1007 2491 τὸ
1036 2446 1090 2501 μή
1121 2449 1321 2490 ἐνδοῦναι.
1378 2446 1540 2489 Λεῖἱαη.
1574 2446 1620 2486 V.
1650 2446 1707 2487 Η

248 2502 311 2553 Χ,
338 2511 401 2550 16-
424 2506 704 2560 λιπαρέστεοον
727 2512 828 2548 εἰναι
846 2507 913 2547 καὶ
934 2506 1148 2560 ἐγκεῖσθαι.
1208 2502 1398 2557 Λιπαρης
1420 2500 1589 2554 πυρετὸς
1605 2500 1708 2540 red-

249 2558 504 2617 diturfibris
526 2565 723 2604 continua.
784 2561 899 2602 Sed
887 2576 933 2600 ln
956 2562 1036 2600 hac
1056 2563 1211 2601 vocula
1235 2560 1346 2600 idem
1373 2560 1460 2599 fere
1480 2571 1567 2597 esse
1589 2557 1707 2597 vide-

248 2623 342 2679 ‘urg
366 2617 478 2670 quod
503 2629 626 2659 antea
647 2620 690 2658 in
713 2620 954 2685 ἒρὄμένως
984 2614 1511 2657 Runom11.Differunt
1534 2614 1705 2668 quidem

249 2671 450 2711 notiones
475 2692 645 2727 ειρωμει
651 2692 703 2723 ως
718 2686 761 2715 et
781 2673 964 2728 λιπαρης.
1009 2674 1091 2715 Sed
1115 2679 1273 2722 λιπαρεῖ
1291 2682 1429 2710 tamen
1453 2685 1538 2710 non
1565 2672 1704 2708 minus

247 2725 289 2766 h.
311 2729 343 2771 1.
364 2730 589 2781 convenit,
622 2746 745 2785 quam
780 2733 1027 2788 ε’ῤῥωμένως.
1088 2731 1147 2769 Et
1175 2727 1463 2783 lVyttenbaclzii
1482 2730 1707 2780 conjectu-
