1834 3188
322 213 373 241 ix
411 211 649 249 Quoirono
685 208 920 239 HisromA
959 209 1033 239 si’r
1071 208 1271 242 coxscn.
1436 202 1533 248 601

71 321 155 351 ster
179 309 442 349 Graevianus
466 308 702 361 inquireret
726 307 770 344 in
798 306 923 357 haec,
955 315 997 345 et
1019 321 1094 345 cur
1115 306 1345 359 adjiceret.'
1390 313 1542 365 ltaque

72 377 145 406 aut
178 365 450 406 statuendum
494 374 625 414 esset,
670 364 915 402 Lucianum
960 363 1179 415 scripsisse
1208 362 1414 419 Ἀντίοχον
1440 371 1538 407 loco

73 426 327 478 Περδίκκαν,
362 432 472 461 certe
495 422 540 458 in
573 419 666 459 cod.
683 419 885 473 Magistri
915 420 1038 458 istius
1064 420 1354 473 ita.scriptun1
1390 424 1538 475 fuisse,

75 490 125 519 ut
159 479 401 532 suspicatus
426 488 489 516 est
511 477 702 524 Solorius,
737 475 851 529 quod
883 486 1022 514 tamen
1045 491 1191 528 parum
1215 478 1438 530 probabile
1461 490 1539 531 est,

77 547 151 575 ant
173 534 423 574 sumendum
445 545 530 583 est,
564 533 893 571 fuisseLuciani
920 542 1080 583 aetate,
1116 533 1190 586 qui
1211 534 1269 572 ita
1293 535 1540 587 scriberent,

75 592 320 631 Lucianum
345 605 468 640 vero,
503 605 588 628 non
615 589 782 643 quidem
819 599 1028 641 receptam
1053 590 1302 643 opinionem
1328 593 1450 645 sequi
1474 592 1544 632 de,

78 649 245 695 buisse,
278 657 325 686 ut
355 647 484 685 habet
511 646 705 694 solanus,
739 643 810 684 sed
833 646 979 697 potius
1013 646 1120 684 istos
1148 645 1342 687 homines
1370 658 1541 704 tangere

79 705 280 745 voluisse.
339 705 534 742 Fortasse
552 717 598 742 ea
617 703 706 752 ipsa
732 702 991 750 Stratonice,
1025 703 1136 756 regis
1157 703 1382 745 Perdiccae
1405 720 1540 756 soror,-

81 776 206 804 Quam
229 776 250 800 e
271 759 502 813 Thucydide
523 759 668 797 attulit
687 757 871 807 Solonas,
895 759 988 796 istis
1011 758 1258 798 hominibus
1278 775 1424 814 parum
1446 770 1543 800 c'au·

78 811 136 857 fis
169 816 312 856 fraudi
343 817 450 865 fuit,
482 825 531 853 ut
553 815 592 853 ei
622 813 864 854 Perdiccam
890 814 1158 867 adjicerent.v
1194 816 1258 854 Ita
1293 820 1328 859 εἰ
1358 820 1405 870 δὴ
1434 828 1544 858 esset

79 875 246 913 ironice
277 872 540 913 sumendum,
578 872 697 912 Run.
757 871 876 910 Haec
907 871 985 909 etsi
1016 872 1118 909 satis
1147 872 1363 913 subtiliter
1384 884 1424 915 et
1447 890 1544 926 spe-

79 931 194 969 ciose
230 929 443 981 disputata
474 928 610 973 dicas,
650 927 758 965 mihi
791 937 930 967 tamen
961 943 1048 966 non
1081 928 1366 972 satisfaciunt.
1423 932 1543 971 Mihi

81 989 147 1026 vel
181 994 406 1039 propterea
435 983 560 1023 verba
587 984 690 1034 ista,
722 983 774 1024 de
804 984 955 1036 quibus
983 984 1143 1037 agitur,
1171 985 1430 1028 scholiastae
1455 989 1542 1028 cui-1

79 1042 171 1080 dam
205 1041 351 1080 deberi
382 1040 604 1089 videntur,
637 1040 778 1094 quod,
810 1041 847 1078 si
872 1041 1145 1080 Lucz'anus.ea
1175 1042 1413 1094 scripsisset
1436 1051 1543 1098 'quo-

77 1112 248 1150 cunque
280 1097 446 1136 demum
477 1097 682 1147 consilio,
714 1098 878 1136 mentio
910 1097 1024 1135 illius
1052 1098 1300 1148 Perdiccae,
1334 1101 1362 1138 i.
1391 1115 1425 1141 e.
1455 1102 1542 1138 An-

77 1155 242 1203 tiochi,
275 1153 326 1193 de
349 1168 433 1206 quo
453 1155 668 1206 Appianas
689 1163 828 1192 narrat
847 1155 937 1205 Syr.
961 1168 997 1193 e.
1022 1158 1076 1197 59
1093 1177 1149 1186 --
1164 1160 1233 1198 61.
1252 1157 1475 1196 manifesta
1498 1157 1539 1198 h.

75 1214 104 1251 1.
129 1210 342 1251 laboraret
363 1210 541 1263 ineptia.
602 1211 858 1263 Exemplum
890 1210 1001 1249 enim
1025 1211 1253 1262 Antiochi,
1285 1212 1330 1250 in
1353 1223 1542 1266 tempore

77 1267 249 1322 quidem
272 1281 370 1320 prae
389 1266 541 1304 amoris
565 1267 609 1306 vi
630 1267 901 1309 tabescentis.
935 1267 1110 1310 omnino
1133 1268 1402 1309 vero.robore
1423 1270 1543 1309 virili

75 1337 345 1377 nequaquam
379 1323 583 1372 carentis,
615 1323 788 1363 minime
814 1324 997 1375 proferri
1021 1333 1190 1375 poterat
1212 1324 1263 1363 ad
1287 1340 1380 1364 eum
1407 1326 1542 1381 signi·

75 1379 310 1429 ficandum‚
336 1379 409 1432 qui
432 1378 592 1418 athleta
619 1379 737 1418 reddi
758 1383 873 1418 nulla
897 1389 984 1419 arte
1005 1380 1210 1433 potuerit.
1250 1381 1344 1420 Nec
1364 1397 1430 1421 me
1452 1397 1542 1422 non

78 1435 257 1476 offendit
280 1436 341 1475 sic
362 1441 530 1485 τοῦτον,
562 1451 640 1489 pro
663 1451 748 1488 quo
773 1435 997 1475 <licendum
1018 1436 1174 1476 fuisset
1196 1438 1361 1480 ἐκεῖνον,
1410 1440 1543 1478 Intel-

76 1494 168 1547 ligo
193 1493 340 1546 itaque
370 1492 447 1530 sub
470 1493 545 1532 Ιιοο
568 1492 759 1532 Perdicca
782 1507 874 1530 cum
902 1492 1067 1531 Gesner-o
1092 1497 1305 1546 aequalem
1332 1495 1542 1548 quendam

76 1548 287 1598 Luciani,
311 1548 545 1588 celebratae
568 1549 877 1587 imbecillitatis
901 1547 1140 1599 hominem,
1168 1564 1289 1602 quem
1309 1566 1433 1590 nemo
1452 1566 1542 1590 non

80 1606 206 1644 istius
233 1605 326 1645 aevi
351 1607 557 1644 lectorum
583 1620 810 1658 agnoscere
836 1615 1015 1658 poterat.
1080 1605 1162 1645 Sed
1184 1620 1264 1658 qua
1292 1608 1361 1645 via
1383 1611 1544 1661 glossa-

78 1662 165 1701 tori
193 1670 361 1710 nostro,
401 1661 476 1714 qui
512 1675 592 1700 nos
626 1671 849 1715 tantopere
886 1662 1080 1713 vexavit,
1124 1662 1170 1701 in
1203 1662 1322 1703 hisce
1350 1664 1543 1718 legendis

78 1717 323 1757 Antiochus
347 1718 442 1766 ille,
469 1732 544 1756 rex
567 1718 738 1770 Syriae,
761 1719 805 1756 in
826 1727 1008 1757 mentem
1029 1718 1413 1771 venirepotuerit,
1438 1724 1542 1759 nolo

80 1773 270 1814 definire.
327 1775 522 1812 Fortasse
547 1774 673 1812 finxit
692 1775 862 1826 ineptus
883 1774 1034 1824 homo,
1067 1786 1194 1827 quum
1219 1791 1270 1814 ex
1296 1777 1545 1829 antiquiore

81 1840 271 1883 tempore
300 1840 544 1883 gymnastae
567 1829 827 1869 celeberrimi
855 1831 1056 1870 recensiti
1080 1832 1263 1882 fuerint,
1296 1842 1336 1871 et
1366 1832 1545 1871 Perdic-

81 1902 153 1926 cae
185 1889 421 1939 exemplum
456 1887 547 1924 illic
579 1886 865 1940 quaerendum
899 1901 1010 1939 esset,
1042 1897 1085 1927 et
1119 1901 1246 1940 quum
1276 1888 1545 1940 Perdiccam,

83 1943 159 1996 qui
184 1942 266 1982 huc
299 1943 572 1993 conveniret,
605 1957 690 1982 non
720 1943 986 1992 invenisset,
1009 1943 1214 1997 singulari
1238 1944 1419 1995 quodam
1446 1960 1546 1983 casu

82 2000 128 2038 in
158 1999 419 2038 Antiochum
455 1999 625 2039 incidit.
694 2000 752 2038 Et
778 2014 893 2038 nunc
925 2015 1017 2038 cum
1051 2001 1188 2038 ironia
1227 2002 1367 2053 aliqua
1401 2011 1546 2040 notam

83 2056 205 2094 istam
235 2055 485 2108 adscripsit,
529 2070 651 2111 quam
682 2056 720 2094 si
751 2048 865 2095 minc
895 2059 1054 2110 legeret
1085 2057 1331 2108 Lucianus,
1373 2057 1545 2109 rideret,

82 2111 221 2152 credo.
263 2113 419 2151 LBHM.

198 2168 299 2222 Pag.
320 2173 416 2212 208.
437 2171 463 2210 l.
490 2174 525 2212 1.
551 2166 830 2222 “Τπόσχοιντο
861 2167 911 2211 ἅν
941 2183 1005 2212 σοι
1030 2174 1171 2212 τοῦτον
1193 2169 1450 2224 Περδίκκαν)
1486 2165 1546 2212 Οὐ

85 2229 230 2266 τοῦτον
258 2227 496 2278 Περδίκκαν.
527 2227 737 2276 Rhizon..
802 2224 885 2279 Οὐχ
912 2223 1081 2279 ὖποσχ.)
1112 2227 1182 2270 Sic
1206 2226 1285 2265 Ed.
1313 2227 1348 2268 J.
1371 2227 1545 2280 optime.

83 2282 293 2334 Reliquae
317 2291 360 2320 et
382 2281 474 2333 ipse
494 2283 560 2322 Μ.
585 2283 817 2322 omiserunt
837 2282 943 2322 illud
972 2281 1064 2336 οὐχ,
1095 2294 1222 2336 atque
1250 2283 1355 2326 adeo
1377 2298 1546 2325 sensum

87 2338 392 2391 depravarunt,
426 2352 548 2391 quem
579 2353 630 2377 ex
649 2339 825 2393 ingenio
852 2339 1275 2381 restituere-conatus
1296 2349 1358 2379 est
1379 2340 1546 2380 Marci-

85 2394 182 2445 lius,
216 2405 258 2433 et
280 2404 377 2446 post
395 2407 485 2432 eum
513 2395 706 2434 Vorstius.
738 2395 906 2435 SoLAx.
1161 2426 1163 2429 .
1394 2406 1398 2426 ῖ

198 2451 303 2490 Εαιῖ.
331 2453 360 2489 1.
380 2455 418 2493 2.
462 2452 717 2505 Περδίκκαν)
758 2451 892 2504 Quem
924 2452 1164 2493 Perdiccam
1189 2451 1328 2502 velit,
1372 2461 1443 2497 aut
1473 2466 1546 2491 cur

88 2507 174 2546 huc
208 2507 464 2555 adducatur,
499 2507 602 2547 mihi
635 2521 721 2546 non
753 2509 904 2560 liquet.
964 2509 1151 2563 Atz'quae
1183 2507 1474 2547 de-Antiocho
1503 2518 1547 2548 et

91 2565 352 2615 Stratonice,
385 2575 483 2602 nota
519 2579 609 2602 cum
630 2579 682 2602 ex
705 2564 799 2616 ipso
819 2564 1024 2613 Lucieno,
1058 2566 1130 2618 qui
1149 2565 1197 2602 in
1220 2563 1279 2611 *de
1302 2565 1398 2603 Dea
1423 2564 1545 2616 Syria

94 2634 183 2671 cap,
206 2625 269 2663 17.
293 2631 335 2660 et
360 2625 422 2663 18,
445 2621 539 2658 fuse
563 2630 748 2668 enarrat,
783 2630 821 2657 et
849 2622 1000 2658 iterum
1027 2621 1165 2673 tangit
1182 2621 1330 2666 Saltat.
1356 2636 1391 2660 c.
1415 2625 1483 2665 58.
1505 2631 1548 2660 et:

92 2676 201 2717 lcar.
225 2692 314 2730 cap.
344 2680 406 2720 15.
428 2687 515 2715 tuin
543 2692 593 2715 cx
618 2677 723 2715 I'lut.
755 2677 824 2726 (in
855 2678 1043 2715 Uenietr.
1068 2683 1187 2720 1660.
1211 2699 1261 2721 ,-—
1286 2686 1327 2723 et
1344 2682 1446 2722 607..
1466 2678 1545 2726 Β.)

93 2732 310 2786 Appiano,
331 2734 354 2787 (
369 2739 467 2790 Συρ.
503 2747 541 2788 p.
565 2738 629 2778 87.
660 2733 739 2772 Ed.
773 2732 867 2788 St.)
907 2732 1328 2790 Calcqu(n2;vt00y·)
1363 2732 1547 2788 aliisque
