1834 3188
358 214 467 262 198·

235 333 487 382 p.34.ennsv
520 324 734 370 Αἰάντειόν
768 341 859 370 τινα
895 326 971 382 τὴν
1009 330 1226 383 κορωνίδα.
1294 328 1547 384 σπασάμενος
1582 330 1658 388 γὰρ
1696 331 1741 375 τό

234 403 341 438 1³·55·
355 398 473 448 ξίφος
504 394 679 452 εὐγενῶς
710 394 842 447 πάνυ,
884 398 951 439 καὶ
983 395 1037 447 ὥς
1070 392 1299 451 Ἀφροὲνιον
1334 396 1441 446 εἰκὸς
1469 396 1548 452 ἦν,
1579 400 1744 443 πάντων

626 461 855 518 α’πέσφαξεν
875 460 911 515 f)
944 464 1086 509 ἑαυτὸν
1131 467 1194 508 ἐπὶ
1230 469 1286 521 τῷ
1315 463 1456 522 τάφῳ,

843 228 1247 262 LUCIANI

355 461 564 520 ὁρώντων,
1520 465 1594 509 οὐκ
1647 466 1745 510 οἶνοί-

351 535 437 583 ξιος
461 530 539 583 ὢν,
574 531 627 587 μοὶ
656 533 725 574 τόν
752 532 994 586 Ἐνυάλιον,
1025 533 1103 589 πρὸ
1134 537 1286 576 πολλοῦ
1319 527 1567 587 α’πυθανεῖν,
1600 539 1636 579 εἰ
1662 553 1747 578 τοι-

353 604 454 643 αὕτα
474 599 733 656 ἕῤῥητόρευε·
779 603 847 644 καὶ
868 607 984 644 τοῦτο
1009 604 1085 655 ἔφη
1108 602 1264 650 ἰδόντας
1285 599 1378 650 τούς
1396 599 1596 656 παρόντας
1618 602 1744 645 ἅπαν-

351 686 442 720 τας,
473 668 686 722 θαυμάσαι
700 703 711 720 ,
741 671 807 712 καὶ
827 668 1139 726 ὑπερεπαινέσαι
1157 669 1226 713 τὸν
1242 666 1478 725 Ἀφράνιον.
1520 670 1595 727 ἐγώ
1616 673 1657 715 δὲ
1674 674 1743 715 καὶ

350 734 474 778 τόίλλα
497 740 540 786 g)
570 738 639 791 μὲν
665 735 791 780 αὐτοῦ
820 741 1135 794 κατεγίγνωσκον
1157 735 1232 795 ¹¹),
1265 740 1482 793 μονονουχὶ
1515 742 1653 793 ζωμῶν
1675 741 1744 782 καὶ

351 803 541 847 λοπάδων
564 802 596 859 i)
627 808 905 861 μεμνημένου,
937 809 1003 849 καὶ
1033 807 1350 862 ἐπιδακρύοντος
1369 813 1417 865 τῇ
1438 813 1518 850 τῶν
1541 805 1746 851 πλακούν-

351 890 432 914 των
452 872 610 928 μνήμῃ·
641 879 758 918 τοῦτο
785 876 826 918 δὲ
857 875 1025 929 μάλιστα
1051 874 1297 934 ᾐτιασάμην,
1330 874 1390 919 ὅτι
1410 874 1463 929 μὴ
1487 874 1559 917 τὸν
1578 891 1749 931 συγγρα-

353 942 431 994 φέα
455 943 522 983 καὶ
546 940 786 985 διδάσκαλον
808 948 882 986 τοῦ
911 941 1111 999 δράματος
1132 940 1183 997 k)
1214 942 1560 1000 προαποσφάξας,
1592 940 1747 986 α’πέθα-

270 1013 325 1053 27
352 1027 409 1052 νε.
1729 1001 1747 1008 ”

351 1078 504 1132 ἑταῖρε,
537 1077 944 1134 καταριθμήσασθαι,
977 1076 1124 1135 θ’λίγων
1150 1079 1256 1135 ὅμως
1279 1082 1553 1135 ἐπιμνησθεὶς,
1586 1081 1652 1122 ἐπὶ
1670 1083 1746 1133 τὴν

350 1147 488 1200 ἑτέραν
512 1144 730 1201 ὑπόσχεσιν
761 1146 843 1201 ἤδη
876 1146 1177 1203 μετελεύσομαι,
1222 1149 1297 1203 τὴν
1328 1146 1586 1204 συμβουλὴν,
1636 1145 1748 1196 ὅπως

351 1212 402 1256 ὅῖν
432 1213 596 1269 ἄμεινον
630 1215 858 1272 συγγράφοι
884 1233 955 1265 τις.
1001 1218 1077 1258 εἰσὶ
1108 1215 1183 1272 γάρ
1213 1235 1337 1267 τινες,
1372 1220 1412 1258 οἳ
1440 1214 1488 1257 τὰ
1508 1213 1657 1270 μεγάλα
1675 1214 1748 1268 μὲν

472 1009 658 1060 Πολλούς
689 1012 730 1053 δὲ
758 1013 825 1054 καὶ
860 1010 1006 1059 ἄλλους
1037 1008 1206 1065 ὁμοίους
1226 1010 1264 1063 l)
1294 1013 1451 1062 τούτοις
1480 1014 1580 1066 ἔχων
1599 1026 1680 1063 σοι,
1713 1009 1746 1053 ὦ

348 1285 427 1323 τῶν
446 1285 760 1338 πεπραγμένων,
794 1287 861 1327 καὶ
884 1283 1227 1339 ἀξιομνημόνευτα
1256 1287 1593 1340 παραλείπουσιν,
1623 1280 1650 1336 ἢ
1671 1299 1748 1324 πα-

350 1352 583 1406 ραθέουσιν,
616 1349 691 1394 ὗπό
716 1353 756 1396 δὲ
776 1356 973 1404 ἰδιωτείας
993 1355 1074 1408 ¹¹¹),
1104 1356 1172 1397 καὶ
1192 1351 1490 1410 ἀπειροκαλίας,
1522 1353 1592 1394 καὶ
1609 1349 1749 1408 ἀγνοί-

393 1460 551 1544 DSOZJI
533 1465 900 1548 ἓξίῗᾶἵέιιεῑνέείέῗέιὲ.
906 1468 1110 1572 ‘liabgge‘cjtic'
1122 1469 1206 1549 λἙλΙοι
1216 1467 1554 1565 ]H‚‚·1:Li>i;122„lizs1Lugiiili.t
1563 1465 1745 1556 ιιῖῖῖχαιζιέἶ(

438 1556 489 1589 Et
517 1558 559 1590 B.
593 1570 622 1593 ι.
651 1569 681 1600 3.
758 1558 805 1600 h)
842 1561 1257 1604 κατεγίγνωσκον]
1294 1555 1624 1603 ,,καταγιγνω’σκων
1652 1558 1710 1590 W.
1717 1558 1742 1576 “

436 1602 718 1647 καταγιγνώσκω
748 1616 851 1648 3011.
924 1608 958 1646 1')
993 1605 1244 1650 λοπάδων]
1286 1608 1501 1647 ,,λοπαόίων
1531 1604 1586 1637 Fl.
1644 1605 1741 1637 Cum

438 1650 591 1692 vulgata
623 1651 767 1683 faciunt
801 1658 887 1685 cett.
919 1658 955 1685 et
987 1655 1041 1686 M.
1049 1655 1072 1672 ‘⁶
1142 1653 1188 1696 k)
1216 1651 1496 1695 δράματος]
1529 1646 1742 1694 πράγματος

438 1696 542 1740 2956.
603 1696 641 1738 1)
671 1692 898 1742 ὁμοίους]
924 1696 1094 1742 ,,ὁμοίως
1124 1700 1182 1734 W
1190 1700 1211 1718 “
1277 1700 1343 1740 m)
1369 1697 1656 1738 ἰδιωτείας]
1682 1696 1744 1740 „6-

350 1823 476 1850 num:
509 1809 662 1851 deinde
683 1822 860 1851 sumtam
885 1813 934 1852 ab
957 1814 1012 1852 A·

1073 1817 1388 1869 placentarum;
1422 1812 1506 1851 hoc
1537 1826 1638 1853 vero
1660 1826 1743 1852 no-

347 1866 450 1917 jacis
480 1866 626 1906 fabula
659 1869 907 1908 coronidem
937 1871 1014 1908 im·

1073 1872 1190 1910 mine
1215 1871 1397 1909 maxime
1422 1871 1542 1908 illum
1572 1869 1742 1908 inausa.-

346 1923 489 1973 ponit.
552 1925 712 1964 Stricto
756 1927 869 1966 enim
913 1940 1014 1966 ense

346 1992 549 2030 generose
572 1996 695 2030 sane,
755 1992 798 2021 et
821 1992 868 2020 ut
890 1982 1015 2022 dece-

349 2034 419 2072 bat
452 2037 700 2085 Afianium,
736 2039 781 2076 in
813 2053 1014 2091 conspec-

346 2098 393 2127 tu
416 2093 606 2130 omnium
630 2094 680 2131 ad
704 2097 941 2146 sepulcrum
965 2108 1010 2133 se

347 2145 588 2197 interemit,
638 2164 725 2187 non
775 2150 1006 2204 indignus,

345 2202 404 2240 ita
423 2218 486 2243 me
512 2205 626 2243 Mars
647 2215 770 2255 amet,
805 2208 879 2260 qui
903 2210 1011 2245 mul-

345 2267 391 2297 to
417 2271 513 2299 ante
536 2272 794 2310 moreretur,
838 2263 877 2300 si
909 2263 1011 2316 qui-

346 2313 440 2354 dem
480 2316 733 2356 declamavit
768 2318 883 2358 talia.
952 2320 1010 2358 Et

345 2369 440 2421 hoc,
458 2373 532 2422 ait,
561 2388 652 2412 cum
676 2373 872 2414 viderent
892 2390 1010 2428 piae-

343 2438 495 2478 sentes,
531 2444 675 2469 omnes
698 2429 927 2469 admiratos
949 2446 1011 2471 es-

344 2495 409 2529 se,
445 2496 485 2522 et
504 2500 631 2536 supia
656 2486 826 2526 modum
847 2489 1011 2526 laudas-

343 2550 385 2575 se
407 2539 644 2580 Afianium.
677 2544 771 2597 Ego
794 2558 892 2583 vero
921 2554 1010 2584 tum

347 2595 506 2647 reliqua
527 2598 642 2635 illius
662 2598 907 2638 damnabam
912 2601 1008 2654 ‚qui

346 2658 509 2689 tantum
551 2667 637 2691 non
671 2658 933 2706 jusculoiuin
967 2666 1011 2695 ct

350 2706 584 2757 patinarum
624 2711 906 2761 meminisset,
952 2712 1010 2750 il-

346 2764 733 2818 lacrumareturque
800 2767 1010 2806 mentioni

1074 1928 1193 1977 bam,
1236 1925 1349 1980 quod
1385 1940 1472 1964 non
1506 1924 1738 1964 interfecto

1073 1994 1198 2022 antea
1235 1983 1465 2033 scriptore,
1517 1982 1591 2034 qui
1629 1980 1739 2019 hanc

1074 2040 1260 2077 fabulam
1304 2037 1476 2086 docuit,
1529 2047 1618 2075 tum
1665 2036 1740 2076 de-

1067 2111 1182 2134 mum
1218 2104 1409 2132 mortuus
1443 2104 1518 2133 est.
1588 2093 1738 2133 Caete-

1067 2167 1158 2190 rum
1189 2154 1347 2190 multos
1380 2151 1505 2189 etiam
1540 2149 1646 2188 alios
1679 2149 1736 2187 si..

1067 2208 1188 2247 miles
1214 2207 1357 2257 hisce,
1400 2221 1495 2245 cum
1520 2219 1736 2245 enumera-

1068 2278 1112 2302 re
1154 2263 1259 2314 tibi,
1308 2262 1495 2309 sodalis,
1546 2262 1732 2314 possim;

1068 2329 1208 2359 tamen
1232 2334 1463 2373 paucorum
1492 2329 1644 2357 mnium
1671 2317 1735 2354 fa-

1070 2386 1135 2415 cta
1180 2376 1399 2415 mentione
1448 2374 1499 2412 ad
1559 2376 1736 2412 alterum

1067 2433 1322 2486 promissum
1337 2446 1469 2470 meum
1496 2432 1578 2482 jam
1601 2438 1737 2467 trans-

1070 2489 1164 2538 ibo,
1214 2488 1266 2526 ad
1314 2487 1566 2535 consilium,
1625 2499 1732 2538 quo-

1069 2545 1197 2583 modo
1240 2543 1335 2597 quis
1374 2541 1531 2580 scribat
1566 2542 1731 2581 melius.

1069 2601 1179 2640 Sunt
1201 2600 1336 2648 enim,
1370 2598 1443 2652 qui
1473 2611 1624 2651 magna
1659 2612 1732 2638 ne-

1068 2656 1186 2709 gotia
1242 2663 1283 2693 et
1324 2654 1453 2708 digna
1497 2663 1732 2692 memoratu

1067 2720 1413 2763 praetermlttunt
1426 2719 1497 2747 aut
1521 2719 1730 2748 transcur-

1068 2775 1191 2812 runt3
1226 2781 1323 2818 prae
1347 2765 1518 2804 inscitia
1540 2780 1655 2815 vero,
1688 2774 1731 2805 et
