1834 3188
233 275 364 316 p.804.

235 692 272 726 P·
284 686 365 726 805.

373 156 438 203 88

857 167 1264 203 LUCIANI

488 269 623 309 AYK.
660 262 784 309 Οἶσθ’
817 261 893 309 οὖν
916 266 938 308 ὃ
962 265 1123 322 δράσεις
1140 270 1211 322 ¹¹)‚·
1242 269 1330 322 ἐμοὶ
1349 269 1442 323 μὲν,
1474 268 1601 325 ὥςπερ
1618 287 1749 327 κορυ-

374 336 608 389 βαντιῶντι,
639 332 694 388 μὴ
719 333 889 389 πρόςεχε
917 333 987 377 τὸν
1016 342 1140 385 νοῦν,
1172 333 1262 378 ἀλλ’
1291 339 1334 378 ἴεά
1362 342 1515 392 ληρεῖν·

1557 337 1605 380 σύ
1634 338 1672 381 δ’
1703 336 1758 388 ὥς

374 403 492 456 ἔχεις,
538 401 735 458 προχώρει
761 405 801 452 ἐς
824 401 868 445 τὸ
899 401 1082 458 πρόσθεν
1111 409 1189 461 μτῆς
1219 401 1338 457 ὁδοῦ,
1378 408 1445 448 καὶ
1471 407 1632 463 πέραινε
1659 405 1761 450 κατὰ

375 468 424 514 τὰ
446 472 485 520 ἐξ
508 467 632 525 ἀρχῆς
655 485 719 512 σοι
745 471 961 526 δεδογμένα
977 474 1066 528 περὶ
1089 470 1257 515 τούτων.

491 544 630 580 ΕΡΜ.
656 534 757 580 Ἀλλ’
791 536 865 581 οὐκ
897 539 964 596 ἐᾷς
993 539 1041 583 σύ
1071 544 1202 597 βίαιος
1232 538 1289 583 div
1317 543 1517 597 αἶρεῖσθαί
1542 560 1601 596 τι,
1633 540 1685 596 ἢν
1705 540 1760 596 μὴ

376 611 561 661 πειραθῶ
576 604 783 652 ἁπάντων.

491 681 628 719 ΛΤΚ
661 678 741 720 Καὶ
764 675 842 731 μὴν
861 671 910 720 εὖ
927 677 1070 719 εἰδέναι
1086 676 1183 732 χρὴ,
1217 695 1270 727 ως
1301 675 1375 720 οὐκ
1397 675 1447 720 c’lv
1467 695 1562 721 ποτε
1582 676 1677 721 α’λλο
1700 678 1762 721 εἷ’-

213 745 316 781 Hom
323 746 367 779 ῙῙ-
381 760 508 798 ποιμι.
538 748 672 799 βίαιον
690 746 730 787 δὲ
751 747 875 801 λέγων
903 747 984 799 ἐμὲ,
1016 743 1197 788 αναίτιον
1221 750 1350 795 δοκεῖς
1375 764 1442 800 μοι
1459 744 1558 788 κατὰ
1578 745 1648 788 τὸν
1670 764 1762 789 ποι-

214 790 268 825 ΧΙ
269 792 370 836 ,.654

300 1216 357 1258 64

380 809 481 865 ητὴν
518 815 745 865 αἰτιᾶσθαι,
787 810 910 857 αὐτὸν
930 813 1059 869 ο·’),”
1038 811 1115 863 εςτ’
1150 811 1200 856 ὃν
1233 832 1284 867 μη
1315 812 1444 869 ετερός
1475 829 1537 856 σοι
1556 816 1603 864 p)
1634 811 1765 870 λόγος,

381 880 657 935 συμμαχήσας,
690 879 885 937 ἀφέληται
914 887 984 936 τῆς
1012 884 1124 937 βίας,
1155 880 1232 935 ἤδη
1256 879 1378 938 αγόμε
1364 900 1466 925 ε.νον

1517 879 1608 924 ἰδού
1636 884 1678 937 γε’
1703 900 1763 924 τοι

433 949 442 964 ι
506 948 516 961 t
695 955 710 963 ω
826 949 835 962 r
1012 953 1021 966 μ
1073 949 1094 964 u
1229 947 1241 961 r·
1294 949 1303 963 t
1383 964 1391 972 ·
1462 948 1470 963 ι
1524 947 1533 962 ³
1561 952 1571 967 5
1618 957 1635 964 .,
1715 954 1724 971 (

379 965 446 992 παι
468 953 561 992 ταδε
576 956 706 1008 πολλῳ
730 954 932 1006 βιαιοτερα
945 968 1046 1005 φαιη
1068 968 1118 992 αν
1141 965 1205 994 σοι
1220 969 1240 993 ο
1260 956 1377 1007 λυγος
1425 965 1473 994 συ
1496 954 1518 993 δ
1554 968 1705 994 εκεινον
1723 951 1764 1007 1)

380 1018 541 1072 παρεὶς,
573 1019 637 1072 ἐμὲ
658 1022 752 1068 ἴσως
776 1018 947 1078 αἰτιάσῃ-

495 1089 640 1128 ΕΡΜ.
678 1086 732 1131 Τὰ
763 1095 884 1142 ποῖας
913 1084 1110 1142 θαυμάζω
1136 1086 1213 1144 γάρ
1233 1088 1325 1129 εἴτι
1346 1085 1522 1143 ἄῤῥητον
1543 1089 1766 1131 καταλέλει-·

379 1167 473 1193 πται
495 1171 614 1195 avico.

1305 1221 1314 1236 ἱ

494 1222 749 1278 AYK-0132
788 1224 930 1268 ἱκανὸν
967 1222 1070 1266 εἷναί
1103 1238 1205 1277 φησι
1230 1253 1241 1272 ,
1273 1241 1317 1265 το
1338 1225 1382 1272 ι’)
1414 1222 1546 1265 πάντα
1573 1226 1670 1266 ἰδεῖν
1699 1225 1768 1267 καὶ

381 1290 594 1337 διεξελθεῖν
617 1289 672 1332 δι’
695 1291 848 1342 αὐτῶν,
881 1311 935 1342 ως
955 1293 1056 1346 ἔχειν
1074 1290 1152 1345 η’δη
1182 1292 1342 1334 ἑλέσθαι
1363 1291 1407 1334 τὸ
1427 1293 1646 1347 βέλτιστον,
1677 1289 1763 1333 αλλ’

380 1356 436 1400 ἔτι
459 1361 536 1399 τοῦ
555 1361 738 1415 μεγίστου
762 1361 893 1403 ἐνδεῖν
910 1361 964 1412 s).

470 1463 525 1497 ΡΙ.
546 1464 592 1500 Η.
612 1466 694 1499 Pa1.
715 1471 784 1500 etc.
805 1472 841 1499 et
863 1466 950 1500 M.“
1009 1467 1060 1510 n)
1088 1464 1320 1522 δράσεις]
1347 1476 1479 1509 φρασω
1498 1474 1599 1509 2954.
1626 1466 1764 1510 δρᾶσον

474 1512 571 1565 conj.
593 1513 759 1544 Abresch.
785 1513 867 1545 Vid
890 1513 1023 1546 Adnot-

472 1552 597 1596 αὕτως
619 1558 767 1591 Μανι-ιῖ.
791 1560 846 1593 Μ.
867 1558 904 1590 in
923 1559 1036 1592 litura
1054 1572 1087 1593 ν

473 1613 541 1645 μοι
565 1604 660 1657 conj.
687 1603 858 1641 Ili'ſtrelatcl
891 1605 971 1637 Vid.
994 1605 1127 1638 Adnot.

474 1649 517 1691 r)
543 1645 619 1694 τὸ]
645 1649 735 1692 „Sic
751 1651 781 1684 J.
803 1651 849 1684 H.
874 1650 910 1683 S.
928 1664 974 1686 τα
993 1652 1076 1685 Par.
1081 1652 1105 1671 ‘⁴

383 1740 430 1779 in
470 1739 690 1790 doctrina,
740 1751 790 1781 tu
828 1758 954 1794 vero,
999 1743 1043 1783 id

384 1797 535 1835 aetatis
557 1797 708 1848 homo,
740 1808 781 1838 te
802 1801 1042 1854 neglexisti.

438 1852 541 1909 Lyc.
574 1855 662 1894 Scis
688 1869 811 1908 ergo,
854 1856 957 1909 quid
982 1857 1043 1895 fa-

385 1909 506 1950 cias?
537 1910 654 1948 Mihi
676 1911 871 1964 quidem,
905 1923 953 1951 ut
973 1927 1045 1965 pa..

384 1980 476 2004 rum
514 1980 638 2005 sanae
681 1969 834 2006 mentis
874 1969 1042 2008 homini

384 2022 477 2060 noli
502 2023 685 2061 animum
715 2023 946 2071 advertere,
970 2025 1055 2077 sed,

385 2077 562 2117 delirare
583 2094 647 2118 me
669 2079 821 2119 sinito:
854 2090 902 2119 tu
921 2096 1042 2133 vero,

383 2143 433 2172 ut
464 2133 615 2185 habes,
648 2150 773 2190 perge
806 2138 941 2187 viam,
975 2148 1039 2188 et,

383 2199 432 2228 ut
462 2190 511 2228 ab
536 2191 664 2229 initio
698 2192 779 2229 tibi
808 2193 946 2232 visum
980 2204 1042 2233 est

385 2245 436 2286 de
463 2246 585 2286 rebus
609 2246 748 2297 hisce,
783 2250 842 2287 ita
877 2250 1042 2301 perfice.

441 2303 578 2345 Her-,m
611 2303 691 2343 Sed
722 2314 791 2355 tu,
826 2305 1042 2345 violentus

384 2357 537 2408 homo,
586 2374 672 2398 non
703 2362 858 2413 pateris
887 2363 1043 2417 eligere

385 2429 450 2453 me
476 2415 732 2469 quidquam,
766 2418 849 2456 nisi
886 2422 1044 2471 explo—

383 2470 485 2508 ratis
505 2481 602 2511 ante
623 2449 828 2516 omnibus.

443 2526 546 2580 ch.
595 2529 726 2584 Atqui
763 2530 869 2571 bene
899 2532 1041 2582 noris,

388 2595 604 2636 nunquam
635 2585 751 2624 aliud
792 2602 856 2627 me
894 2587 1044 2627 dictu-

387 2652 493 2679 rum.
553 2640 658 2678 Cum
681 2656 781 2681 vero
805 2644 1044 2682 violentum

388 2707 452 2733 me
482 2709 628 2747 vocas,
675 2696 945 2740 innocentem
975 2701 1044 2739 vi·

1077 1515 1122 1556 ο)
1150 1525 1204 1546 αν
1218 1509 1322 1555 τὸν]
1352 1512 1481 1553 „Nihil
1500 1518 1648 1545 mutant
1667 1513 1764 1546 Edd.

1137 1559 1197 1592 Sic
1218 1563 1324 1590 notat
1345 1558 1504 1591 .’,.5ὀ[(ιιιιις
1511 1559 1535 1576 “
1584 1561 1630 1602 p)
1658 1559 1760 1603 σοι]

1179 1606 1260 1649 q)
1252 1601 1473 1647 ἐκεῖνον]
1501 1601 1707 1639 ἐκείνωνΒ.
1730 1616 1765 1649 3.

1173 1654 1209 1694 s)
1238 1648 1427 1693 ἐνδεῖν]
1451 1648 1668 1694 ,,ενδεῖςΡ1.
1716 1653 1765 1684 At

1103 1742 1213 1783 deris
1230 1743 1356 1792 mihi,
1388 1752 1435 1780 ut
1453 1753 1516 1782 est
1532 1742 1654 1809 apud·
1662 1747 1762 1796 ροέ·

1102 1810 1211 1850 tam,
1263 1814 1485 1846 accusare,
1539 1801 1611 1854 qui
1643 1800 1760 1852 ipse,

1103 1855 1240 1895 donec
1273 1856 1357 1894 alia
1389 1856 1496 1895 ratio
1530 1866 1763 1895 succentu-

1101 1913 1207 1950 riata
1232 1927 1253 1950 a
1277 1912 1320 1949 vi
1334 1922 1403 1950 tua
1425 1912 1663 1961 meliberet,
1679 1915 1762 1964 jam

1101 1969 1332 2008 auferatur.
1394 1968 1505 2007 Ecce
1538 1969 1648 2007 enim
1677 1969 1760 2007 ista

1102 2028 1234 2063 multo
1259 2029 1339 2077 jam
1363 2024 1622 2063 violentiora
1646 2024 1764 2066 dixe·

1101 2081 1159 2119 rit
1184 2081 1264 2119 tibi
1286 2081 1407 2121 ratio.
1467 2082 1531 2118 Tu
1553 2095 1665 2132 vero,
1690 2081 1764 2119 illa

1103 2137 1271 2186 omissa,
1303 2151 1366 2175 me
1396 2137 1507 2175 forte
1528 2136 1760 2178 accusabis.

1156 2193 1293 2232 JJerm.
1337 2191 1493 2246 Quae?
1539 2193 1681 2232 Miror
1710 2207 1763 2232 e—

1101 2249 1212 2298 nirn,
1263 2250 1299 2287 si
1340 2249 1443 2301 quid
1482 2248 1691 2288 indictum
1721 2248 1763 2288 ei

1102 2306 1438 2359 praetermissum
1461 2305 1532 2345 sit.

1156 2362 1252 2414 Lyc.
1283 2362 1422 2416 Negat
1440 2361 1565 2408 ratio,
1596 2359 1760 2401 suffice-

1100 2433 1167 2468 re,
1200 2418 1234 2456 si
1256 2433 1330 2471 per
1355 2431 1432 2456 nos
1467 2416 1683 2455 videamus
1716 2426 1760 2457 et

1101 2452 1397 2527 peisequamur
1415 2473 1569 2522 omnia,
1589 2473 1638 2511 ad
1659 2473 1755 2523 hoc,

1100 2533 1248 2584 utjam
1289 2530 1465 2583 eligere,
1498 2528 1610 2582 quod
1645 2530 1757 2582 opti-

1100 2601 1212 2625 mum
1233 2595 1319 2635 est,
1354 2599 1568 2638 queamus;
1603 2585 1673 2624 sed
1693 2600 1755 2636 eo,

1103 2641 1216 2696 quod
1244 2641 1471 2680 maximum
1501 2650 1586 2692 est,
1619 2641 1757 2681 adhuc

1102 2712 1207 2751 opus
1231 2711 1329 2738 esse.
