1834 3188
420 250 740 282 HERMOTIMUS
775 249 876 281 stVE
912 249 979 279 DE
1013 250 1185 282 SECTIS.
1432 240 1493 287 13

229 353 366 392 EPM.
390 348 508 391 Ἀλλά
535 354 593 404 τῷ
619 345 843 403 διδασκάλῳ
871 346 1043 390 πιστεύω
1071 348 1248 404 λέγοντι·
1281 346 1305 392 ὅ
1326 350 1368 393 δὲ
1384 348 1493 395 πάνυ
1507 365 1636 409 p‚746.

114 416 246 470 οἶδεν,
278 417 346 461 ἅτε
366 415 583 472 ἀκρότατος
601 417 679 472 ἤδη
699 416 770 459 ὤν.

227 492 362 530 ΛΤΚ.
391 486 530 544 ’Έλεγε
559 488 620 538 δὲ,
662 485 766 541 πρὸς
790 490 921 537 θεῶν,
965 491 1062 527 ποῖα
1088 483 1136 526 τὰ
1163 486 1255 540 περὶ
1281 484 1435 538 αὐτῶν,
1466 487 1497 543 ἢ

109 558 198 598 τίνα
219 559 264 607 ¹¹⁸)
293 555 366 609 τήν
387 553 646 610 εὐδαιμονίαν
677 554 778 597 εἶναι
811 552 885 606 τὴν
915 555 1014 605 ε’κεῖ,·
1043 550 1151 608 ἦπου
1175 552 1264 596 τινα
1293 560 1494 609 πλοῦτον,

109 627 177 667 καὶ
197 623 341 675 δόξαν,
372 627 440 667 καὶ
460 622 613 678 ἡδονὰς
633 620 982 677 ἆνυπεοβλητους,·

226 699 367 735 EPM.
401 689 618 745 Ευφήμει,
653 692 682 734 ὠ
704 693 843 747 ἑταῖρε.
877 687 994 733 οὐδὲν
1019 687 1093 746 γάρ
1116 692 1195 733 ἐστι
1213 696 1359 744 ταῦτα,
1391 692 1495 750 πρὸς

110 762 219 804 τὸν’
202 780 244 805 εν
261 767 312 819 τῇ
332 758 451 818 ἆρετῃ
471 764 576 811 βίον.

223 835 357 872 AYK.
377 834 418 882 ⁵)
445 828 560 871 Ἀλλά
587 832 675 872 τίνα
709 830 811 883 φησὶ
840 826 1021 883 τᾶγαθᾶ,
1062 831 1099 871 εἰ
1126 826 1180 884 μὴ
1207 834 1359 882 ταῦτα,
1395 831 1495 881 ἕξειν

108 898 212 956 πρὸς
235 898 279 942 τό
300 900 409 947 τέλος
426 903 496 951 τῆς
520 896 726 951 ἀσκήσεως
745 895 960 949 ἒλθόνταςς

229 972 367 1009 ΕΡΜ.
400 970 581 1020 Σοφίαν,
613 968 679 1009 καὶ
698 963 869 1018 ἀνδρίαν
888 963 951 1020 t)‚
983 967 1051 1008 καὶ
1070 965 1114 1008 τὸ
1133 964 1258 1008 καλὸν
1277 965 1395 1018 αὐτὸ,
1423 969 1496 1011 καὶ

106 1034 150 1078 τὸ
182 1037 366 1085 δίκαιον,
405 1037 472 1078 καὶ
502 1034 546 1077 τὸ
575 1034 707 1077 πάντα
739 1037 978 1077 ἐπίστασθαι
1008 1036 1178 1088 βεβαίως
1206 1037 1494 1089 πεπεισμένον,

106 1098 136 1160 ᾗ
159 1105 301 1146 ἕκαστα
320 1106 406 1158 ἔχει.
437 1101 639 1152 πλούτους
661 1104 714 1152 δὲ,
742 1105 809 1145 καὶ
826 1100 958 1154 δόξας,
990 1104 1057 1144 καὶ
1077 1099 1244 1156 ἡδονὰς,
1276 1105 1343 1145 καὶ
1363 1101 1438 1146 ὅσα
1452 1107 1493 1156 ¹²)

103 1178 177 1214 τοῦ
199 1170 401 1227 σώματος,
433 1169 564 1214 πάντα
591 1177 715 1215 ταῦτα
736 1170 842 1215 κάτω
872 1167 1029 1226 ἀφῆκε,
1060 1172 1129 1214 καὶ
1157 1169 1492 1227 ἀποδυσάμενος,

150 1312 194 1355 r)
220 1308 246 1355 ἢ
270 1311 403 1357 τίνα]
431 1313 539 1346 Hane
564 1318 727 1346 veterem
748 1311 952 1345 lectionem
986 1321 1073 1344 cum
1101 1310 1196 1354 50:322.
1224 1317 1370 1344 secutus
1395 1322 1492 1346 sum.

197 1360 315 1393 Hertz,
340 1361 420 1410 Bis).
440 1367 474 1391 et
485 1360 598 1392 Stlmz.
620 1371 809 1403 perperam
830 1359 1027 1391 ediderunt
1048 1351 1069 1400 η’
1087 1369 1182 1390 τινα.
1230 1357 1406 1398 Ejusdem
1427 1368 1494 1401 ge-

194 1405 293 1436 neris
316 1404 449 1438 vitium
472 1411 526 1437 est
556 1405 750 1438 temeraria
780 1416 911 1437 vocum
935 1403 997 1437 καὶ
1014 1404 1068 1442 τίς
1087 1409 1121 1435 et
1150 1403 1212 1436 καί
1238 1416 1295 1442 τις
1321 1415 1494 1436 commu-

195 1450 289 1482 tatio
308 1450 421 1482 Diall.
452 1452 569 1484 NIarr.
593 1453 634 1493 V,
661 1464 691 1485 2.
722 1452 831 1484 Tom.
851 1452 898 1483 11.
923 1462 958 1494 p.
986 1462 1062 1493 ¹09·
1110 1450 1195 1482 Post
1225 1447 1300 1483 ἐκεῖ
1330 1450 1494 1481 Schmie-

196 1497 298 1527 clerus
328 1503 428 1530 recte
456 1498 581 1540 posuit
604 1497 914 1540 interrogationis
944 1504 1089 1538 notam,
1117 1506 1229 1539 qnam
1255 1495 1399 1540 priores
1420 1506 1492 1528 ne·-

196 1542 397 1585 glexerant.
448 1546 487 1585 s)
517 1547 547 1577 A
566 1546 652 1580 ΤΚ
664 1549 678 1585 ]
707 1543 837 1585 „Male
866 1543 992 1575 deerat
1008 1542 1099 1574 haec
1118 1553 1279 1586 persona
1296 1543 1335 1574 111
1354 1543 1385 1575 J.
1405 1541 1490 1574 Ald.

195 1590 243 1633 (1.
263 1594 298 1620 et
321 1592 368 1625 2.)
389 1591 448 1623 Fr.
470 1591 514 1625 H.
536 1590 662 1623 aderat
687 1590 725 1622 in
755 1589 898 1633 reliqq.
908 1595 944 1621 et
965 1599 1080 1632 marg.
1103 1590 1143 1621 A.
1168 1599 1198 1622 1.
1217 1588 1276 1622 W.
1302 1587 1373 1621 duo
1394 1599 1493 1642 pun-

197 1641 277 1675 cta,
305 1635 438 1680 quibus
458 1648 540 1680 pers
546 1648 638 1669 onae
657 1637 779 1669 solent
798 1635 995 1679 designari.
1003 1637 1025 1654 “
1072 1636 1112 1676 t)
1141 1630 1368 1678 ἀνδρίαν]
1395 1629 1492 1676 ,,α’ν-

196 1681 324 1724 δρείαν
352 1683 412 1716 W
419 1682 442 1700 “
489 1683 571 1716 Vid.
610 1683 790 1727 Schaefer.
818 1682 964 1714 Melett.
992 1693 1027 1726 p.
1054 1693 1110 1723 4¹-
1129 1693 1184 1724 sq.
1242 1681 1314 1714 Hic
1339 1681 1490 1725 quidem

145 1742 148 1744 ·
195 1738 264 1770 ego
284 1739 359 1760 non
378 1728 513 1769 minus,
541 1741 650 1773 quarn
671 1729 711 1761 in
729 1728 821 1761 locis
841 1729 991 1761 Timon.
1012 1740 1042 1760 c.
1054 1739 1108 1770 31·
1130 1728 1224 1760 Pisc.
1249 1739 1280 1760 c.
1294 1739 1348 1772 27.
1364 1728 1489 1759 Musc.

198 1774 356 1807 Encom.
383 1787 412 1808 c.
434 1784 464 1816 5
490 1781 525 1807 et
554 1774 724 1808 Pseudol.
750 1780 880 1812 c.18.,
906 1785 1147 1807 communem
1178 1774 1348 1807 omnium
1372 1772 1492 1805 libro-

193 1831 278 1852 rum
297 1820 521 1865 scripturam
542 1821 775 1854 retinendam
794 1812 932 1864 putavi.
972 1822 1112 1854 Contra
1131 1817 1296 1863 ἀνδρεία,
1321 1819 1493 1859 vzmrzlztas,

192 1866 364 1899 Eunuch.
397 1880 427 1900 c.
450 1873 482 1906 8.
511 1868 662 1912 vulgata
693 1874 747 1900 est
775 1868 878 1899 vocis
905 1867 1039 1900 foi-,ma
1089 1867 1220 1911 Neque
1249 1872 1373 1899 tamen
1406 1865 1493 1897 ideo

188 1911 420 1955 sortimtudmzs
441 1920 476 1946 et
497 1914 682 1946 tirilztatis
704 1914 905 1967 discrimen
925 1914 964 1946 in
990 1913 1046 1945 his
1065 1913 1219 1946 vocibus
1239 1912 1350 1945 nimis
1368 1909 1494 1954 urgeri

194 1957 320 1992 velim.
380 1961 427 2002 u)
456 1957 562 2004 ὅσα]
595 1956 710 2003 ,,ο’σαι
728 1961 788 1993 W.
821 1955 890 1995 ὅσα
909 1962 939 1993 J.
964 1960 1074 1993 male.
1081 1961 1106 1978 ‘⁴
1149 1956 1232 1994 ὅσαι
1253 1959 1365 1991 etiam
1388 1966 1491 2001 2954.

190 2013 292 2047 3011.
313 2005 376 2038 sed
394 2007 532 2041 omisso
555 2009 628 2042 καί.

882 2123 979 2176 Lyc.
1035 2121 1156 2175 Quae
1198 2121 1333 2175 igitur
1384 2118 1492 2156 dicit

160 2120 295 2161 1²Ier.m
329 2124 424 2176 Ego
444 2138 543 2163 vero
561 2124 764 2178 magistro

825 2179 949 2229 bona,
972 2179 1007 2216 si
1026 2178 1131 2216 haec
1154 2192 1241 2216 non
1268 2176 1386 2226 dicit,
1417 2174 1492 2211 ha-

106 2175 228 2214 fidem
269 2178 403 2218 habeo
448 2179 633 2219 dicenti:
693 2181 765 2219 ille

104 2232 273 2286 quidem
298 2237 472 2274 omnino
491 2237 627 2283 novit,
645 2237 766 2275 fasti-

104 2290 219 2342 gium
242 2293 322 2341 jam
348 2291 570 2330 adsecutus
585 2295 762 2332 scilicet.

160 2346 260 2400 Lyc.
286 2347 462 2399 Qualem
484 2359 621 2387 autem
642 2349 767 2398 dixit,

104 2415 178 2453 per
215 2417 292 2455 ego
327 2413 366 2442 te
392 2405 510 2442 Deos
539 2419 636 2454 oro,
671 2406 766 2444 illo-

103 2472 194 2495 rum
217 2459 526 2506 conditionem,
545 2470 618 2498 aut
643 2476 765 2513 quam

106 2513 168 2551 ibi
198 2528 285 2554 esse
320 2517 604 2556 felicitatem?
648 2532 766 2554 num-

106 2570 208 2622 quid
233 2570 421 2622 divitias,
453 2584 492 2612 et
514 2575 704 2627 gloriam,
726 2585 767 2613 et

108 2629 349 2678 voluptates
372 2631 765 2681 inexsuperabiles?

164 2683 299 2724 IIerm.
323 2686 443 2724 Bona
457 2686 767 2733 verba,amice=

106 2737 219 2777 nihil
259 2742 369 2781 enim
411 2743 492 2780 ism
536 2742 587 2780 ad
634 2744 766 2781 vitam

107 2808 200 2834 cum
220 2796 381 2838 virtute
409 2802 697 2853 conjunctam.

825 2236 1013 2284 bituros,
1048 2235 1121 2287 qui
1143 2234 1194 2273 ad
1223 2233 1346 2271 finem
1367 2245 1492 2271 exer-

827 2292 1048 2331 citationis
1075 2287 1382 2344 pervenerint?

882 2405 1019 2444 IIerm.
1050 2402 1328 2455 Sapientiam,
1345 2409 1385 2440 et
1403 2401 1489 2439 for-

826 2461 1078 2508 titudinem,
1113 2469 1152 2496 et
1178 2459 1313 2511 ipsum
1345 2457 1489 2495 hone-

827 2526 951 2566 stum,
984 2527 1023 2555 et
1042 2519 1202 2568 jus-lum,
1232 2526 1265 2553 et
1286 2513 1400 2567 quod
1423 2513 1489 2550 fir·

826 2589 891 2611 ma
913 2573 1184 2625 persuasione
1205 2572 1350 2619 novit,
1385 2584 1490 2622 quo—

827 2630 955 2668 modo
995 2644 1037 2669 se
1078 2628 1262 2667 habeant
1304 2627 1487 2679 singula.

827 2686 1019 2724 Divitias
1048 2696 1212 2736 autem,
1244 2693 1285 2722 et
1309 2682 1488 2735 glorias,

827 2751 869 2781 et
900 2746 1165 2795 voluptamS,
1198 2751 1239 2780 et
1271 2752 1490 2792 quaecun-

828 2813 910 2853 que
933 2809 1032 2838 sunt
1059 2799 1264 2852 corporis,
1293 2814 1340 2839 ea
1377 2797 1490 2835 infra
