1834 3188
263 192 360 240 588
617 201 1374 235 ΛΒΝοτΑτιοΝΕε

373 302 522 344 Ead.1.
546 308 583 347 3.
605 300 722 351 ’Ώςτε
748 300 839 349 τούς
862 296 1085 350 δράκοντας
1114 300 1191 351 ἔφη
1221 322 1276 330 ·-—
1305 300 1570 353 παμμεγέθεις
1588 298 1716 350 εἶναι)

259 361 412 413 'Inepte
433 360 638 411 interpres
661 359 864 411 pristinus
880 389 890 408 ‚
926 357 1011 406 (ait
1031 357 1080 395 L.
1103 356 1186 395 Bos
1205 356 1304 395 Obs.
1329 356 1431 394 Crit.
1453 371 1491 408 p.
1514 360 1616 405 52.)
1641 356 1715 396 de—

262 427 408 468 ceptus
447 430 575 469 prava
615 415 917 453 distinctione:
973 423 1014 451 ut
1054 412 1216 461 diceret,
1260 412 1501 451 Parthorum
1529 412 1716 452 dracones

263 477 442 527 (signum
474 483 599 511 autem
628 472 701 511 hoc
730 469 991 509 multitudinis
1021 480 1075 508 est
1106 472 1220 522 ipsis,
1262 468 1370 507 mille
1399 472 1498 507 enim
1528 469 1717 508 dracones

259 533 366 569 vivos
397 530 518 568 draco
544 528 755 582 producit)
778 530 946 580 ingentes
968 542 1064 574 esse,
1096 537 1130 564 et
1158 528 1198 564 in
1216 525 1374 566 Pet-sicle
1397 528 1588 578 generari.
1647 527 1717 563 Tu

262 586 502 640 distingue,
537 584 726 632 oS‘gteetc.
759 584 816 621 ita
846 592 892 620 ut
923 581 1206 635 parenthesis,
1241 596 1347 634 quae
1369 591 1467 635 post
1497 579 1717 634 δράκοντας

260 652 361 692 erat,
382 652 477 695 post
497 641 582 695 ἄγει
600 641 896 679 constituatur.
959 639 1106 677 Cetera
1133 637 1205 676 hic
1229 652 1312 676 non
1339 648 1586 690 repetemus,
1614 638 1715 691 quia

264 697 451 737 Gesnerus
469 698 603 737 Bossia·
627 696 944 734 distinctionem
965 695 1007 732 in
1030 709 1104 732 sua
1125 695 1319 734 versione
1340 697 1420 748 jam
1445 704 1506 733 est
1529 703 1713 734 secutuS.

257 754 487 794 Adleverat
509 755 634 792 etiam
654 754 719 793 DJ.
751 753 801 791 V.
824 751 866 792 la
888 752 1017 802 Groze,
1041 750 1222 805 pessime
1242 750 1345 791 haec
1368 765 1482 791 versa
1506 764 1607 801 esse,
1641 748 1714 791 sed

258 825 346 849 non
370 819 618 849 correxerat.
651 811 814 847 an'rz.

368 866 469 906 Ead.
492 869 571 910 l.5.
605 871 768 914 Ζώντας
787 863 933 918 donin.)
965 865 1033 905 Sic
1056 863 1419 918 distinguendum,
1446 875 1495 904 ut
1513 864 1713 917 fecimus3

257 923 345 962 nisi
387 922 669 962 insulsissime
698 923 902 971 Luciano,
954 936 1061 976 quae
1099 921 1362 960 tenebrionis
1392 921 1509 960 illius
1543 922 1715 975 propria

257 989 379 1029 sunt,
413 993 534 1033 quem
552 981 657 1018 salse
681 980 952 1032 perstringit,
986 977 1186 1031 affingere
1209 977 1326 1016 velis.
1388 977 1517 1032 Quod
1541 979 1713 1017 incaute

256 1035 383 1074 nimis
417 1034 467 1073 ab
493 1035 796 1087 interpretibus
834 1035 1027 1082 Latinis,
1064 1034 1228 1072 Gallico
1255 1034 1371 1085 ipso,
1402 1044 1622 1073 emunctae
1647 1043 1717 1072 ta-

257 1106 352 1131 men
376 1091 487 1129 naris
512 1090 625 1140 viro,
656 1090 835 1145 aliisque
857 1101 899 1130 et
919 1090 1113 1129 omnibus
1134 1089 1253 1127 libris
1271 1090 1428 1128 factum
1449 1100 1535 1137 est;
1569 1100 1616 1128 ut
1638 1091 1716 1128 mi-

257 1148 341 1186 rari
360 1147 529 1195 subeat,
561 1157 796 1197 Qonstru1n
817 1145 899 1185 hoc
919 1161 940 1184 a
959 1147 1127 1185 nemine
1148 1154 1245 1198 post
1261 1156 1426 1185 renatas
1446 1147 1589 1185 literas
1611 1147 1716 1184 fuis-

257 1218 300 1242 se
332 1202 681 1243 animadversum.
741 1203 808 1240 Ex
839 1203 1035 1241 versione
1066 1211 1208 1240 nostra
1232 1201 1393 1253 patebit
1415 1216 1560 1241 seusus
1586 1201 1714 1256 hujus

255 1259 342 1298 loci
362 1258 753 1307 manifestissimus3
788 1268 829 1298 et
849 1259 975 1297 simul
1002 1268 1159 1313 quanta
1180 1272 1326 1296 manus
1346 1258 1598 1297 Parthorum
1623 1259 1715 1297 fue-

220 1305 225 1320 s
257 1317 338 1364 rit,
382 1330 507 1367 quam
537 1314 716 1353 ducebat
746 1315 830 1353 hoc
865 1315 1054 1368 signuuu
1103 1314 1218 1368 quod
1252 1314 1354 1352 alibi
1383 1315 1527 1353 forsan
1556 1316 1713 1354 frustra

257 1371 504 1427 quaesieris,
564 1372 633 1410 De
653 1372 776 1425 signo
799 1373 1070 1421 Draconum,
1105 1369 1218 1423 quod
1242 1370 1413 1424 Scythis
1434 1371 1558 1410 etiam
1581 1372 1713 1410 usita-

256 1438 344 1466 tum
377 1427 511 1466 fuisse
542 1436 720 1465 testatur
755 1427 916 1468 Suiclas.
976 1427 1103 1480 Apud
1131 1428 1370 1476 Romanos,
1414 1427 1488 1480 qui
1517 1442 1606 1467 mos
1634 1428 1711 1468 sub

255 1485 407 1524 Marco
441 1482 626 1522 nondum
656 1484 914 1531 invaluerat,
947 1498 1084 1536 neque
1115 1482 1186 1521 hic
1210 1483 1380 1522 dicendi
1408 1487 1526 1523 locus
1553 1495 1637 1534 est,
1671 1494 1714 1524 et

255 1555 319 1579 res
342 1554 363 1578 a
388 1540 490 1578 viris
515 1539 772 1578 doctissimis
795 1554 846 1577 ex
868 1540 1040 1593 Vegetio,
1061 1540 1291 1588 Ammiano,
1328 1539 1562 1588 Claudiano,
1596 1542 1711 1579 aliis-

258 1611 340 1649 que
366 1599 443 1647 jam
470 1596 691 1634 illustrata.
723 1595 833 1635 Vide
854 1596 962 1649 Lips.
986 1596 1035 1635 de
1055 1598 1139 1635 mil.
1164 1597 1287 1635 Rom.
1312 1601 1353 1639 4.
1412 1598 1481 1634 De
1502 1596 1711 1636 fabulosis

256 1663 396 1690 autem
424 1651 680 1690 draconibus
699 1654 831 1704 legas,
862 1653 897 1690 si
920 1652 1064 1700 lubet,
1097 1652 1323 1691 Philostrat.
1347 1652 1390 1689 in
1411 1652 1510 1690 Vita
1535 1653 1712 1706 Apollo-

255 1709 320 1746 nii
339 1708 412 1747 lib.
434 1708 513 1749 ΙΙΙ,
535 1722 575 1760 p.
596 1712 664 1751 98.
687 1709 782 1760 qui,
816 1722 887 1746 eos
909 1713 962 1752 30
988 1708 1227 1746 cubitorum
1259 1707 1531 1762 longitudine
1558 1720 1599 1749 et
1618 1724 1711 1748 am-

255 1765 369 1818 plius
404 1764 560 1812 fuisse,
592 1764 744 1811 tradit3
778 1774 819 1803 et
852 1763 956 1802 adeo
990 1767 1142 1802 celeres
1177 1773 1219 1802 et
1247 1764 1451 1810 infestos,
1482 1774 1532 1803 ut
1565 1780 1710 1805 eorum

257 1820 401 1860 dentes
424 1833 639 1873 unguesve
669 1834 722 1859 ne
752 1820 1069 1873 pernicissimus
1099 1819 1267 1873 quidem
1296 1820 1479 1875 effugere
1511 1823 1706 1872 valuerit,

255 1878 329 1931 qui
363 1879 489 1916 semel
518 1876 564 1914 in
600 1887 873 1929 conspectum
902 1876 1079 1916 venerit.
1140 1876 1281 1915 Addas
1312 1877 1437 1915 etiam
1470 1876 1707 1930 Curt.licet‚

255 1933 328 1988 qui
356 1936 407 1983 (l.
427 1932 501 1972 VI.
529 1946 564 1972 c.
587 1930 653 1987 4.)
686 1948 796 1972 mare
828 1933 1030 1984 Caspium
1063 1933 1250 1986 ingentis
1278 1932 1587 1985 magnitudinis
1617 1949 1709 1973 ser-

251 1999 399 2042 pentes
422 1991 529 2028 alere
552 1989 627 2027 ait.
669 1988 767 2027 Vid.
788 1989 1028 2028 Rodum-tum
1052 1989 1224 2027 Hieroz.
1248 1989 1293 2027 P.
1315 1989 1375 2028 II.
1397 1988 1468 2029 lib.
1490 1988 1570 2029 III.
1591 1996 1703 2035 c.13,

251 2047 468 2084 Persarum
501 2054 639 2084 autem
671 2045 983 2099 antiquiorum,
1014 2056 1063 2082 ut
1087 2044 1130 2082 id
1158 2043 1296 2083 obiter
1316 2059 1529 2095 moneam,
1563 2047 1705 2101 aquila

253 2103 421 2156 signum
444 2111 544 2143 erat.
573 2099 671 2140 Vid.
691 2103 794 2140 Xen.
819 2101 977 2154 Cyrop.
1001 2101 1099 2139 VH.
1121 2115 1160 2153 p.
1187 2105 1286 2151 102,
1311 2106 1374 2144 16.
1434 2102 1603 2141 Alludit
1622 2117 1704 2141 au-

253 2168 334 2197 tem
370 2158 540 2209 ineptus
573 2157 646 2195 ille
669 2157 898 2195 historicus
935 2156 985 2194 ad
1018 2156 1260 2206 historiam,
1296 2172 1418 2210 quarn
1450 2168 1591 2198 narrat
1616 2160 1708 2199 Po-

252 2214 431 2268 lyaenus,
464 2223 505 2253 et
531 2213 671 2266 tangit
704 2212 873 2252 Galenus
899 2212 949 2252 de
981 2213 1186 2252 Theriaca
1209 2228 1249 2265 p.
1277 2218 1372 2257 460,
1400 2213 1480 2254 Ed.
1510 2215 1582 2254 Gr.
1607 2216 1702 2255 Bas.

254 2271 488 2322 Spanlzemio
518 2268 716 2308 laudatus
736 2283 776 2320 p.
797 2274 892 2312 224.
926 2270 1090 2311 SOLAN,
1152 2270 1371 2308 Caeterum
1401 2271 1615 2309 notandus
1639 2281 1702 2311 est

255 2326 380 2376 ordo,
414 2340 535 2379 quem
563 2325 606 2363 in
639 2325 847 2364 narrando
879 2335 1077 2379 sequutus
1105 2335 1167 2363 est
1195 2326 1415 2375 Lucienus,
1449 2341 1531 2379 quo
1555 2327 1622 2376 fit,
1653 2337 1703 2365 ut

253 2383 401 2421 lectori
426 2382 605 2420 absurda
637 2381 775 2431 fictio,
805 2395 826 2420 e
858 2384 962 2420 male
977 2383 1206 2425 intellecto
1237 2383 1447 2421 vocabulo
1475 2393 1587 2428 orta,
1621 2392 1701 2421 sta-

254 2438 328 2476 tim
359 2441 482 2491 plane
504 2447 721 2490 appareat,
754 2452 879 2490 quum
912 2439 1107 2491 alioquin
1138 2437 1316 2476 fortasse
1347 2438 1612 2478 solummodo
1636 2440 1700 2476 in-

255 2504 395 2545 eptum
420 2494 682 2533 mendacium
700 2493 892 2543 vidisset,
907 2498 1101 2532 etlocum
1127 2497 1308 2548 relegere
1329 2493 1550 2533 debuisset.
1581 2496 1699 2533 Rnn.

368 2550 468 2589 Ead.
486 2554 512 2589 l.
535 2556 597 2593 11.
630 2549 1029 2604 Περιπειραθέντων)
1064 2556 1173 2604 Γραι.
1192 2552 1587 2603 περισπειραθέντων.
1628 2551 1699 2590 Sic

257 2604 359 2644 Plut.
399 2607 574 2645 Gom-r.
634 2605 883 2660 Legendum
913 2607 1308 2660 περισπειραθέντων.
1367 2607 1435 2645 Sic
1456 2605 1703 2650 Plutarchus.

258 2662 443 2702 Uli-zum.
521 2664 592 2701 De
621 2662 705 2701 alio
738 2661 887 2715 inepto
924 2663 1194 2702 historiarum
1226 2663 1453 2714 scriptore,
1497 2664 1570 2715 qui
1605 2662 1703 2701 dra-

259 2731 408 2768 eones,
440 2717 558 2772 signa
579 2718 781 2760 militaria
802 2719 1050 2761 Parthorum
1065 2751 1076 2770 ‚
1108 2717 1337 2759 tradiderat
1358 2717 1488 2760 fuisse
1509 2720 1701 2776 ingentes
