1834 3188
273 222 376 271 506
625 236 1388 269 ADNOTATloNEs

272 336 489 385 cecinerat)
526 333 597 374 sed
621 334 736 390 quod
761 350 826 377 σοι
856 335 902 373 in
933 349 1007 377 σου
1035 343 1194 386 mutat,
1226 338 1316 388 ejus
1339 350 1438 376 vero
1458 351 1622 378 causam
1648 353 1739 392 per-

271 392 410 444 spicio
433 394 604 430 nullam.
652 392 847 447 Utroque
866 391 993 431 modo
1014 392 1193 441 Graeci,
1226 389 1439 446 ὁμώνυμός
1460 411 1537 436 τινι
1559 405 1601 435 et
1618 413 1736 445 τινος.

271 449 396 489 Jist.
456 449 608 487 Postea
633 448 679 486 in
702 462 831 503 marg.
853 449 997 489 Lectt.
1025 448 1213 489 Lucian.
1239 448 1392 489 Jensins
1423 449 1528 490 haec
1548 450 1735 491 addidit:

271 505 334 544 Ut
353 506 511 544 Graece
533 504 705 543 dicitur*
719 501 933 557 ὁμώνυμός
960 519 1054 556 σου,
1085 513 1128 545 et
1151 506 1238 556 σοὶ,
1271 505 1330 544 ita
1358 514 1399 545 et
1424 506 1578 546 Latini
1601 518 1737 548 extu—

267 563 357 601 lere
379 562 622 615 cognominis
641 563 700 600 rui
726 572 763 600 et
793 561 876 603 tibi.
939 562 1047 602 Serv.
1073 560 1125 600 ad
1145 563 1224 603 VI.
1247 561 1425 602 Aeneid.
1450 577 1489 602 v.
1510 569 1607 608 383.
1625 564 1735 604 facit

271 627 413 657 autem
445 617 515 657 hic
542 627 586 657 et
612 616 717 658 haec
744 618 1038 673 cognominis;
1086 632 1183 657 nam
1215 618 1263 657 in
1292 618 1436 658 Plauto
1467 621 1626 659 lectum
1653 630 1733 671 est,

270 687 366 712 cum
399 688 484 713 una
521 672 573 713 de
601 673 891 716 Bacchidibus
922 673 1105 723 diceret,
1145 673 1223 720 illa
1261 677 1338 715 mei
1367 679 1610 728 cognominis
1625 676 1733 733 fuit.

266 730 387 770 Hinc
410 728 523 783 apud
543 730 651 770 Plin.
671 731 755 771 III.
775 745 808 774 c,
829 736 868 774 2.
885 730 1112 786 legendum
1134 730 1450 785 conjectabam,
1479 735 1662 787 apposita
1678 743 1734 772 est

267 788 494 840 cognomini
508 789 735 843 suifluvio:
762 787 839 827 ubi
853 787 1093 828 Har-ciuiuus
1110 789 1270 837 mallet,
1295 790 1521 842 cognomini
1536 789 1628 840 sibi,
1647 791 1732 838 vel,

266 845 437 883 nominis
465 846 538 883 sui.
599 844 742 897 Vulgo
766 844 1086 895 circumfertur,
1117 846 1360 899 cognominis
1385 846 1458 884 sui.
1515 845 1616 884 Nisi
1635 845 1732 886 1²12·ss

265 902 355 939 nius
373 901 618 954 cognominis
637 903 700 940 sui
723 900 905 950 dixerit,
936 899 1022 940 hoc
1050 910 1135 951 est,
1169 900 1356 940 nominis
1377 900 1466 952 sui,
1498 915 1582 957 quo
1602 912 1731 954 pacto

267 957 401 998 Tacit.
427 956 528 999 XII.
552 957 665 999 Ann··.
684 960 752 1002 55.
774 968 1094 1011 cognomentum,
1124 957 1208 997 hoc
1229 966 1314 1008 est,
1344 971 1512 998 nomen.
1572 958 1631 996 Et
1650 958 1733 997 Ju-

263 1015 356 1053 stin.
378 1013 455 1054 IV.
487 1026 523 1052 c.
540 1018 581 1057 2.
611 1023 654 1054 et
672 1014 778 1060 VII,
804 1020 840 1056 1.
872 1023 915 1053 et
931 1014 1027 1063 XV,
1051 1019 1091 1057 2.
1114 1013 1417 1068 cognominare
1439 1009 1531 1055 ἀντὶ
1557 1018 1632 1056 τοῦ
1647 1029 1731 1053 no-

262 1069 440 1108 minare.
474 1068 689 1110 Orvrwm.
742 1066 960 1123 Ἐνὶκησας
983 1070 1137 1110 Jensius
1169 1068 1385 1120 emendat,
1416 1084 1540 1124 quem
1567 1073 1635 1110 vel
1656 1070 1730 1108 in-

262 1125 367 1164 vitis
401 1125 660 1179 codicibus,
692 1136 735 1167 et
764 1126 861 1181 ipso
883 1127 950 1167 Μ.
977 1126 1050 1166 hic
1079 1134 1195 1167 recte
1223 1135 1468 1167 monentem
1495 1128 1730 1181 sequimur.

261 1181 433 1222 sorim.

375 1237 481 1278 Ibid.
520 1242 599 1281 Τοῦ
625 1236 844 1294 ὁμώνυμόν
876 1239 976 1291 σου)
1006 1240 1113 1294 Leg.
1137 1243 1212 1281 τοῦ
1233 1234 1450 1293 ὁμωνύμου
1467 1251 1558 1282 σου.
1587 1240 1730 1278 MAR-

260 1308 355 1334 (ιιι.
414 1295 512 1335 Ηοσ
545 1305 655 1348 erat,
689 1295 805 1350 quod
832 1311 960 1350 supra
989 1295 1237 1345 monebam,
1272 1295 1380 1334 duos
1412 1295 1549 1336 fuisse
1582 1297 1728 1337 Timo-x-

257 1352 366 1390 ilices
388 1352 598 1391 Musicos.
649 1353 886 1393 Thebanus
907 1367 1008 1408 ergo
1028 1352 1101 1391 hic
1129 1353 1278 1406 junior
1298 1352 1468 1392 Milesii
1498 1354 1630 1392 melos
1652 1367 1725 1392 ca-

256 1406 401 1446 nebat.
460 1409 599 1449 Aliter
617 1418 758 1450 tamen
779 1409 875 1460 hic,
904 1424 1032 1465 quam
1055 1408 1187 1457 edidi,
1218 1409 1263 1447 in
1287 1407 1398 1449 Edd.
1416 1408 1590 1463 legitur,
1609 1423 1726 1449 nem.-

256 1477 311 1516 pe
338 1461 559 1518 ὁμώνυμόν
585 1478 672 1508 σοι·
704 1465 778 1506 sed
801 1465 1100 1506 emendatione
1131 1464 1212 1504 hac
1242 1464 1357 1504 nihil
1387 1465 1565 1516 certius,
1598 1479 1726 1519 quam

255 1521 411 1573 partim
435 1522 562 1561 etiam
582 1536 605 1561 a
624 1522 820 1563 Mar-cilio
831 1523 965 1561 visam
988 1536 1090 1570 esse,
1104 1530 1206 1561 nota
1227 1523 1319 1573 ejus
1341 1519 1519 1560 indicat.
1552 1522 1721 1561 Soram.

254 1577 531 1616 verissimam
551 1588 659 1631 puto
679 1578 870 1618 Marcilii
886 1581 1174 1631 conjecturam
1197 1586 1429 1616 correctam
1452 1591 1475 1615 a
1497 1577 1629 1616 Jensio
1649 1583 1724 1620 τοῦ

255 1629 472 1685 ὁμωνύμου
496 1647 584 1684 σοι,
617 1648 792 1688 eamque
823 1633 1180 1687 interpretatione
1209 1633 1414 1686 expressi.
1471 1634 1723 1688 Distinguit

253 1689 541 1742 homonymos
564 1689 673 1730 duos
696 1689 963 1742 Timotheos‚
994 1689 1216 1728 tibicinem
1239 1688 1355 1727 hunc
1378 1688 1646 1740 Thebanum,
1680 1700 1724 1729 et

252 1746 477 1785 Milesium
501 1749 690 1797 alterum,
710 1750 897 1799 poetam,
917 1757 959 1786 et
978 1745 1158 1786 eundem
1185 1759 1356 1799 quoque
1367 1745 1603 1786 Musicum.
1634 1746 1721 1785 Ad.

252 1801 417 1841 dendus
437 1802 510 1842 hic
528 1806 648 1842 locus
666 1803 879 1843 thesauris
899 1803 1149 1842 Fabricianis
1170 1801 1280 1841 Bibl.
1306 1802 1378 1843 Gr.
1399 1807 1447 1851 2,
1475 1805 1538 1844 19.
1557 1816 1599 1854 p.
1620 1808 1719 1846 694.

253 1858 478 1898 Caeterum
491 1859 782 1900 Pandiom'dem
795 1859 982 1898 fabulam
1004 1856 1258 1912 intelligo*)
1290 1856 1587 1898 dePandionis
1611 1858 1720 1898 filia,

251 1913 352 1962 bus;
387 1915 433 1953 in
457 1930 539 1970 qua
562 1915 801 1955 Philomela
825 1916 1048 1970 etProgne
1072 1913 1305 1953 mirabilem
1330 1913 1503 1951 tibicini
1529 1915 1720 1954 occasio-

249 1985 346 2009 nem
372 1972 589 2024 praebent.
646 1972 770 2025 Ajax
787 1971 976 2028 furiosus
1006 1970 1155 2009 nobile
1193 1978 1489 2023 argumentum
1515 1970 1719 2024 Tragico-

248 2041 340 2065 rum
362 2038 441 2067 etc.
474 2029 614 2069 GESN.
673 2029 725 2067 In
756 2042 800 2067 re
822 2037 907 2066 tam
930 2027 1157 2066 manifesta
1188 2026 1266 2062 uni
1286 2025 1386 2066 Pell.
1408 2024 1719 2067 obsecundasse

247 2084 353 2121 satis
378 2083 535 2132 habui;
567 2099 664 2123 nam
687 2083 768 2124 etsi
795 2087 1018 2139 vulgatum
1049 2079 1267 2135 ὁμώνυμον
1297 2080 1348 2119 ad
1379 2082 1494 2135 μέλος
1520 2085 1715 2129 relatum,

249 2139 435 2194 aliquem
457 2154 627 2179 sensum
655 2140 813 2189 facian
846 2154 935 2179 non
959 2149 1099 2179 tamen
1129 2153 1224 2178 eum
1245 2136 1442 2190 exhibet,
1475 2153 1600 2193 quem
1619 2153 1718 2178 auc.

248 2204 318 2235 tor
336 2196 494 2237 voluit.
524 2197 691 2236 Rnrrz.

360 2252 509 2294 Ead.1.
536 2258 600 2297 16.
627 2248 718 2294 Ἐπὶ
745 2250 820 2305 τὴν
847 2255 1025 2307 γλαῦκα)
1059 2252 1233 2292 Noctua
1267 2260 1399 2293 noctu
1422 2251 1566 2297 videt,
1599 2251 1716 2291 canit

249 2317 294 2347 et
314 2312 434 2348 volat
460 2312 571 2360 sola,
602 2309 752 2349 odiosa
786 2310 961 2351 caeteris
996 2308 1169 2353 avibus,
1204 2308 1248 2346 in
1281 2321 1384 2362 quas
1413 2317 1550 2346 astuta
1577 2309 1714 2346 utitur

249 2364 551 2406 dimicatione:
585 2379 681 2404 nam
716 2364 977 2405 avicularum
1008 2363 1286 2407 multitudine
1308 2363 1566 2403 circumdata
1591 2377 1715 2401 resu-

247 2421 355 2471 pina
375 2420 554 2475 pedibus
577 2431 764 2476 pugnat,
795 2424 1060 2475 collectaque
1080 2422 1125 2459 in
1148 2435 1303 2470 arcum,
1335 2430 1475 2458 rostro
1496 2429 1538 2458 et
1556 2420 1711 2471 ungui·

249 2475 330 2514 bus
352 2486 443 2516 tota
462 2478 644 2532 tegitur:
676 2477 715 2516 ei
733 2474 966 2516 auxiliatur
985 2477 1209 2531 accipiter,
1241 2475 1412 2516 foedere
1431 2473 1612 2529 quodam
1637 2489 1713 2513 na-

249 2540 392 2584 turae,
423 2543 473 2573 ut
499 2535 646 2589 inquit
672 2534 779 2575 Plin.
810 2534 996 2576 Laertius
1024 2533 1198 2581 scribit,
1228 2533 1448 2576 Timonem
1475 2530 1710 2575 Phliasium

294 2682 340 2723 *)
367 2682 424 2715 Cl.
447 2685 651 2731 nesceling.
670 2697 733 2720 me
752 2684 951 2719 admonet:
982 2683 1056 2717 vid.
1085 2695 1133 2717 au
1155 2683 1278 2727 potius
1297 2680 1416 2714 Attica
1435 2679 1552 2713 trihus.
1575 2680 1646 2723 sit,
1672 2686 1710 2713 et

343 2728 447 2760 conf.
466 2732 643 2764 Demosth.
663 2731 702 2764 in
720 2732 902 2765 Midiana.
951 2731 1021 2764 Sed
1039 2731 1125 2773 quia
1141 2729 1203 2761 hic
1220 2728 1343 2772 agitur
1361 2727 1405 2758 de
1422 2733 1533 2761 cantu
1553 2726 1712 2759 theatra.

344 2773 393 2816 li,
420 2779 456 2809 et
474 2774 578 2810 illico
598 2776 747 2813 additur
766 2779 854 2821 Ajax
872 2777 1000 2813 furens
1013 2800 1022 2817 ,
1049 2787 1134 2812 cum
1160 2776 1309 2807 (ie-mero
1327 2773 1501 2807 facerem.
1527 2773 1664 2811 Rnrrz„
1726 2822 1727 2827 1
