1834 3188
273 213 373 260 690
637 216 1396 250 ADNOTArroan

276 326 322 363 in
343 323 424 361 hac
448 332 584 369 voce,
616 315 732 370 quod
755 314 882 354 facile
907 317 1056 365 tolles,
1100 314 1138 353 si
1160 313 1287 353 modo
1313 313 1359 351 in
1390 327 1497 353 voce
1518 316 1715 369 ξηρανῶσι
1731 347 1744 365 ,

277 378 395 435 quod
428 376 504 416 alii
532 375 579 414 in
615 372 890 412 insolentiori
920 372 1085 410 Aoristi
1114 371 1283 410 Passivi
1318 371 1454 408 forma
1482 371 1748 412 offendentes

276 439 512 491 ξηραυθῶσι
529 430 712 471 scribere
737 432 999 479 maluerunt,
1042 438 1260 467 accentum
1285 426 1539 477 mutaveris,
1571 428 1747 481 scripse-

276 494 424 546 risque
446 486 657 543 ξηράνωσι.
700 487 765 525 Ita
799 489 880 539 jam
905 499 984 540 ego
1008 485 1179 539 quidem
1204 497 1450 538 persuasum
1470 483 1633 531 habeo,
1654 485 1750 524 Lu-

279 553 435 591 cinnum
458 545 678 596 scripsisse
698 542 813 581 huuc
835 543 879 579 in
902 541 1096 581 modum:
1129 539 1290 583 ἐπειδᾶν
1310 539 1386 595 γὰρ
1407 539 1630 594 ξηράνωσι,
1663 559 1750 583 κοι-

278 606 468 652 λάναντες
492 600 639 654 αὐτὴν,
672 601 739 641 καὶ
761 596 956 649 ἐξελόντες
974 599 1046 651 τὴν
1070 597 1327 651 ἐντεριώνην,
1359 599 1604 648 ἐμπλέουσιν.
1665 595 1748 639 Αὖ-

279 662 351 714 τὴν
378 671 514 699 autem
545 659 672 696 facile
704 657 941 710 explicatur
968 669 989 693 e
1009 670 1114 694 voce
1149 653 1452 701 κολοκύνθινα,
1492 665 1540 692 ut
1565 669 1691 707 supra
1713 670 1747 694 c.

280 727 346 765 33.
379 716 526 769 ταύτην
545 730 564 753 e
589 714 762 751 nomine
787 717 1009 761 Νυκτῶον,
1043 722 1083 750 et
1108 713 1300 752 Hermot.
1326 725 1357 751 c,
1377 714 1446 754 45.
1476 707 1558 752 ὗπὸ
1584 710 1751 753 πάντων

282 792 304 814 e
326 774 603 827 praecedente
626 772 895 823 φιλοσοφίας,
931 769 1004 806 ubi
1026 768 1113 809 vid.
1133 768 1292 806 Adnot.
1314 769 1385 805 De
1412 781 1494 820 qua
1515 767 1685 820 quidem
1709 782 1752 807 re

281 833 459 873 Reitzins
487 831 529 867 in
565 828 758 881 proxima
790 826 1070 864 adnotatione
1102 826 1230 863 nimis
1256 839 1362 878 vage
1382 838 1498 863 more
1519 838 1597 863 suo
1621 823 1753 863 disse-

283 903 405 935 rens,
438 889 544 925 falsa
569 885 742 922 miscuit
763 883 896 931 veris,
929 893 1025 935 apta
1052 882 1222 935 ineptis.
1255 882 1416 920 Lmtm.

396 943 498 984 Eacl.
526 946 552 984 l.
583 947 644 984 11.
693 939 1007 992 Πληρωμάτων)
1053 939 1243 978 Navium
1273 935 1516 990 πληρώματα
1550 936 1754 975 dicuntur

284 1001 368 1056 ipsi
388 1000 567 1054 remiges
591 1001 657 1037 vel
680 997 885 1036 classiarii
911 997 1081 1044 milites,
1107 996 1262 1048 quibus
1288 995 1531 1046 implentur,
1573 994 1659 1033 Hic
1682 1008 1753 1031 au-

284 1070 367 1098 tem
399 1058 580 1095 sumitur
613 1069 689 1106 pro
713 1053 816 1106 ipsis
837 1053 1023 1107 navigiis
1049 1051 1269 1090 instructis
1290 1060 1332 1090 et
1365 1050 1554 1091 armatis.
1617 1050 1752 1090 Vorsi.

284 1114 384 1155 Vid.
406 1111 520 1167 Buff:
546 1117 638 1154 127.
659 1112 688 1150 f.
723 1112 893 1149 SOLAN.

291 1192 295 1195 ’
398 1170 502 1208 Ead.
529 1171 558 1207 l.
586 1174 650 1210 13.
693 1162 983 1220 Ἀγχωμοῖλως)
1024 1166 1260 1204 Monuerat
1295 1163 1513 1205 Hemsterlz,
1545 1163 1591 1200 in
1621 1177 1752 1216 marg.

286 1226 527 1267 adeundum
547 1224 691 1263 Duker.
716 1222 765 1260 ad
792 1222 970 1278 Thucycl,
993 1237 1033 1274 p.
1062 1227 1158 1265 493.
1182 1221 1265 1259 No.
1289 1224 1357 1264 53.
1384 1221 1410 1260 i.
1434 1235 1468 1259 e.
1494 1219 1546 1258 ad
1572 1220 1627 1260 L.
1651 1220 1751 1259 VII.

287 1300 323 1325 c.
346 1289 412 1326 71.
436 1281 509 1320 ubi
543 1279 717 1335 Tlcucycl.
751 1280 823 1328 ἕως
850 1275 1059 1334 ἀγχώμαλα
1086 1275 1337 1331 ἐναυμάχουν
1367 1277 1452 1326 ait,
1492 1276 1754 1329 lVassiusque

284 1340 487 1381 Pollucem
511 1335 808 1390 reprehendit,
867 1337 940 1390 qui
972 1336 1055 1374 hoc
1091 1335 1263 1374 verbum
1297 1331 1419 1388 τραχὺ
1452 1348 1542 1373 esse
1575 1332 1753 1380 scribat,

285 1396 400 1452 quod
421 1406 558 1434 tamen
582 1395 654 1432 ille
676 1409 729 1433 ex
751 1393 914 1444 Dionys.
936 1393 1092 1443 Halia,
1120 1391 1192 1429 hic
1207 1406 1259 1430 ex
1284 1391 1468 1430 Luciano
1493 1389 1536 1430 h‚
1561 1392 1590 1429 l.
1613 1390 1755 1443 profe—

285 1463 377 1504 rat,
410 1452 661 1503 Suiclamque
681 1460 722 1488 et
748 1450 910 1488 Lexica
931 1451 1012 1488 alia
1036 1453 1177 1502 plures
1207 1447 1362 1487 habere
1391 1450 1482 1498 ejus
1507 1446 1628 1485 vocis
1656 1460 1755 1484 auc·

285 1510 509 1557 toritates,
543 1506 759 1553 observat3
797 1520 924 1558 quare
947 1510 1067 1558 plura
1086 1520 1173 1543 nou
1194 1503 1356 1545 addam,
1388 1505 1554 1541 RmTz.

399 1566 499 1617 Pag.
518 1570 613 1607 311.
640 1566 665 1601 l.
689 1567 727 1605 4.
755 1560 1069 1616 Ὠλιγώρησαν)
1111 1561 1207 1599 Etsi
1229 1575 1356 1612 supra
1377 1560 1480 1597 satis
1504 1558 1618 1608 dixi,
1652 1573 1754 1613 aug-

286 1631 475 1661 mentum
507 1632 630 1671 saepe
663 1619 846 1672 negligi,
887 1628 927 1658 et
955 1618 1026 1656 hic
1058 1617 1167 1655 Edd.
1195 1617 1283 1655 fere
1312 1629 1455 1655 omnes
1478 1614 1636 1654 habent
1657 1614 1754 1670 ὀλιγ.

284 1688 424 1717 tamen
447 1691 535 1715 non
560 1674 684 1713 credo
705 1675 765 1712 sic
791 1675 977 1714 Luciau.
1007 1674 1171 1714 dedisse
1187 1705 1196 1721 ,
1236 1672 1338 1725 quia
1360 1671 1686 1710 usitatissimum
1709 1672 1753 1710 in

285 1735 369 1773 hoc
398 1733 528 1774 verbo
558 1741 830 1784 augmentum
864 1731 1057 1780 initiale,
1107 1739 1148 1769 et
1183 1731 1292 1767 ratio
1322 1727 1580 1781 abjectionis
1610 1731 1753 1780 nulla,

287 1792 389 1844 quia
421 1789 594 1828 verbum
626 1786 728 1825 inde
752 1802 838 1826 non
874 1787 921 1825 fit
943 1788 1138 1841 longius,
1172 1787 1209 1824 si
1227 1785 1429 1835 addatur,
1465 1787 1541 1835 (ut
1561 1784 1605 1822 in
1630 1788 1754 1838 plus-

286 1861 457 1899 quamp.
494 1858 602 1899 quae
629 1845 732 1882 satis
764 1844 1030 1897 polysyllaba
1055 1858 1128 1896 per
1157 1857 1224 1891 se,
1264 1841 1448 1894 ideoque
1480 1851 1753 1895 augmentum

283 1905 531 1957 frequenter
557 1899 826 1954 negligunt.)
889 1900 1030 1954 Quare
1062 1899 1214 1938 invitis
1234 1898 1342 1937 Edd.
1365 1902 1447 1951 jam
1472 1907 1754 1949 mutaveram,

287 1961 403 2012 quod
426 1960 470 1998 in
494 1958 635 1997 vocali
662 1957 779 1995 brevi
799 1971 891 1995 cum
914 1960 1040 2011 longa
1064 1955 1344 2009 permutanda
1373 1953 1605 1992 scribarum
1629 1958 1751 2007 culpa

286 2016 343 2053 sit.
364 2014 643 2068 quotidiana3
674 2012 747 2051 sed
767 2023 914 2065 postea
937 2017 1164 2052 consulens
1194 2026 1339 2051 omnes
1358 2009 1468 2048 Edd.
1500 2009 1551 2048 ad
1581 2025 1751 2050 manum

285 2086 395 2126 quae
415 2081 557 2120 erant,
593 2069 683 2108 vidi
705 2080 747 2108 et
771 2069 897 2108 Salm.
919 2080 1032 2109 recte
1053 2065 1159 2121 ὥλιγ.
1182 2068 1396 2108 exhibere.
1429 2068 1593 2109 Rmrz.

397 2128 502 2167 Eacl.
522 2131 547 2169 1,
568 2131 606 2169 9.
643 2123 838 2179 Κελύφη)
871 2126 942 2164 Sic
965 2127 1017 2164 L.
1040 2135 1080 2163 et
1103 2125 1166 2165 El.
1189 2125 1267 2167 Ed,
1290 2125 1454 2173 melius,
1487 2137 1610 2175 quam
1635 2124 1752 2178 quod

285 2186 331 2222 in
356 2185 452 2223 aliis
476 2194 559 2235 est,
591 2181 799 2236 κελύφινα.
840 2183 892 2221 In
917 2182 1101 2222 Scholiis
1124 2183 1250 2221 etiam
1272 2192 1385 2220 recte
1401 2175 1557 2234 κελύφη
1579 2182 1750 2236 legitur.

284 2241 452 2282 SOLAN.

397 2296 502 2337 Ead.
523 2299 550 2337 l.
575 2302 639 2339 11.
666 2294 1003 2350 Ἀπεκρύψαμεν)
1036 2296 1242 2349 Suspicor
1260 2293 1484 2349 legendum
1505 2292 1752 2348 ἆπεκρούσα·

284 2370 371 2406 μεν.
411 2354 579 2393 SOLAN.
640 2353 698 2391 At
739 2356 953 2407 vulgatam
995 2352 1296 2406 elegantiorem
1327 2365 1416 2390 esse
1446 2350 1554 2389 dicit
1586 2352 1749 2391 Censor

283 2409 402 2448 Edit.
429 2408 556 2451 Reitz.
583 2409 627 2447 in
651 2410 793 2448 Novv.
813 2412 927 2448 Actt.
951 2409 1112 2448 Erudd.
1137 2424 1172 2448 a.
1195 2412 1315 2452 1745.
1340 2423 1378 2460 p·
1404 2412 1498 2450 247.
1521 2417 1562 2446 et
1582 2408 1748 2446 confer-

282 2466 320 2503 ri
350 2465 469 2516 jubet
500 2465 608 2504 illud
628 2465 865 2505 Callimachi
892 2467 1039 2520 Epigr.
1059 2471 1096 2508 2.
1117 2464 1231 2518 ἥλιον
1255 2467 1296 2506 ἐν
1315 2466 1428 2520 λέσχῃ
1451 2461 1745 2514 κατεδύσαμεν,

283 2529 325 2558 et
347 2521 512 2574 Virgilii
542 2522 660 2577 (Ecl.
686 2522 771 2573 IX,
792 2524 890 2571 52.)
924 2522 1121 2562 cantando
1155 2521 1317 2561 condere
1346 2521 1457 2560 soles.
1521 2521 1589 2559 Cf.
1618 2520 1744 2559 etiam

285 2577 464 2635 Thucy&
496 2578 553 2625 V,
587 2581 652 2622 65.
695 2577 828 2632 ἐπειδὴ
858 2576 1158 2633 ἀναχωροῦντες
1186 2580 1329 2619 ἐκεῖνοι
1357 2575 1617 2627 ἀπέκρυψαν,
1667 2577 1744 2616 ubi

285 2631 526 2672 Sclzoliasies
553 2634 758 2689 intelligit
786 2633 973 2685 ἑαυτούς,
1017 2635 1195 2674 Duker-us
1223 2644 1362 2672 autem
1390 2633 1542 2672 rectius
1569 2630 1740 2681 αὐτούς,

283 2700 519 2738 provocans
545 2690 594 2728 ad
616 2690 730 2729 hunc
759 2692 934 2730 Luciani
952 2695 1108 2739 locum,
1142 2702 1183 2730 et
1207 2689 1259 2728 ad
1280 2689 1453 2742 phrasin
1474 2685 1745 2742 ἀποκρύπτειν

281 2746 379 2798 γῆν,
427 2743 479 2784 de
508 2747 810 2800 navigantibus
840 2758 1105 2802 usurpatam,
1153 2747 1227 2801 qui
1261 2756 1344 2786 tam
1376 2748 1506 2800 longe
1536 2746 1582 2785 in
1614 2748 1751 2786 altum
