1834 3188
634 192 906 225 HISTORIAE
942 193 1033 226 Lm.
1059 196 1104 225 ·1.

433 194 599 230 VERAE
1394 187 1500 233 24¹1

108 291 297 338 τοιούτου
325 292 436 343 τινὸς
462 295 529 336 καὶ
558 291 681 335 πάλαι
711 290 795 333 ἅνω
822 290 1278 348 γενομένου,’“ομηρος
1297 292 1495 351 ὑπέλαβεν
1508 311 1612 352 p.84;

105 366 242 417 αἵματι
272 357 365 404 ὗσαι
385 363 426 417 e)
458 361 527 404 τὸν
559 366 638 404 Δία
669 363 731 404 ἐπὶ
766 365 821 417 τῷ
850 366 924 403 τοῦ
949 360 1218 415 Σαρπηδόνος
1236 358 1281 413 f)
1310 364 1490 421 θανάτῳ.

100 429 442 485 Ἀναστρὲψαντες
467 431 509 472 δὲ
539 427 619 473 α’πό
648 436 717 484 τῆς
739 427 928 479 διώξεως,
962 428 1033 472 δύο
1062 428 1236 482 τρόπαια
1261 431 1489 485 ἐστήσαμεν,
1520 442 1569 482 18

103 498 149 542 τὸ
173 500 242 553 μὲν
267 500 331 541 ἐπὶ
357 505 436 541 τῶν
459 496 661 554 ἀραχνίων
682 504 754 552 τῆς
778 501 1037 553 πεζομαχίας·
1067 497 1110 541 τὸ
1134 499 1175 541 δὲ
1209 503 1280 552 τῆς
1308 497 1489 554 ἀερομα-

104 571 211 623 χίας,
245 569 306 610 ἐπὶ
326 573 403 609 τῶν
426 573 577 620 νεφῶν.
620 567 706 622 ἅρτι
725 568 765 609 δὲ
781 565 933 610 τούτων
955 569 1223 624 γιγνομένων,
1254 566 1486 623 ἠγγέλλοντο

101 633 182 678 ὑπὸ
213 642 293 678 τῶν
325 642 489 678 σκοπῶν
527 639 568 678 οἰ
596 638 969 690 Νεφελοκένταυροι
1008 633 1368 691 προςελαύνοντες,
1415 635 1489 687 οὓς

100 707 184 748 ἔδει
210 704 289 757 πρὸ
316 710 388 757 τῆς
420 702 545 757 μάχης
575 706 707 746 ἐλθεῖν
736 710 790 762 τῷ
825 707 1040 747 Φαέθοντι.
1088 706 1155 746 καὶ
1187 705 1236 759 δή
1268 708 1486 759 ἐφαίνοντο

99 772 354 826 προςιόντες,
387 775 520 826 θέαμα
547 771 896 827 παραδοξότατον,
938 774 977 822 ἐξ
1009 774 1144 814 ’ἵππων
1175 778 1385 826 πτερωτῶν
1417 776 1487 818 καὶ

100 839 339 897 ’ἀνθρώπων
371 844 642 897 συγκείμενοι·
674 842 843 895 μέγεθος
869 844 926 891 δὲ,
960 846 1038 882 τῶν
1059 841 1127 895 μὲν
1153 838 1408 895 ἀνθρώπων,
1443 841 1485 886 ὅ.

96 926 172 953 σον
194 916 265 953 τοῦ
291 907 465 952 (Ροδίων
482 912 527 960 g)
561 914 776 952 Κολοσσοῦ
806 912 844 960 ἐξ
866 907 1050 963 ἡμισείας
1079 911 1119 958 ἐς
1137 907 1181 951 τὸ
1205 909 1312 952 ἄνω·
1343 916 1423 953 τῶν
1442 907 1482 953 δ’

93 982 230 1021 ἵππων
253 978 350 1021 ὅσον
367 977 467 1028 νεώς
493 977 664 1033 μεγάλης
693 981 898 1031 φορτίδος.
945 977 988 1021 τὸ
1009 981 1143 1031 μέντοι
1168 983 1328 1031 πλῆθος
1350 977 1483 1021 αὐτῶν

93 1043 169 1089 οὐκ
189 1042 418 1101 ἀνέγραψα,
451 1045 503 1100 μή
524 1065 576 1105 τῳ
599 1043 647 1097 ¹¹)
677 1047 744 1088 καὶ
771 1043 938 1088 ἄπιστον
959 1044 1078 1103 δόξῃ,
1114 1051 1304 1095 τοςοῦτον
1325 1041 1390 1100 ἦν.
1424 1045 1602 1102 ἧ-Ρ·85·

90 1122 196 1172 γεῖτο
224 1117 266 1158 δὲ
288 1112 418 1157 αὐτῶν
450 1113 470 1157 ὅ
494 1116 537 1158 ἐκ
565 1120 639 1157 τοῦ
666 1117 878 1156 Ζωδιακοῦ
903 1115 1089 1169 Τοξότης.
1132 1116 1217 1158 ἐπεὶ
1245 1116 1284 1157 δὲ
1301 1115 1481 1173 ’ᾔσθοντο

92 1182 190 1233 τοὺς
213 1187 357 1236 φίλους
380 1184 689 1236 νενικημένους,
721 1185 783 1224 ἐπὶ
805 1185 874 1235 μὲν
893 1183 962 1225 τὸν
987 1185 1200 1226 Φαέθοντα
1219 1185 1393 1236 ἔπεμπον
1413 1179 1483 1239 ἆγ-

93 1255 250 1307 γελίαν,
283 1246 406 1300 αὖθις
433 1252 606 1292 ἐπιέναι·
640 1247 755 1293 αὐτοὶ
787 1254 828 1293 δὲ
850 1251 1150 1306 διαταξάμενοι,
1181 1252 1484 1304 τεταραγμένοις

93 1322 349 1364 ἐπιπίπτουσι
369 1316 406 1371 ¹)
435 1325 520 1369 τοῖς
537 1322 789 1374 Σεληνίταις,
823 1315 1013 1371 ἀτάκτοις
1043 1321 1135 1374 περὶ
1162 1317 1233 1374 τὴν
1256 1321 1391 1370 δίωξιν
1413 1321 1482 1365 καὶ

140 1446 183 1487 e)
208 1439 343 1485 ὗσαι]
371 1439 459 1488 ἧσαι
483 1445 525 1481 Β.
653 1445 693 1488 f)
733 1445 1078 1491 Σαρπηδόνος]
1111 1442 1352 1487 Ζαρπηδόνος
1382 1445 1421 1478 Α.
1445 1457 1478 1480 2.

182 1492 231 1534 g)
257 1486 481 1534 “Ροδίων]
511 1488 716 1534 ,,Ροδίου]
743 1494 803 1525 Sic
827 1494 857 1525 J.
879 1493 972 1525 item
1000 1495 1038 1525 A.
1062 1497 1097 1523 et
1121 1492 1160 1523 P.
1196 1488 1358 1525 Ροδίων
1383 1491 1479 1529 Edd.

182 1536 393 1580 reliquae.“
443 1537 503 1569 Sic
518 1544 554 1570 et
574 1537 697 1570 Schol.
721 1544 757 1570 et
777 1538 865 1571 Cod.
888 1549 990 1581 50¹1
1030 1537 1086 1570 Cf.
1107 1537 1178 1584 Qu.
1199 1538 1295 1573 Hist.
1319 1538 1476 1572 Conscr⁴²

181 1593 214 1616 c.
238 1594 291 1626 23.
355 1582 403 1623 h)
429 1580 491 1628 μή
518 1584 604 1630 τῳ]
633 1585 852 1616 Communis
883 1584 974 1617 haec
1007 1590 1059 1615 est
1092 1595 1260 1616 ominum
1292 1583 1479 1616 librorum

180 1634 268 1661 vett.
293 1628 419 1663 lectio.
472 1631 550 1661 Lna
574 1631 686 1661 Rem
716 1630 782 1663 Ed.
806 1630 921 1663 habet
943 1629 993 1674 μή
1017 1627 1081 1671 τὸ,
1109 1640 1172 1673 per
1192 1640 1356 1662 errorem
1378 1629 1479 1663 haud

181 1674 310 1718 dubie,
337 1686 448 1719 quem
468 1681 623 1709 recentt.
645 1677 902 1709 emendarunt.
976 1676 1013 1716 i)
1041 1674 1395 1719 ἐπιπίπτουσι]
1420 1676 1478 1712 Ita

181 1721 288 1754 Gorl.
308 1729 344 1754 et
362 1732 464 1765 50²²-
487 1733 556 1766 pro
576 1722 676 1766 vulg.
695 1721 928 1769 ἐμπίπτουσι.
980 1722 1039 1758 Cf.
1062 1722 1200 1756 Adnot.

811 1834 978 1880 culum,
1033 1843 1084 1867 ex
1123 1830 1246 1867 alatis
1282 1828 1405 1881 equis
1435 1836 1477 1866 et

810 1885 1059 1925 homiuibus
1096 1886 1347 1936 compositi:
1392 1885 1478 1923 ho-

812 1945 972 1982 minum
1004 1941 1283 1995 magnitudo,
1319 1949 1478 1994 quanta

788 2011 873 2040 «est
904 2013 984 2053 qua
1020 1999 1278 2050 superiorem
1316 2008 1476 2048 partem

811 2055 1037 2095 dimidium
1072 2055 1241 2094 Colossi
1274 2053 1477 2092 Rhodio-

809 2128 926 2163 rum3
959 2127 1179 2165 equorum,
1208 2122 1366 2174 quauta
1393 2124 1476 2147 ma-

811 2184 918 2224 gnae
941 2169 1061 2207 navis
1087 2169 1317 2207 onerariae.
1380 2166 1475 2204 Nu-

809 2241 967 2265 merum
992 2239 1138 2262 eorum
1167 2239 1252 2261 non
1281 2222 1474 2272 adscrip-

809 2284 868 2328 si,
902 2297 953 2320 ne
974 2281 1043 2320 cui
1069 2279 1336 2318 inmedibilis
1359 2278 1474 2317 vide-

812 2350 950 2385 retur,
1013 2337 1118 2375 adeo
1173 2337 1320 2387 ingens
1370 2342 1472 2374 erat,

812 2397 916 2432 Dux
940 2395 1108 2432 illorum
1140 2394 1210 2431 ille
1236 2391 1285 2430 de
1315 2389 1474 2428 Zodia-

814 2465 862 2488 co
899 2449 1163 2503 Sagittarius,
1226 2447 1332 2484 Cum
1374 2459 1473 2485 vero

87 1843 264 1882 superos
295 1830 456 1867 factum
488 1844 582 1867 cum
615 1839 748 1879 esset,

88 1888 301 1926 Homerus
320 1886 551 1938 putaverit,
579 1887 750 1939 sangui-

86 1958 140 1982 ne
160 1944 318 1995 pluisse
331 1943 479 1983 Jovem
500 1942 551 1980 ob
574 1954 749 1981 mortem

88 1999 360 2051 Sarpedonis.
421 2001 752 2052 Apersequen—

90 2055 154 2093 dis
175 2054 368 2094 hostibus
389 2056 548 2094 reversi
576 2066 749 2107 tropaea

89 2111 175 2149 duo
211 2112 459 2151 statuimus:
492 2115 666 2150 alterum
700 2111 750 2151 de

89 2167 274 2220 pedestri
295 2169 481 2220 proeiio,
514 2169 557 2204 in
580 2182 751 2207 aranea-

88 2239 180 2262 rum
205 2226 311 2272 teia·
344 2226 518 2262 alterum
539 2238 639 2262 vero
663 2239 750 2287 pu-

88 2294 195 2334 gnae
220 2280 262 2316 in
285 2285 376 2317 aere
400 2280 669 2329 commissae,
704 2282 749 2319 in

89 2335 287 2374 nubibus.
352 2335 630 2374 Commodum
670 2337 751 2374 ista

89 2392 367 2445 gerebantur,
418 2407 510 2429 cum
546 2393 752 2430 nuntian-

89 2458 159 2486 tur
179 2463 200 2486 a
226 2449 566 2498 speculatoribus
599 2446 753 2486 adven-

90 2513 178 2542 tare
203 2505 610 2557 Nephelocentauri‚
645 2518 751 2556 qnos

92 2570 189 2598 ante
217 2576 400 2615 pugnam
438 2561 584 2600 venire
611 2561 755 2598 Phae-

95 2614 234 2654 thonti
267 2618 503 2669 oportebat
569 2618 622 2654 Et
655 2631 753 2654 sane

97 2674 343 2723 apparebat,
378 2690 469 2713 cum
492 2673 755 2719 accederent,

97 2726 337 2769 admirabile
361 2731 559 2785 inprimis
589 2740 755 2783 specta-

813 2508 951 2543 victos
973 2506 1132 2543 amicos
1155 2517 1253 2541 suos
1275 2518 1362 2542 esse
1385 2517 1478 2541 sen-

813 2563 980 2610 sissent,
1013 2561 1342 2604 Phaethontem
1377 2560 1474 2597 mis-

813 2633 858 2656 so
887 2618 1065 2666 nuntio,
1107 2618 1148 2654 in
1174 2617 1382 2668 proelium
1404 2630 1476 2655 re-

814 2683 1042 2712 vocarunt:
1085 2673 1170 2724 ipsi
1193 2686 1292 2711 vero
1312 2673 1477 2711 instru-

815 2740 878 2769 cta
902 2731 991 2770 acie
1016 2730 1061 2768 in
1080 2728 1287 2769 Selenitas
1308 2731 1476 2768 irruunt
