1834 3188
308 166 408 211 414
665 170 1417 202 ADNOTATIONES

309 275 507 326 exemplo
529 279 649 319 utar,
681 277 731 306 ut
751 285 789 309 τι
809 272 997 309 τοιοῦτον
1012 266 1146 305 Diall-
1173 267 1307 306 Deor-
1328 267 1403 317 VI,
1425 269 1464 312 5.
1483 269 1636 312 Mortt.
1659 271 1702 318 I,
1728 276 1766 313 1.

310 342 352 372 et
375 329 477 369 alibi
499 336 611 366 recte
634 327 853 379 vulgatur,
886 324 946 362 ita
965 337 1052 362 non
1076 323 1215 361 minus
1237 333 1350 363 recte
1369 338 1558 365 servasse
1579 341 1644 366 me
1668 341 1769 374 spe-

309 402 357 428 ro
393 397 655 425 communem
687 380 875 419 omnium
903 380 1110 418 librorum
1145 380 1372 419 lectionem
1403 380 1561 424 τοιοῦτό
1588 400 1635 424 τι,
1689 376 1767 423 'CR

311 444 426 483 infra
446 456 478 479 c.
502 445 570 484 34.
634 436 800 490 Quodsi
823 446 959 475 autem
981 453 1018 477 τι
1036 441 1245 486 τοιοῦτον,
1277 438 1398 490 μηδὲν
1417 443 1621 490 τοιοῦτον,
1654 449 1694 478 et
1715 440 1770 478 si-

308 500 424 539 milia
440 528 450 546 ,
485 496 533 535 ad
559 496 733 534 Luciam·
754 493 1062 531 Atticissimum
1085 492 1303 532 referenda
1325 503 1445 542 sunt,
1482 510 1560 535 nec
1583 495 1622 534 h.
1645 498 1671 534 l.
1694 495 1770 534 du-

309 556 440 603 bites,
476 553 581 606 quin
608 553 735 604 vulgo
761 560 872 588 recte
906 549 1107 600 scriptum
1143 550 1199 587 sit
1229 547 1271 590 τὸ
1301 555 1498 592 τοιοῦτον,
1557 552 1636 591 Sed
1668 567 1771 605 gra..

310 613 472 652 viorem
515 607 656 661 paullo
691 620 773 643 rem
814 620 927 643 nunc
963 619 1146 661 agamus.
1211 606 1330 659 Quae
1358 607 1500 645 statim
1533 619 1771 661 sequuntur

309 668 462 707 verba:
497 663 609 717 ἄχρις
626 660 676 703 ἂν
693 660 871 715 εὕρωμεν
891 658 1049 714 τάληθῆ
1068 659 1405 715 ὑπισχνούμενον,
1441 663 1585 716 inepta
1607 674 1648 702 et
1668 665 1770 703 alie-

309 739 364 762 na
388 723 438 761 ab
463 722 560 769 hac,
600 734 723 771 quarn
748 719 1014 771 persequitur
1030 718 1255 767 Lucianus,
1287 718 1593 772 disputationis
1614 721 1684 758 via
1710 734 1772 758 es-

310 794 354 819 se
369 775 784 818 existimatBeZinus:
806 774 963 814 destrui
985 776 1147 813 scilicet
1162 775 1229 813 his
1255 789 1420 814 ornnem
1441 776 1771 830 argumentatio-

308 850 430 885 nem,
464 848 571 887 quae
599 834 689 885 ipsa
730 832 801 869 illa
827 830 1133 870 incertitudine
1166 832 1350 882 nitatur,
1394 846 1547 870 verane
1578 832 1665 870 sint
1699 846 1771 881 ea,

310 906 417 945 quae
437 890 765 944 promittantur,
796 902 846 926 an
873 888 989 929 falsa,
1052 887 1280 926 Adsentior
1304 898 1426 927 acute
1452 888 1641 927 cernenti
1662 888 1770 937 viro,

308 949 344 987 si
367 947 535 1000 quidem
556 944 775 983 maximam
794 944 837 981 in
860 942 926 981 his
948 943 1084 982 verbis
1106 944 1191 981 vim
1212 945 1310 982 voci
1341 942 1772 997 ὑπισχνούμενον

309 1004 496 1043 tribuere
514 1002 656 1041 libeat.
716 1001 825 1039 Nam
848 1000 1043 1051 profecto
1066 998 1110 1037 id
1133 1000 1270 1052 ipsum
1292 1011 1402 1049 erat,
1434 1001 1547 1055 quod
1569 1001 1773 1039 Lucianus

309 1070 533 1113 tantopere
556 1058 600 1095 in
624 1056 996 1104 antecedentibus,
1031 1065 1071 1094 et
1093 1070 1165 1107 per
1190 1071 1352 1095 omnem
1378 1056 1488 1094 hanc
1511 1057 1772 1095 demonstra-

308 1117 488 1164 tionem,
524 1114 628 1167 quin
655 1114 780 1152 etiam
802 1126 875 1165 per
896 1114 1119 1165 plerosque
1144 1125 1287 1150 omnes
1310 1112 1477 1151 libellos
1503 1126 1602 1150 suos
1623 1127 1771 1165 urgere

309 1172 493 1220 solebat,
527 1168 640 1224 quod
674 1168 835 1206 nemini
870 1182 1036 1215 eorum,
1072 1167 1147 1219 qui
1181 1182 1320 1206 veram
1350 1168 1604 1221 sapientiam
1635 1168 1771 1220 profi-

307 1237 502 1278 teantur,
536 1227 712 1264 omnino
734 1224 834 1263 fides
856 1225 911 1261 sit
933 1222 1136 1264 habenda.
1177 1225 1310 1274 Supra
1335 1239 1369 1264 c.
1390 1227 1457 1269 25.
1488 1221 1652 1266 Οὐκοῦν
1675 1221 1771 1266 ὅσον

306 1284 404 1338 (σοι
428 1284 564 1322 minus
591 1285 755 1334 placet)
791 1282 860 1332 μὲν
890 1281 953 1321 ἐπὶ
979 1277 1022 1321 τὸ
1045 1277 1325 1333 ὑπισχνεῖσθαι
1356 1283 1424 1322 καὶ
1447 1278 1618 1332 φάσκειν
1645 1279 1770 1330 εἶναι,

307 1340 434 1392 πολλὴ
458 1335 644 1391 ἀφθονία
662 1342 739 1378 τῶν
757 1334 1040 1392 ἡγησομένων,
1072 1345 1113 1375 et
1135 1351 1240 1390 quae
1261 1348 1519 1390 sequuntur,
1554 1352 1576 1376 a
1600 1338 1770 1387 Lycino

311 1413 403 1437 eum
429 1397 472 1434 in
497 1395 621 1434 finem
644 1394 769 1433 dicta.
831 1394 940 1433 Mox
965 1408 997 1434 o.
1016 1399 1083 1436 27.
1106 1392 1253 1432 eodem
1275 1393 1483 1443 tendunt,
1528 1408 1634 1446 quae
1659 1392 1770 1432 idem

312 1455 443 1493 dicit:
481 1448 540 1493 Ου’
573 1453 711 1492 τοίνυν
733 1460 812 1488 ete.
849 1474 906 1479 ——
942 1474 999 1480 —-
1042 1443 1099 1490 οὗ
1138 1450 1320 1501 μέντοι
1357 1451 1448 1501 ἔχω
1491 1452 1692 1491 εἰδέναι
1730 1451 1775 1490 εἰ

310 1508 479 1561 ἀληθῆ
510 1525 577 1560 φη
592 1523 686 1548 σιν.
746 1507 803 1544 Et
822 1520 927 1558 quae
947 1520 1032 1544 non
1049 1506 1069 1544 ἱ)
1104 1507 1258 1544 Verum
1279 1515 1325 1542 ut
1343 1505 1523 1544 Belinum
1544 1504 1773 1544 concedam

311 1575 475 1605 attento
490 1594 499 1610 ,
534 1563 646 1617 quod
669 1578 742 1615 par
762 1572 869 1610 erat,
905 1562 1045 1599 animo
1066 1571 1331 1613 persecutum
1354 1576 1441 1600 esse
1458 1562 1683 1601 Luciancae
1703 1561 1772 1599 de-

309 1620 633 1661 monstrationis
653 1619 882 1667 rationem,
915 1619 974 1655 ita
995 1617 1145 1656 horum
1168 1617 1390 1655 verborum
1412 1632 1576 1656 sensum
1594 1617 1773 1656 interio-

310 1693 396 1717 rem
421 1678 582 1727 cepisse
606 1690 699 1714 eum
719 1677 785 1713 vel
805 1673 986 1712 maxime
1009 1688 1133 1726 nege.
1194 1673 1303 1711 Nam
1326 1674 1562 1712 sententiae
1596 1675 1661 1712 vis
1685 1688 1772 1711 non

311 1749 399 1773 esse
423 1743 564 1785 potest
585 1733 630 1769 in
654 1728 994 1783 ὑπισχνούμενον,
1027 1729 1100 1767 sed
1120 1743 1242 1767 omne
1269 1729 1433 1779 pondus
1457 1728 1582 1768 habet
1602 1726 1772 1781 τάληθῆ.

313 1790 403 1843 Qui
431 1805 520 1827 vera
550 1788 802 1840 promittat,
839 1800 925 1824 non
944 1785 1089 1840 salsa,
1132 1795 1203 1823 aut
1224 1788 1395 1830 incerta,
1437 1795 1509 1823 aut
1532 1803 1659 1825 secum
1692 1802 1778 1839 pic—-

310 1849 500 1899 gnaniia,
534 1854 607 1882 aut
630 1846 678 1883 iis
700 1843 970 1893 adversantia,
1015 1855 1121 1894 quae
1143 1841 1216 1879 alii
1237 1841 1319 1880 fide
1348 1840 1462 1879 haud
1488 1841 1659 1896 indigni
1692 1842 1777 1880 viri

309 1902 606 1956 praeceperint
628 1899 920 1938 docuerintve.
983 1898 1089 1951 Quis
1117 1907 1255 1936 autem
1279 1907 1342 1935 est
1367 1898 1462 1944 ille,
1497 1907 1570 1935 aut
1592 1897 1667 1935 ubi
1690 1907 1772 1947 est,

311 1960 384 1998 ille
402 1972 524 1997 verus
544 1971 667 1995 verae
685 1955 919 2007 sapientiae
937 1953 1087 1993 doctor
1101 1953 1121 1992 ἶ)
1152 1952 1380 2005 quandove
1398 1951 1567 1991 tandem
1583 1953 1773 1992 existet?

310 2025 354 2054 et
378 2028 561 2068 quonam
592 2028 645 2052 ex
676 2013 800 2065 signo
832 2009 1146 2063 cognoscatur?
1189 2009 1281 2049 Jam
1315 2009 1489 2047 Luciani
1520 2024 1636 2047 mens
1670 2009 1774 2048 haec

310 2081 388 2111 est.
451 2068 621 2123 Quodsi
662 2083 715 2107 ex
754 2069 987 2105 auctoritate
1024 2066 1212 2104 virorum
1251 2064 1652 2117 philosophantium
1683 2068 1774 2104 sola

309 2142 395 2166 rem
417 2126 657 2173 metiamur,
690 2136 852 2175 semper
871 2122 1131 2161 manebimus
1153 2122 1197 2158 in
1232 2121 1420 2170 incerto,
1463 2135 1515 2158 an
1547 2122 1674 2160 unice
1705 2136 1775 2160 ve·

309 2199 401 2222 rum
427 2182 661 2234 sapientiae
684 2180 832 2217 ducem
856 2179 971 2216 nacti
993 2177 1214 2216 fuerimus.
1272 2177 1448 2215 Interno
1478 2177 1643 2230 itaque,
1686 2191 1775 2216 non

311 2249 512 2287 externo,
546 2251 651 2289 opus
674 2245 736 2274 est
758 2234 954 2282 criterio,
990 2249 1074 2287 quo
1096 2235 1250 2273 veritas
1272 2243 1590 2286 praeceptorum
1612 2245 1653 2272 et
1672 2232 1772 2286 dog-

308 2305 469 2334 matum
492 2293 777 2347 dignoscatur.
839 2290 958 2343 Quae
979 2291 1014 2328 si
1039 2304 1154 2329 mens
1174 2299 1235 2328 est
1254 2289 1474 2340 scriptoris
1498 2289 1653 2334 nostri,
1685 2303 1773 2326 non

311 2355 448 2390 solum
468 2349 746 2395 verissimum,
779 2346 850 2385 sed
872 2357 912 2385 et
934 2347 1227 2400 gravissimum
1248 2355 1309 2384 est
1330 2354 1371 2382 et
1391 2344 1534 2382 ordini
1554 2358 1772 2398 argumen-

312 2407 493 2445 tationis
515 2402 992 2451 convenientissimum,
1028 2401 1142 2456 quod
1167 2401 1291 2440 dicit:
1323 2401 1411 2439 Aut
1429 2400 1605 2439 omnibus
1620 2411 1674 2438 est
1691 2417 1771 2439 cre-

314 2463 506 2513 dendum,
539 2461 645 2515 quocl
664 2459 818 2515 quidem
849 2459 1207 2514 ridiculumsoret,
1239 2469 1305 2496 aut
1336 2456 1512 2495 omnibus
1528 2459 1676 2507 pariter
1693 2455 1774 2510 dlf-

307 2518 534 2571 fidendum:
567 2517 610 2555 id
632 2533 719 2555 vero
746 2516 858 2567 longe
883 2518 1115 2555 tutissimum
1137 2526 1210 2563 est,
1245 2513 1365 2552 donec
1395 2514 1435 2550 in
1466 2527 1549 2549 eum
1580 2511 1774 2551 incideri-

313 2590 420 2621 mus,
453 2578 520 2627 qui
539 2589 628 2611 vera
646 2575 900 2627 profiteatur5
932 2583 980 2610 ut
1003 2571 1266 2609 dubitationi
1289 2572 1369 2621 jam
1392 2581 1477 2605 non
1503 2569 1682 2620 amplius
1716 2568 1772 2606 sit

313 2631 450 2670 locus.
511 2631 644 2681 Atqui
664 2641 879 2682 nunquam
899 2628 933 2666 is
952 2628 1116 2669 existet.
1179 2627 1290 2679 Ergo
1321 2647 1376 2652 -—
1404 2623 1560 2663 LEIIM.

426 2685 522 2737 Pag.
547 2688 660 2728 44.1.
685 2690 726 2730 8.
754 2683 1005 2739 Ἐξαρκέσει)
1043 2683 1142 2737 Quo
1163 2682 1366 2721 Lucianus
1395 2679 1624 2718 convincat
1657 2679 1773 2719 Her-
