1834 3188
421 176 1228 209 1NHERMOT1MUM.
1462 165 1562 210 415

101 277 345 326 motimum,
379 274 571 314 sedulum
591 288 681 314 esse
704 274 892 313 omnium
912 283 1118 313 sectarum
1138 273 1448 312 instituendum
1467 289 1562 314 exa-

100 348 195 373 men
217 343 328 382 ante‚
364 346 487 385 quam
512 332 607 385 quis
629 345 672 370 se
692 330 793 368 huic
815 330 934 369 illive
953 331 1213 378 committat3
1248 343 1326 369 nec
1348 331 1477 369 ullius
1500 347 1562 371 se·

103 389 313 445 quendam
338 402 429 428 esse
455 388 773 433 auctoritatem,
806 385 890 424 hoc
916 387 1052 424 utitur
1079 396 1354 439 argumento:
1399 387 1505 438 Quid
1529 391 1563 427 si

101 463 169 499 ego
189 449 374 499 ignarus,
408 447 495 498 quis
516 461 569 483 ex
589 444 765 484 omnibus
784 442 1028 497 ρῆἱῖοςορῆἰε
1047 458 1173 481 veram
1193 453 1317 481 teneat
1336 446 1439 482 viam
1452 475 1463 493 ,
1495 461 1564 483 zos

99 519 292 556 sequeret,
326 502 422 550 tibi,
454 501 604 539 homini
635 502 786 548 amico,
820 510 861 536 at
890 511 1126 548 carantam,
1160 515 1259 554 quae
1280 511 1368 537 sunt
1397 500 1565 539 Stoico—-

101 575 209 608 rum,
243 560 399 605 scienti,
427 573 620 611 unamque
641 557 743 594 hanc
761 557 866 593 viam
886 556 1059 594 calcanti
1076 530 1256 607 01,ι’12ε“115,·
1295 555 1433 594 demde
1457 558 1564 595 Deus

101 614 248 668 aliquis
269 614 319 652 ab
340 614 457 665 infer
443 630 476 652 15
495 612 841 667 exsistet-efacere!
864 611 1086 662 Platonem,
1119 612 1393 667 Pythagoran.
1434 615 1566 652 Aris-

100 671 278 718 iotelem,
310 670 438 721 alios‚·
468 669 530 709 illi
558 685 644 708 vero
675 671 966 707 circumstanzes
994 684 1053 706 me
1082 680 1282 720 rogarent,
1325 680 1358 707 et
1383 669 1564 725 profecto

102 728 144 765 in
155 731 222 781 jus
241 729 430 780 rapientes
445 742 525 777 me,
555 724 701 778 singuli
718 723 971 763 contumeliae
984 736 1224 773 accusat-‚ent
1257 724 1444 774 (licentes,
1478 727 1568 764 Lu-

105 784 250 831 ciane,
289 783 395 821 bone
419 782 508 831 vir,
541 796 622 834 qua
646 795 690 818 re
711 790 874 827 motus,
908 783 974 818 vel
996 781 1065 818 cui
1099 781 1265 819 tandem
1291 781 1371 821 fide
1393 781 1563 830 habita,

107 839 420 892 Chrysippum,
455 849 496 876 et
518 840 758 882 Zenonem„
795 835 989 875 homines
1007 838 1248 889 nuperrime
1266 848 1389 876 natos
1404 868 1414 885 ,
1447 853 1566 891 prae·

106 895 246 934 tulisti
275 894 399 933 nobis
425 897 558 932 multo
587 892 839 945 majoribus,
879 906 1018 946 neque
1049 893 1270 932 nobiscum
1302 897 1567 943 collocutus,

106 961 149 990 et
171 965 223 989 ne
237 950 361 988 tactis
384 950 553 1003 quidem
576 949 683 999 illis,
717 962 824 1002 quae
843 963 919 987 nos
944 950 1193 989 censemus?
1238 950 1358 989 Talia
1389 953 1424 989 si
1453 950 1569 989 elice«

103 1018 209 1056 rent,
244 1006 340 1061 quid
358 1006 513 1044 tandem
535 1005 796 1059 responderem
819 1005 934 1046 illis?
961 1006 1067 1044 Num
1084 1008 1297 1062 sufficeret.
1330 1009 1363 1045 si
1387 1007 1565 1054 dicerem,

104 1080 164 1102 me
185 1063 407 1101 obsecutum
435 1063 710 1111 Hmmotimo,
749 1063 898 1101 homini
920 1065 1069 1102 amico.
1065 1062 1083 1089 ἶ)
1120 1064 1252 1116 Atqui
1283 1066 1421 1116 opinor
1451 1063 1568 1101 dice-

104 1131 207 1168 rent,
241 1120 390 1168 Nobis,
424 1136 446 1159 0
469 1120 671 1168 Lucicme,
704 1122 858 1172 ignotus
880 1129 933 1156 est
952 1119 1220 1157 Hmmotimus
1243 1119 1310 1157 ille
1334 1129 1413 1160 etc,
1475 1121 1568 1157 To·-

103 1185 192 1214 tum
214 1179 354 1214 locum
379 1177 605 1240 proposui,
636 1185 682 1213 ut
704 1190 755 1214 ex
779 1175 915 1226 ipsius
940 1175 1145 1213 orationis
1178 1176 1248 1212 filo
1269 1185 1470 1242 pateret,
1504 1179 1569 1213 ul-

104 1233 207 1270 tima
228 1233 272 1300 ip
299 1233 472 1270 Graecis
496 1232 655 1270 vitiose
677 1231 761 1285 legi
784 1232 850 1298 (εἰ
866 1234 986 1271 ταῦτα
1002 1232 1171 1298 aa'socw,
1206 1234 1243 1270 τί
1262 1229 1311 1271 ἂν
1334 1228 1568 1283 ἀποκριναί-

105 1306 186 1341 μην
207 1284 366 1340 αυτοῖς;
396 1286 424 1340 τ’,
455 1289 651 1341 ἐξαρκέσει
670 1305 757 1339 μοι,
799 1304 850 1327 αν
874 1290 995 1336 εἰπω,
1038 1287 1096 1328 ότι
1122 1284 1344 1342 Ερμοτίμῳ
1375 1290 1568 1340 ἐπείσθην

107 1349 210 1400 φίλῳ
232 1341 373 1393 ἆνὸρί·
362 1348 396 1395 ,·)
431 1355 472 1383 et
494 1342 824 1397 reponendum
805 1342 833 1394 η’
848 1346 983 1398 ἐξαρκε
975 1345 1026 1385 ἐσ
1032 1346 1064 1385 ιέ
1080 1361 1157 1396 μοι.
1214 1344 1442 1397 Loquendi
1462 1344 1567 1383 haec

106 1402 216 1440 ratio
237 1402 398 1440 Nostro
419 1410 480 1439 est
498 1400 904 1472 frequentatissimo.
953 1401 1004 1438 In
1027 1400 1173 1439 eodem
1194 1399 1277 1438 hoc
1301 1401 1568 1439 Hermotimo

108 1473 143 1495 c·
170 1462 236 1500 64.
274 1452 453 1505 Ουὸενὸς
486 1453 714 1508 ἀνθρώπων
743 1458 832 1508 βίος
859 1458 896 1505 ἐς
886 1457 1038 1508 αρκέσε
1042 1474 1079 1497 ιν
1105 1453 1179 1506 ἂν,
1220 1456 1367 1495 nullius
1402 1458 1570 1495 ἦονηίηἱς

105 1517 187 1553 zita
205 1514 361 1568 sufficet
363 1524 409 1552 et
468 1513 520 1551 In
540 1512 803 1551 Harmonide
826 1527 857 1553 c.
879 1519 918 1556 3.
941 1511 985 1560 ὃς
1004 1511 1091 1553 ἀντὶ
1107 1511 1268 1553 πάντων
1288 1510 1488 1565 ἀρκέσειεν
1505 1511 1573 1564 ἂν,

108 1573 176 1625 qui
196 1586 293 1608 unus
315 1580 407 1608 esset
427 1572 553 1608 instar
570 1570 753 1608 omnium.
815 1570 871 1606 Et
903 1569 1005 1606 alibi
1042 1569 1238 1608 similiter
1268 1572 1362 1621 plus
1396 1569 1569 1610 millies.

110 1628 181 1665 Sic
206 1625 319 1678 apud
347 1625 563 1665 Aelianum
584 1626 662 1664 XI.
691 1629 849 1665 Ποικιλ.
872 1626 950 1663 ΙΧ.
973 1625 1046 1662 ubi
1073 1625 1395 1678 Epaminondas
1419 1624 1470 1663 ad
1487 1640 1573 1693 ’ar-

110 1683 340 1735 migerum,
372 1681 499 1719 bonis
524 1681 685 1735 captivi
709 1682 889 1734 alicujus
912 1682 1115 1731 ditatum,
1148 1683 1230 1730 ait,
1273 1683 1358 1734 ἐμοὶ
1381 1682 1449 1734 μὲν
1471 1678 1574 1723 οἷπό..

115 1743 184 1786 ὁος
201 1737 271 1789 τὴν
293 1736 462 1778 ἀσπίδα·
495 1742 648 1792 σεαυτῷ
671 1739 712 1778 δὲ
730 1741 833 1789 πρίω
851 1743 1067 1790 καπηλεῖον
1088 1740 1128 1779 ἐν
1151 1738 1180 1793 ῴ
1201 1737 1450 1790 καταζησεις·
1481 1753 1572 1777 non

113 1795 288 1834 dubium
310 1793 416 1831 mihi
441 1804 525 1842 est,
559 1795 663 1847 quin
685 1793 907 1844 leoendum
932 1795 988 1832 sit
1013 1795 1283 1845 καταζησειας.
1315 1795 1439 1835 Jnxs.
1502 1796 1575 1834 De

113 1851 279 1891 Aeliani
296 1853 390 1887 loco
413 1849 674 1888 vindicando
694 1850 769 1887 alii
790 1849 992 1889 vide1int.
1040 1850 1215 1889 Luciani
1233 1865 1332 1889 vero
1350 1851 1449 1897 duo,
1467 1864 1575 1903 quae

115 1906 430 1955 afleltJensius,
458 1909 577 1956 loca,
613 1905 768 1959 quibus
801 1919 900 1944 sane
925 1906 1051 1944 etiam
1076 1907 1157 1944 alia
1187 1910 1317 1944 multa
1355 1906 1454 1944 addi
1489 1921 1576 1959 po-

111 1972 277 2012 terant,
309 1962 420 2000 nihil
452 1964 627 2001 omnino
650 1962 817 2000 faciunt
846 1962 896 1999 ad
930 1961 1043 2000 hunc
1073 1973 1262 2001 nostrum
1290 1966 1430 2001 locum
1460 1973 1575 2001 recte

113 2018 483 2065 constituendum,
517 2020 600 2058 nisi
620 2018 702 2056 hoc
723 2016 1060 2068 forte-«efficiant,
1095 2033 1178 2073 quo
1200 2029 1337 2057 tamen
1359 2033 1443 2057 non
1467 2033 1576 2071 opus

114 2075 382 2124 est,utillinc
401 2074 560 2124 videas,
579 2075 776 2127 Optativi
797 2074 914 2112 verbi
939 2076 1113 2127 ἐξαρκεῖν
1133 2076 1265 2114 forma
1290 2074 1505 2128 quomodo
1528 2076 1575 2115 in

113 2132 289 2170 Aroisto
313 2135 349 2171 1.
372 2145 460 2169 sese
482 2131 655 2179 babeat,
689 2146 824 2185 neque
853 2146 940 2170 eam
974 2146 1060 2169 non
1098 2146 1315 2171 occurrere
1347 2134 1391 2169 in
1426 2132 1574 2183 probis

115 2187 344 2241 proborum
365 2188 616 2238 scriptorum
636 2187 759 2226 locis.
821 2188 912 2227 Jam
932 2188 1010 2226 etsi
1033 2189 1169 2226 omnis
1190 2188 1275 2226 loci
1296 2189 1404 2226 ratio
1428 2198 1576 2240 postu-

113 2249 201 2284 lare
232 2242 428 2281 videatur
462 2243 738 2294 Optativum,
791 2257 878 2281 non
919 2253 1058 2282 tamen
1088 2258 1187 2282 usus
1231 2258 1280 2283 eo
1311 2259 1398 2283 esse
1430 2244 1576 2311 potuit

114 2301 340 2348 Lucianus,
371 2299 455 2336 nisi
479 2300 603 2336 simul
626 2300 775 2347 etiam,
810 2313 916 2351 quae
940 2310 1196 2352 sequuntur,
1228 2299 1278 2340 ἀν
1300 2303 1420 2348 εἷ’,πω
1455 2300 1499 2337 in
1523 2297 1576 2341 ἂν

116 2359 287 2410 εἴποιμι,
320 2364 517 2393 mutasset
540 2354 770 2394 secundum
791 2357 925 2408 legem
959 2357 1235 2407 syntacticam
1266 2359 1391 2407 vulgo
1411 2366 1571 2394 notam.

117 2415 175 2452 At
197 2427 324 2468 quum
349 2408 399 2451 τὶν
419 2414 513 2452 εἴπω
544 2412 724 2449 scribere
760 2411 798 2449 ei
829 2412 1060 2461 placuerit,
1094 2412 1255 2465 placuit
1285 2412 1417 2450 eidem
1446 2413 1574 2451 etiam

118 2471 326 2522 ἐξαρκέσει.
394 2469 451 2505 Et
487 2467 686 2506 habemus
722 2466 792 2504 hic
826 2465 1037 2519 μετάβασιν
1072 2467 1279 2520 quandam
1315 2477 1572 2519 structurae,

121 2530 238 2578 cujus
271 2526 461 2576 exempla
483 2523 658 2576 passim,
691 2523 734 2560 in
764 2523 926 2575 magnis
953 2524 1197 2575 praesertim
1221 2523 1433 2574 periodis,
1467 2540 1576 2578 qua-

120 2582 172 2619 lis
195 2582 294 2619 haec
318 2590 456 2618 nost1a
481 2590 565 2625 est,
597 2588 835 2619 occurrunt.
895 2579 945 2616 In
967 2588 1138 2642 promtu
1162 2590 1224 2618 est
1243 2579 1355 2617 haud
1374 2580 1575 2619 dissimil-

123 2638 267 2675 limum
288 2635 393 2674 illud
412 2636 553 2674 Somu.
575 2651 607 2674 c.
632 2640 670 2677 9.
697 2636 740 2672 in
761 2649 843 2700 quo
865 2635 1030 2682 nescio,
1066 2649 1118 2672 311
1141 2649 1327 2688 unquam
1348 2637 1572 2690 quisquam

124 2692 325 2732 haesmit:
357 2695 398 2734 εἰ
429 2692 470 2734 ὁὲ
485 2694 552 2733 καὶ
577 2694 751 2740 Φειὸίας,
782 2708 808 2743 η
833 2689 1110 2741 Πολύκλειτος,
1142 2693 1332 2746 γένοιο,
1363 2695 1443 2735 καὶ
1470 2700 1572 2736 θαυ-
