1834 3188
429 184 1234 220 1Nirnnmorrmun1.
1472 181 1572 226 383

113 286 211 326 dum
230 281 343 340 ἡμεῖς
361 285 400 326 δὲ
419 281 440 326 ὅ
464 281 663 339 συρφετὸς
682 284 750 326 καὶ
769 280 856 333 ὦςεὶ
876 284 996 338 χαμαὶ
1014 283 1227 340 ἕρπόμενοι
1247 287 1383 341 ἐσμὲν,
1413 290 1479 330 καὶ
1499 307 1574 343 με·-

111 341 161 384 τὰ
190 348 268 384 τῶν
295 345 407 383 θεῶν
432 338 538 395 ἰἶμᾶς
556 350 634 380 etc.
660 340 706 379 in
734 355 819 392 quo
849 351 988 380 tamen
1009 356 1097 381 non
1126 344 1398 383 statuendum
1424 356 1573 386 contra

114 399 298 452 scriptos
326 398 472 438 libros.
517 399 662 436 Gnou.
720 396 843 436 Hom.
868 397 920 439 Il.
949 403 1007 447 E,
1036 403 1131 442 442.
1157 410 1198 438 et
1219 400 1383 440 Htsz'ocl.
1407 402 1571 456 Theog.

112 460 209 499 272.
268 454 447 507 Repetit
468 454 511 492 in
535 454 714 492 Iearom.
733 468 822 506 cap.
848 459 885 497 6.
946 454 1128 495 Videtur
1146 465 1283 494 tamen
1312 456 1499 497 Graevius
1517 462 1576 498 le-

118 512 229 566 gisse
251 511 296 549 in
316 525 391 549 suo
414 510 521 550 Cod.
545 511 610 549 M.
633 508 866 563 ἒρπόμενοι,
897 511 963 549 uti
985 512 1112 550 etiam
1134 512 1360 567 legendum
1384 517 1576 566 conjece-

116 578 182 607 rat
209 567 439 607 Gronovius.
472 568 643 606 SOLAN.
703 566 892 604 Omnino
922 565 1154 621 ἒρπόμενοι,
1188 569 1354 608 etiarnsi
1389 571 1434 609 in
1465 571 1573 612 Cod.

119 623 259 664 Graev.
280 626 469 676 legatur,
503 622 681 676 indigna
703 631 789 671 est,
821 636 927 675 quae
958 625 1231 677 respiciatur,
1264 627 1409 665 lectio.
1471 628 1575 666 Non

116 680 228 719 enim
247 680 438 733 ἕρπεσθαι,
463 678 620 718 dicitur
642 694 779 731 repere,
812 679 883 718 sed
907 680 1049 729 ἕρπειν.
1089 682 1280 731 Accedit,
1314 682 1428 734 quod
1451 683 1575 736 phra-

115 736 172 775 sis
195 737 314 790 χαμαὶ
339 735 546 789 ἐρχόμενοι,
573 736 802 773 manifesto
827 750 878 774 ex
901 736 1068 775 Homeri
1086 747 1127 776 et
1156 737 1328 777 Hesiodi
1347 739 1456 778 locis
1475 743 1578 778 lau-

117 791 228 830 datis
257 792 448 831 desumta
479 800 589 832 sunt.
651 790 794 843 Quare
821 806 901 830 nec
925 791 965 830 b.
987 795 1038 839 1,,
1068 807 1145 832 nec
1167 794 1211 830 in
1246 798 1378 835 altero
1399 796 1578 837 Icarom.

115 862 150 889 c.
171 853 210 892 6.
225 880 236 899 ,
270 863 292 886 a
310 848 498 887 lectione
519 848 684 901 vulgari
704 857 859 887 temere
882 847 1163 888 recedendum
1185 849 1380 892 arbitror.
1423 853 1583 892 anu.

229 925 334 965 Ead.
354 928 381 964 l.
405 931 445 969 7.
478 928 745 980 Περιβαλεῑν)
775 927 847 969 W.
870 928 916 967 P.
935 937 976 967 et
997 929 1051 967 L.
1098 929 1149 967 In
1171 932 1286 984 vulg.
1317 934 1581 984 παραβαλεῖν-

117 984 286 1023 SOLAN.
348 983 444 1021 Etsi
465 998 551 1021 non
576 984 676 1021 satis
713 983 930 1023 adfirmare
954 999 1124 1037 queam,
1160 999 1266 1039 quae
1296 1001 1394 1025 vera
1418 989 1472 1026 sit
1494 991 1581 1025 lec*-

118 1040 206 1086 tio;
255 1047 395 1078 tamen
426 1039 563 1077 tribus
598 1040 783 1092 optimae
824 1049 951 1079 notae
985 1041 1219 1079 Codicibus
1253 1042 1576 1096 obtemperasse,

118 1094 360 1147 increpabit
383 1109 520 1137 nemo.
571 1096 726 1134 Verum
746 1097 980 1149 Anonymus
1007 1096 1177 1151 quidam
1203 1100 1382 1152 margini
1405 1098 1469 1138 ed.
1489 1099 1581 1137 Ha.

114 1168 201 1205 gen.
226 1151 271 1188 in
300 1165 383 1204 qua
403 1165 535 1204 aeque
565 1166 611 1190 ac
642 1153 790 1191 ceteris
821 1152 1042 1207 legebatur
1065 1157 1332 1208 παραβαλεῖν,
1367 1156 1582 1194 adleverat

115 1210 380 1260 παραλαβεῖν,
413 1207 527 1260 quod
550 1209 697 1247 melius
719 1210 928 1260 profecto.
977 1209 1045 1247 Ex
1065 1225 1192 1248 manu
1212 1221 1349 1249 autem
1374 1211 1577 1264 conjici0‚

120 1265 254 1302 fuisse
282 1264 472 1302 Joannem
499 1264 768 1317 Bellagrium,
803 1265 877 1317 qui
907 1280 1059 1304 nomen
1089 1267 1225 1304 fronti
1249 1266 1376 1321 hujus
1394 1267 1493 1305 libri
1518 1268 1583 1304 in-

118 1321 356 1371 scripserat.
390 1320 553 1364 RmTz.
612 1325 871 1374 Παραβαλεῖν
896 1321 1164 1361 retinendum
1198 1333 1303 1375 puto
1339 1333 1379 1362 et
1410 1332 1584 1376 propter

120 1377 415 1414 auctoritatem
448 1381 647 1428 vulgatae
677 1377 899 1427 lectionis,
933 1387 974 1417 et
1004 1379 1119 1429 quod
1141 1393 1306 1418 sensum
1326 1380 1438 1432 parit
1464 1394 1585 1417 com-

120 1431 427 1472 modissimurn.
490 1432 667 1472 IkIultum
696 1443 737 1472 et
761 1450 902 1486 parum
934 1434 1035 1486 quid
1069 1436 1145 1484 sit,
1178 1450 1265 1473 non
1295 1444 1437 1489 potest
1461 1450 1585 1473 com-

119 1487 289 1526 modius
312 1487 536 1534 declarari,
572 1503 693 1542 quarn
716 1491 1034 1542 comparatione
1055 1492 1269 1543 temporis.
1303 1493 1441 1530 Gnsx.
1502 1492 1584 1529 Re-

120 1543 341 1595 posuimus
362 1545 593 1583 lectionem
615 1545 725 1583 Edd.
749 1555 850 1583 vett.
911 1545 983 1586 Sic
1003 1547 1119 1585 Dial.
1142 1549 1277 1587 Mort.
1298 1548 1416 1586 XIV.
1440 1547 1511 1586 fin.
1540 1545 1586 1594 ὃς

115 1597 313 1654 Ἠρακλεῖ
326 1602 392 1641 καὶ
414 1599 603 1657 Διονύσῳ
623 1600 887 1655 παραβάλλεις
905 1602 1094 1644 σεαυτόν·
1126 1604 1228 1643 infr.
1250 1605 1443 1643 Hermot.
1466 1619 1499 1643 c.
1515 1607 1584 1647 58.

120 1658 189 1698 καὶ
208 1654 478 1713 πάραβάλλων
501 1660 567 1700 καὶ
589 1654 851 1707 οἷντεξετάζων
871 1657 963 1707 τούς
981 1661 1142 1708 οἷ’νους’
1176 1660 1331 1712 Quom.
1352 1661 1466 1699 Hist.
1488 1674 1521 1698 c.
1544 1665 1588 1702 2.

122 1710 176 1761 ὥς
197 1714 269 1754 οὐν
288 1716 354 1763 ἓν,
388 1715 538 1766 φασὶν,
572 1716 631 1756 ἒνὶ
651 1718 918 1770 παραβαλεῖν·
952 1725 993 1754 et
1011 1717 1179 1769 saepius
1205 1717 1322 1758 alibi.
1367 1715 1466 1756 Vid.
1492 1715 1588 1758 Ind.

118 1769 214 1811 Brr,

234 1825 338 1865 Eacl.
360 1829 389 1866 1.
415 1831 480 1871 13.
514 1827 618 1881 Περὶ
639 1827 857 1882 μεγίστων)
883 1826 1080 1883 Ἀγαθῶν.
1111 1830 1252 1869 Bizon-

237 1905 337 1957 Pag.
372 1911 436 1948 12.
472 1907 502 1945 l.
528 1911 568 1948 2.
613 1908 829 1948 Χαλδαίων
859 1906 1084 1961 μεθόδους)
1115 1908 1225 1948 Vide
1259 1909 1358 1950 Gell.
1386 1908 1516 1961 XIV3
1549 1915 1592 1953 2.

127 1960 190 2016 (c.
213 1964 264 2012 1)
297 1962 467 2001 Vonsr.
528 1962 704 2015 Saepius
726 1963 768 2000 in
790 1963 856 2001 his
875 1963 995 2002 libris
1016 1975 1243 2003 occurrunt
1265 1966 1476 2015 Chaldaei,
1516 1966 1594 2004 Lu-

127 2021 236 2058 ciani
266 2028 402 2058 aetate
435 2022 517 2072 jam
548 2033 635 2057 non
667 2020 846 2072 amplius
880 2024 1066 2073 populus
1092 2023 1163 2061 ille
1189 2023 1316 2061 Asiae
1349 2023 1592 2075 antiquitus

130 2074 449 2121 celeberrimus,
483 2075 553 2115 sed
590 2089 692 2129 gens
726 2076 895 2128 potius,
928 2080 996 2115 vel
1021 2088 1155 2129 secta,
1188 2092 1238 2117 ex
1271 2078 1471 2117 omnibus
1503 2088 1594 2116 tum

130 2138 334 2168 terrarum
356 2131 605 2184 regionibus
627 2131 832 2180 conflata;
869 2134 942 2187 qui
969 2148 1098 2186 quum
1121 2135 1223 2173 olim
1245 2136 1427 2174 fuissent
1448 2135 1595 2173 Astro-

129 2185 301 2224 nomiae
327 2185 574 2225 inventores
608 2197 650 2226 et
680 2192 883 2239 cultores,
917 2190 1083 2242 (Schol,
1115 2190 1166 2230 ad
1188 2192 1257 2229 De
1283 2193 1440 2229 Astrol.
1464 2205 1496 2231 c.
1521 2191 1594 2238 3.)

128 2252 276 2294 postea
298 2240 348 2279 ad
374 2243 510 2280 varias
538 2252 646 2282 artes
667 2253 753 2282 tum
778 2246 1078 2300 astrologicas,
1112 2258 1199 2285 tum
1224 2249 1430 2301 magicas,
1464 2246 1595 2299 profi-

129 2296 277 2335 tendas
310 2296 592 2338 declinarunt.
654 2299 780 2339 Unde
809 2300 1118 2341 Chaldaeorum
1153 2303 1405 2355 disciplina,
1440 2303 1490 2341 de
1512 2317 1596 2356 qua

134 2353 284 2392 Gellius
315 2353 402 2407 agit
437 2357 464 2392 1.
500 2357 527 2394 l.
555 2365 597 2393 et
627 2369 732 2406 quae
767 2356 849 2396 hoc
883 2359 1057 2398 Luciam:
1088 2363 1184 2398 loco
1213 2359 1436 2405 innuitur;
1481 2357 1596 2396 unde

131 2412 345 2451 Χαλδαίων
366 2413 504 2459 παῖδες
522 2411 654 2451 Diall.
680 2413 833 2451 Mortt.
855 2414 939 2464 XI,
962 2420 996 2456 1.
1021 2414 1335 2468 eorundemque
1353 2416 1480 2468 τέχνη.
1510 2414 1595 2453 Ne-

131 2479 271 2518 cyom.
298 2482 332 2506 c.
354 2472 394 2510 6.
420 2477 462 2506 et
484 2467 623 2506 variae
644 2469 795 2510 ἐπωδαὶ
817 2469 1009 2522 Philops.
1036 2486 1071 2511 e.
1098 2477 1161 2513 11.
1183 2486 1244 2524 sq.
1276 2472 1434 2512 me.

244 2545 349 2585 Ead.
370 2548 395 2584 l.
420 2552 458 2590 6.
497 2545 547 2588 Τὸ
563 2545 692 2599 χρεών
712 2546 894 2595 ἐπιστὰν)
925 2549 1067 2587 Fatum
1083 2553 1299 2589 imminens.
1339 2551 1480 2593 BROD.

245 2602 346 2642 End.
370 2604 397 2641 l.
423 2608 486 2646 12.
518 2601 772 2653 Ἀκαριαῖον)
805 2603 901 2644 Vid.
925 2619 1028 2642 rurs.
1052 2620 1086 2643 c.
1101 2612 1166 2649 62.
1200 2608 1368 2646 SOLAN.

246 2657 346 2711 Peg.
368 2664 432 2702 13.
454 2663 479 2700 l.
504 2664 544 2702 7.
587 2665 645 2715 Τῇ
666 2657 784 2715 ἀρετῇ
810 2658 923 2712 βίον)
954 2661 1056 2699 Post
1074 2662 1193 2700 verba
1220 2663 1322 2703 haec
1343 2663 1477 2702 scribe
1498 2669 1590 2705 AY.

132 2712 277 2751 Bnon.
336 2715 514 2755 Excidit
533 2731 714 2769 persona
734 2719 933 2758 Λυκίνου.
995 2717 1168 2758 Scilicet
1194 2719 1350 2760 fuisse:
1391 2720 1494 2776 πρὸς
1521 2721 1592 2762 τὸν
