1834 3188
325 197 426 242 386
681 204 1435 239 ,innorarronns

438 305 545 346 Ibicl.
579 303 799 360 Πλούτου)
838 305 945 344 Cum
972 302 1023 341 ad
1049 302 1291 341 Par-isinum
1323 308 1534 358 exemplar
1563 305 1783 345 describa—

324 374 395 402 tui
413 362 518 403 haec
538 361 688 412 editio,
706 362 837 416 idque
857 361 928 399 hic
949 358 1101 398 habeat
1118 357 1300 400 πλούτων
1319 360 1480 412 ἔφησθα
1499 368 1781 416 καταφρονεῖν,

324 420 408 458 hoc
435 420 574 471 ipsum
606 418 767 457 editum
796 418 970 462 fuisset,
1003 415 1088 454 nisi
1116 416 1234 479 prius
1266 416 1452 469 reliquas
1487 417 1596 457 Edd.
1621 433 1782 458 consu-

321 477 509 524 luissem,
529 488 582 513 ex
601 475 754 527 quibus
774 474 886 511 nihil
906 472 1157 511 variationis
1179 481 1401 511 notaverat
1424 473 1606 514 Solanus.
1648 476 1782 514 Evol-

321 531 367 571 vi
390 533 538 584 itaque
565 530 667 568 alias
687 530 824 568 Editt.
850 543 952 574 sex,
983 542 1138 582 easque
1168 527 1340 571 πλούτου
1371 528 1524 569 habere
1548 530 1781 584 deprehen-

321 587 389 636 di,
420 602 507 625 non
529 585 732 636 πλούτων,
763 596 805 625 et
830 586 892 624 sic
915 599 1040 637 supra
1065 599 1154 637 cap·
1179 590 1216 628 8.
1239 583 1414 627 πλούτου
1445 608 1500 616 -
1529 589 1595 628 καὶ
1615 585 1782 640 ἡδονῶν

318 648 613 712 καταγελῶντας
645 644 736 696 ipsa
769 642 894 680 etiam
927 641 1054 680 habet
1082 641 1289 681 Parisina.
1348 642 1529 696 Alioqui
1562 658 1648 682 non
1671 647 1781 684 male

317 698 500 741 πλούτων
528 699 613 738 huc
634 698 881 752 quadraret3
912 696 984 737 sed
1003 697 1103 750 quia
1133 707 1356 753 utrumque
1378 708 1560 748 rectum,
1591 714 1679 739 non
1701 715 1781 738 au-

317 771 387 795 sus
407 770 497 794 sum
526 755 605 793 uni
629 754 813 794 editioni
845 768 945 805 prae
979 753 1175 793 omnibus
1205 757 1456 795 auscultare.
1516 755 1608 795 Nec
1637 767 1779 795 tamen

317 815 523 865 pluralem
543 815 708 853 πλοῦτοι
728 826 804 864 pro
823 811 970 850 divitiis
994 824 1168 863 usquam
1194 811 1332 849 alibi
1321 826 1395 849 mv
1399 811 1523 857 enio,
1556 826 1608 851 ne
1628 811 1674 850 in
1696 813 1778 851 Ec-

316 868 567 907 clesiasticis
588 867 760 921 quidem
790 866 1092 919 scliptoribus,
1127 881 1178 904 ex
1212 866 1365 919 quibus
1388 877 1565 906 centena
1588 869 1778 922 singula-

313 925 371 963 ris
395 926 584 976 exempla
606 924 732 963 habet
754 923 888 963 §urcei
882 940 934 961 us
955 923 999 960 in
1023 897 1151 962 Tlies.
1198 923 1255 960 Et
1276 923 1337 961 sio
1360 924 1486 962 etiam
1507 925 1664 976 plurali
1683 942 1777 990 χοῃ·

311 978 450 1033 μάτων
478 990 616 1020 tamen
644 980 801 1033 singul
822 976 997 1022 πλουτου
1030 978 1150 1017 addit
1179 979 1351 1019 ‚At-isloi.
1371 980 1462 1020 Pol.
1485 980 1518 1021 Ι
1543 995 1577 1018 c.
1600 987 1638 1024 6.
1666 982 1778 1019 scri-

311 1037 438 1086 heus,
469 1035 654 1089 ποιητικὴ
672 1036 748 1091 γὰρ
776 1034 877 1078 εἶναι
897 1041 970 1077 τοῦ
988 1033 1166 1076 πλούτου
1182 1037 1251 1077 καὶ
1270 1034 1496 1088 χρημάτων·
1527 1036 1632 1076 ibid.
1653 1040 1775 1088 paul-

309 1095 356 1132 lo
385 1102 505 1145 post,
551 1098 720 1140 πλοῦτος
745 1094 810 1133 καὶ
837 1090 1050 1145 χρημάτων
1078 1106 1225 1143 κτησις.
1285 1093 1398 1130 Mox
1425 1106 1591 1142 rursus,
1621 1092 1775 1142 παντὸς

309 1147 487 1191 πλουτου
510 1158 587 1190 etc.
620 1148 696 1187 ubi
717 1147 936 1188 commode
963 1150 1168 1200 pluralem
1188 1148 1398 1200 potuisset
1422 1147 1644 1199 adhibere,
1678 1149 1714 1187 si
1735 1150 1772 1187 is

308 1206 466 1244 fuisset
496 1205 693 1243 usitatus.
752 1207 860 1242 Tum
886 1218 986 1243 vero
1021 1203 1175 1255 plurali
1206 1213 1318 1242 recte
1338 1204 1491 1252 utaris,
1523 1205 1559 1242 si
1580 1218 1769 1257 quaeras,

307 1275 410 1299 num
434 1260 519 1299 duo
540 1261 628 1299 sint
647 1260 787 1300 Pluziss'
816 1263 884 1299 vel
904 1275 954 1298 an
979 1259 1149 1298 differat
1170 1259 1311 1298 Plutus
1330 1274 1351 1298 a
1375 1259 1561 1310 Plutone,
1598 1261 1673 1313 qui
1694 1276 1768 1300 rex

306 1327 417 1356 esset
439 1318 698 1365 inferorum,
733 1320 838 1355 alter
861 1330 1024 1369 praeses
1045 1315 1307 1365 divitiarum,
1340 1319 1406 1354 vel
1428 1316 1545 1366 ipsae
1563 1331 1689 1369 opeS‚
1718 1329 1769 1357 ut

304 1374 476 1412 videtur
492 1373 634 1413 Noster
654 1372 919 1426 distinguere
941 1373 985 1409 in
1006 1373 1174 1410 Timon.
1199 1386 1232 1411 c.
1253 1378 1317 1414 21.
1339 1372 1412 1409 ubi
1433 1372 1671 1412 PLUTUS
1689 1374 1764 1423 ait,

304 1447 345 1468 se
366 1446 444 1469 non
471 1432 550 1468 suis
580 1429 733 1482 ingredi
757 1429 945 1482 pedibus,
987 1428 1054 1467 secl
1083 1444 1108 1466 a
1140 1428 1419 1468 PLUTONE
1443 1431 1566 1477 mitti,
1601 1428 1650 1468 de
1680 1444 1765 1483 quo

303 1485 496 1538 disputat
525 1485 674 1538 Spardz.
707 1484 759 1524 ad
787 1485 994 1539 Aristoph.
1016 1485 1127 1523 Plut.
1149 1490 1244 1527 727.
1303 1484 1384 1523 Sed
1417 1487 1486 1522 vel
1516 1499 1590 1536 per
1623 1488 1766 1535 jocum

302 1541 366 1579 ibi
381 1541 441 1579 sic
464 1542 658 1594 loquitur
683 1542 908 1590 Lucianus‚
943 1543 1013 1580 vel
1039 1554 1205 1587 verum,
1237 1540 1351 1593 quod
1381 1540 1574 1578 Bar-lacus
1596 1540 1656 1578 ibi
1678 1557 1766 1579 no—

301 1606 386 1642 tat,
419 1597 499 1636 etsi
520 1597 661 1635 Plutus
683 1612 704 1635 a
723 1597 890 1636 Plutone
913 1596 1101 1635 diversus
1125 1596 1179 1634 sit
1203 1595 1314 1648 apud
1337 1601 1503 1646 poetas,
1538 1606 1763 1650 utrumque

298 1662 441 1691 tamen
471 1652 644 1691 divitias
666 1653 812 1704 largiri
847 1652 1068 1691 creditum.
1128 1653 1283 1690 Verum
1307 1651 1471 1690 Bai-laci
1495 1662 1616 1690 notas
1638 1653 1761 1692 PIem-

298 1709 411 1750 stet-k,
442 1709 504 1746 ibi
540 1723 628 1747 non
661 1708 851 1753 addidit,
886 1723 964 1747 nec
991 1723 1069 1746 nos
1097 1711 1178 1761 jam
1211 1708 1262 1746 de
1282 1708 1398 1747 Pluto
1432 1722 1475 1746 re
1506 1709 1630 1746 nimis
1658 1720 1760 1749 nota

297 1768 421 1817 plura
441 1764 764 1817 disputabimus.
812 1764 1008 1818 Quisque
1032 1765 1145 1803 enim
1170 1765 1296 1802 facile
1316 1763 1547 1816 intelligit,
1579 1765 1615 1801 si
1639 1770 1760 1807 πλου-

296 1818 465 1873 τοδότης
493 1831 672 1860 vocatur
702 1820 842 1870 Pluto,
884 1831 926 1859 et
962 1820 1100 1859 Plutus
1131 1835 1230 1872 opes
1266 1820 1486 1873 designat,
1528 1830 1640 1859 recte
1672 1821 1759 1860 dici

296 1877 469 1916 Plutum
492 1891 515 1915 a
539 1878 721 1915 Plutone
744 1877 871 1914 mitti.
931 1877 1027 1915 Etsi
1044 1876 1154 1915 euim
1169 1876 1306 1915 Plutus
1327 1875 1452 1914 modo
1475 1877 1639 1925 Deum,
1672 1892 1759 1916 mo·

298 1933 353 1972 do
376 1933 550 1972 divitias
575 1932 807 1997 significet,
839 1932 1017 1972 Plutonis
1045 1931 1277 1984 adpellatio
1297 1941 1434 1970 tamen
1462 1945 1548 1969 non
1574 1933 1632 1970 ita
1652 1948 1759 1985 pro-

296 1990 460 2027 misena
487 1998 572 2037 est,
606 1989 712 2042 quin
744 2003 791 2028 ea
813 1989 955 2028 Deum
980 1990 1069 2026 fere
1092 1997 1257 2025 tantum
1289 1985 1522 2039 significet,
1554 1985 1623 2041 (et
1652 1989 1757 2028 licet

297 2048 425 2084 semel
458 2045 695 2098 iterumque
725 2043 1016 2084 confundatur
1055 2042 1230 2095 aliquod
1258 2057 1434 2090 nomen,
1480 2042 1580 2081 inde
1616 2053 1755 2084 tamen

295 2115 385 2139 non
417 2100 633 2166 sequitur,
669 2115 833 2139 omnem
867 2099 1149 2139 differentiam
1173 2097 1426 2153 sublatam.)
1464 2098 1638 2137 Interim
1662 2104 1754 2152 plu.

295 2160 423 2196 ralem
443 2153 628 2197 πλούτων
661 2156 856 2195 hocloco
888 2166 1000 2195 recte
1022 2156 1107 2208 legi
1134 2169 1257 2207 posse
1281 2155 1429 2203 credo,
1466 2154 1564 2206 quia
1582 2156 1756 2209 Lycinus

295 2213 378 2251 ait:
414 2222 475 2259 tu,
506 2213 782 2261 Hermotime‚
816 2211 921 2250 mihi
941 2211 1134 2250 narrabas
1157 2210 1298 2257 modo,
1333 2211 1556 2249 divitiarum
1578 2223 1755 2251 contem-

294 2281 396 2307 iores
415 2286 492 2308 esse
511 2268 998 2331 plzilosophos50un1que
1016 2267 1105 2320 ipse
1121 2266 1425 2315 Hermotimus,
1452 2265 1502 2304 ad
1523 2269 1642 2318 cujus
1663 2282 1754 2306 ver-

293 2325 344 2363 ba
366 2326 615 2378 respicitur,
647 2338 773 2376 supra
799 2339 830 2361 c.
852 2330 890 2367 7.
914 2324 1038 2361 etiam
1066 2324 1221 2376 plurali
1244 2337 1343 2360 usus
1374 2322 1451 2367 sit,
1485 2332 1526 2361 et
1549 2322 1618 2360 hic
1638 2337 1748 2362 com-

293 2381 418 2419 mode
440 2380 586 2420 eodem
608 2394 782 2418 numero
807 2389 1050 2446 repetentur
1068 2385 1246 2428 πλοῦτοι,
1266 2378 1399 2417 veluti
1420 2386 1461 2417 et
1480 2378 1523 2415 in
1538 2377 1747 2429 Necyom.

294 2450 385 2489 cap.
410 2442 475 2480 12.
506 2435 693 2484 πλούτοις
719 2453 760 2477 τε
787 2437 855 2477 καὶ
888 2431 1048 2489 ἀρχαῖς·
1090 2436 1242 2475 iterum
1276 2434 1379 2472 ibid.
1414 2431 1612 2481 πλούτους
1635 2436 1745 2489 λέγω,

292 2496 361 2533 καὶ
390 2494 499 2547 γένη.
557 2491 908 2543 Philosophicum
937 2493 1049 2531 enim
1077 2505 1165 2530 esse
1193 2491 1380 2537 videtur,
1413 2489 1567 2527 similia
1588 2493 1745 2541 plurali

293 2562 406 2587 num.
429 2563 653 2601 usurpare,
686 2562 794 2601 quae
821 2549 924 2586 alias
948 2548 1022 2585 vix
1049 2547 1205 2585 habent
1225 2548 1451 2611 pluralem,
1485 2555 1532 2581 ut
1550 2546 1651 2583 alibi
1678 2561 1744 2586 os-

293 2603 516 2642 tendimus.
575 2605 654 2643 Sed
684 2614 725 2643 et
744 2604 924 2657 Χεηορῆ.
945 2604 1080 2656 Ephes.
1107 2617 1202 2656 pag.
1224 2607 1290 2645 32.
1319 2598 1503 2641 πλούτων
1528 2603 1595 2642 καὶ
1617 2603 1743 2655 ἐπιμε-

289 2661 410 2705 λειᾞας
449 2659 568 2698 Adde
590 2660 751 2699 Diodor.
774 2661 855 2699 Sic.
876 2660 919 2709 Ι,
940 2665 1007 2702 71.
1031 2661 1060 2699 f.
1083 2661 1150 2701 καὶ
1173 2660 1378 2712 μεγίστους
1395 2653 1623 2707 πλούτους’
1612 2660 1738 2712 ε’σχον,

288 2723 330 2752 et
355 2716 1010 2759 Αο3-11·111η’101ς.ο.45.1113113.
