1834 3188
325 181 393 226 40
768 191 1180 224 Luc1AN1

183 305 220 339 p.
233 294 312 341 766
325 289 431 346 μόνη
456 289 543 346 οἷγει
571 290 634 332 ἔπι
651 288 723 344 τὴν
751 289 887 333 πόλιν·
920 287 969 333 οὗ
991 290 1127 371 μέντοι
1155 290 1225 344 εχω
1246 291 1389 334 εἰδέναι
1406 294 1441 336 εἶ
1460 288 1596 347 ἇληθῆ
1619 309 1707 346 φη-

328 369 413 405 σιν·
445 355 529 401 ἄλλ’
565 357 624 401 ’ὅτι
656 358 726 413 μὲν
745 355 912 412 αφῖκται
931 357 1032 413 πρός
1054 377 1090 400 τι
1107 359 1240 409 τέλος,
1270 361 1337 401 καὶ
1357 360 1434 403 εἶδέ
1455 380 1543 404 τινα
1562 358 1704 412 πόλιν,

185 425 312 472 13767·
328 425 443 471 δώσω
462 422 572 484 αὗτῳ
592 429 701 476 ἴσως.
735 429 770 469 εἰ
791 427 831 469 δὲ
855 427 1013 480 ἐκείνην
1037 426 1167 476 εἶδεν,
1199 424 1251 479 ἣν
1273 428 1411 481 ἐχρῆν,
1442 431 1484 472 ἐν
1504 425 1531 487 ᾗ
1557 431 1708 472 ἐπιθυ-

327 502 482 552 μοῦμεν
514 495 587 550 ἐγώ
602 513 643 538 τε
671 497 738 537 καὶ
756 495 802 537 σύ
838 493 1173 542 πολιτεύσασθαι,
1217 492 1268 546 ἢ,
1300 496 1390 538 δέον
1409 497 1457 552 Υ)
1488 501 1542 547 εἷς
1559 496 1707 552 Κόριν-

325 571 410 606 θον
439 566 592 612 ἐλθεῖν,
625 561 648 605 ὅ
668 561 706 605 δ’
729 564 774 618 ²)
806 565 860 611 εἷς
877 566 1099 617 Βαβυλῶνα
1126 560 1377 617 ἀφικόμενος
1404 567 1524 607 οἴεται
1557 563 1709 618 Κόριν-

325 638 410 675 θον
440 632 676 684 ἑωρακέναι,
708 630 856 684 ἄδηλον
883 628 1006 686 ἔμοιγ’
1038 625 1110 673 οὖν
1129 633 1194 673 ἔτι.
1237 629 1284 673 οὗ
1304 630 1378 687 γὰρ
1400 630 1557 682 πάντως
1578 632 1600 675 ὁ
1619 630 1709 674 τινὰ

326 697 443 742 πόλιν
461 698 580 750 ἰδών,
614 697 824 753 Κόρινθον
848 697 972 750 εἶδεν,
1004 701 1099 754 εἴγε
1121 693 1168 740 ου’
1190 698 1293 753 μόνη
1312 697 1425 749 πόλις
1445 701 1549 742 ἐστὶν
1567 697 1594 752 ἡ
1620 697 1710 742 Κό-

327 774 485 822 ρινθος.
518 766 541 810 ὃ
574 768 613 809 δὲ
646 766 693 819 δή
725 766 892 821 μάλιστα
921 769 976 816 εἷς
1002 763 1175 822 ἀπορίαν
1206 785 1252 821 με
1280 771 1540 822 καθίστησιν,
1580 766 1708 811 ἐκεῖνό

324 837 432 887 ἐστι,
464 834 507 878 vd
539 835 684 877 εἰδέναι
709 833 769 877 ὅτι
797 840 907 876 πᾶσα
928 832 1080 891 ἀνάγκη
1108 838 1200 889 μίαν
1221 834 1323 878 εἶναι
1345 835 1416 889 τήν
1440 832 1575 889 ἀληθῆ
1596 834 1707 878 ὁδόν.

323 905 392 946 καὶ
411 901 485 959 γὰρ
509 900 536 956 ἦ
557 902 766 958 Κόρινθος
789 905 859 957 μία
888 903 1005 945 ἐστίν.
1038 906 1082 945 αἱ
1100 900 1140 944 δ’
1163 901 1276 946 ἄλλαι
1296 904 1517 960 πανταχόσε
1539 910 1708 959 μᾶλλον,

322 968 351 1025 ἢ
370 974 424 1020 εἷς
446 968 656 1025 Κόρινθον
676 971 867 1027 ἄγουσιν,
901 973 936 1014 εἰ
951 970 1004 1024 μή
1025 989 1083 1020 τις
1103 968 1204 1013 οὕτω
1226 972 1386 1028 σφόδρα
1404 976 1628 1028 παραπαίοι
1645 974 1708 1026 a),

324 1036 379 1088 ὦς
407 1040 567 1081 οἴεσθαι
599 1041 666 1081 καὶ
692 1039 766 1093 τὴν
800 1042 856 1089 εἰς
878 1038 1206 1093 “Τπερβορεόυς,
1255 1041 1321 1081 καὶ
1351 1036 1426 1094 τήν
1468 1043 1524 1090 εἰς
1550 1038 1711 1090 Ἰνδοὺς

324 1106 529 1162 ἄγουσαν,
561 1109 617 1156 εἰς
637 1105 850 1161 Κόρινθον
870 1108 1052 1149 στέλλειν.

438 1180 580 1218 EPM'.
615 1178 695 1218 Καὶ
712 1181 796 1225 πῶς
822 1173 911 1219 οἶόν
934 1192 995 1228 τε,
1028 1169 1062 1221 ὦ
1091 1180 1272 1228 Λυκῖνες
1313 1174 1410 1231 ἄλλη
1438 1175 1513 1232 γὰρ
1541 1172 1710 1231 ἀλλαχό-

325 1257 368 1286 σε
392 1243 488 1300 ἄγει.

242 1309 297 1349 28
434 1317 567 1355 AYK.
605 1309 793 1363 Οὐκοῦν,
824 1310 856 1356 αἶ
877 1313 970 1356 καλὲ
994 1311 1230 1369 Ἑρμότιμε,
1264 1310 1312 1356 οὗ
1348 1318 1491 1370 μικρᾶς
1522 1317 1583 1357 δεῖ
1610 1317 1708 1369 βου-

549 1413 652 1470 ἑοῖ]
678 1440 701 1458 ,,
703 1411 847 1455 Ηδέως
873 1415 967 1450 Edd.
999 1427 1128 1449 omnes
1156 1416 1275 1456 male,
1302 1420 1450 1459 praeter
1474 1416 1510 1449 S.
1533 1426 1625 1460 qnae
1656 1427 1708 1454 ως

415 1460 513 1496 δέον.
554 1456 615 1494 ἭΗ
636 1459 719 1516 δέξιν
748 1468 848 1494 recte
866 1472 995 1504 margo
1015 1464 1056 1496 A.
1083 1474 1111 1494 1.
1131 1463 1190 1494 W.
1239 1462 1288 1494 Et
1307 1462 1360 1493 sic
1381 1467 1590 1494 correxerat
1611 1463 1709 1493 Ano-

415 1518 516 1550 nym,
533 1505 571 1538 in
592 1507 637 1539 H.
675 1503 780 1546 Ἴσως
802 1520 851 1546 ως
868 1506 977 1541 εἰδῶν
996 1509 1036 1540 L.
1073 1508 1124 1541 Εἰ
1143 1505 1227 1541 δέον
1246 1509 1371 1540 liei-,m
1421 1506 1539 1540 Aliter
1553 1507 1704 1540 Marezl.

414 1563 526 1597 quem
543 1552 634 1585 vide.
642 1552 665 1571 “
725 1556 765 1595 z)
793 1549 812 1587 ὁ
840 1549 905 1595 δ’]
934 1549 995 1587 όὸ’
1015 1559 1106 1588 vett.
1133 1553 1226 1586 Edd.
1275 1553 1426 1586 Rectius
1447 1555 1564 1588 Reitz.
1589 1558 1624 1585 et
1647 1564 1708 1585 re-

415 1604 528 1632 centt.
556 1594 575 1633 ὁ
606 1593 1058 1639 3'.V1·d.Adn0t.a)
1085 1599 1378 1642 παραπαίοι]
1406 1600 1628 1644 ,,παραπαίῃ
1651 1598 1705 1633 Fl.

413 1649 451 1677 et
471 1645 525 1677 Μ.
545 1655 565 1677 a
585 1645 790 1677 recentiore
807 1645 965 1679 manu.“
1012 1646 1213 1690 Vulgatam
1243 1650 1390 1678 servant
1413 1645 1546 1691 reliqq.
1580 1657 1707 1690 παρα-

412 1692 516 1725 παίει
536 1700 637 1734 2954.
656 1701 761 1734 5011.
780 1691 904 1724 minus
927 1692 1021 1724 bene
1034 1716 1043 1733 ,
1078 1692 1131 1725 ait
1148 1691 1265 1723 Belin.

369 1411 538 1471 γ)ἢ,δ

320 1768 517 1816 laudare,
571 1785 618 1809 ac
659 1770 798 1811 dicere
850 1774 983 1810 solam

319 1827 429 1865 ferre
463 1827 508 1864 in
542 1827 712 1876 urbemg
754 1842 891 1879 neque
922 1838 982 1866 ta-

319 1896 413 1919 men
440 1882 599 1932 habeo,
631 1883 744 1922 unde
764 1884 891 1921 sciam
915 1898 982 1923 ve-

319 1952 364 1975 ra
387 1937 506 1975 illum
533 1938 685 1978 dicere.
732 1940 887 1978 Verum
912 1954 981 1978 ve-

320 1993 436 2032 nisse
467 1994 587 2032 illum
615 1995 666 2033 ad
700 1995 823 2034 finem
853 2010 982 2049 quen-

321 2048 441 2095 dam,
494 2059 535 2089 et
567 2051 726 2090 vidisse
767 2052 983 2090 civitatem

320 2106 530 2158 aliquam,
563 2107 674 2145 forte
696 2106 761 2144 illi
785 2107 980 2148 dederim.

320 2159 474 2199 Utrum
514 2176 615 2201 vero
647 2163 760 2200 illam
802 2163 981 2213 viderit,

319 2231 440 2270 quam
474 2217 721 2271 oportebat,
764 2222 883 2271 cujus
918 2220 981 2257 ci-

317 2287 389 2311 ves
410 2287 498 2312 esse
520 2283 566 2311 tu
588 2288 674 2312 non
696 2274 835 2312 minus
857 2289 980 2328 quam

317 2342 396 2381 ego
426 2332 649 2379 volumus,
680 2344 732 2367 an
768 2346 861 2369 cum
899 2331 982 2369 Co-

316 2383 504 2422 rinthum
533 2386 719 2424 eundum
742 2396 873 2432 esset,
907 2387 980 2425 ille

314 2439 578 2490 Babylonem
622 2441 783 2481 delatus
828 2443 979 2481 Corin-

315 2495 436 2532 thum
458 2510 500 2535 se
521 2497 678 2536 vidisse
702 2498 887 2550 putarit,
921 2500 980 2536 il-

316 2551 390 2589 lud
413 2551 517 2590 mihi
548 2553 717 2604 quidem
738 2554 877 2593 adhuc
908 2554 980 2593 ob·

320 2620 486 2644 scutum
531 2618 605 2648 est.
677 2609 830 2662 Neque
867 2610 981 2650 enim

321 2662 516 2714 quisquis
548 2663 695 2702 urbem
730 2666 865 2717 vidit,
901 2667 981 2704 Co-

319 2718 510 2756 rinthum
567 2719 701 2768 vidit,
772 2721 982 2774 siquidem

1041 1786 1129 1810 non
1149 1773 1236 1810 sola
1255 1771 1352 1810 urbs
1371 1779 1434 1811 est
1452 1770 1704 1811 Corinthus.

1044 1827 1172 1881 Quod
1213 1838 1352 1866 autem
1385 1829 1568 1866 maxime
1603 1828 1705 1866 ino-

1040 1899 1136 1937 pem
1158 1898 1222 1921 me
1258 1884 1429 1922 consilli
1457 1883 1618 1933 reddit,
1652 1884 1703 1923 il-

1039 1939 1114 1978 lud
1142 1949 1226 1988 est,
1269 1939 1382 1992 quod
1415 1939 1542 1986 novi,
1576 1954 1704 1978 unam

1040 2009 1279 2034 necessarlo
1304 2009 1393 2033 esse
1414 2010 1552 2034 veram
1575 2010 1702 2042 Viam,

1045 2052 1207 2104 quippe
1252 2066 1344 2089 cum
1384 2060 1425 2089 et
1467 2051 1704 2090 Corinthus

1042 2122 1125 2145 una
1149 2108 1203 2145 sit
1208 2108 1412 2161 ,reliquas
1437 2118 1574 2146 autem
1600 2122 1704 2160 quo-

1042 2163 1106 2201 vis
1135 2164 1278 2215 potius
1304 2177 1427 2226 quam
1448 2163 1705 2203 Corinthum

1043 2218 1218 2266 ducere;
1252 2220 1335 2256 nisi
1356 2220 1398 2256 in
1421 2228 1586 2257 tantum
1608 2219 1703 2272 quis

1041 2274 1252 2326 desipiat,
1287 2275 1412 2314 etiam
1446 2290 1559 2326 eam,
1593 2289 1702 2328 quae

1040 2330 1090 2368 ad
1103 2331 1406 2383 Hyperboreos
1425 2332 1522 2379 fert,
1537 2308 1577 2369 ἐκ
1593 2345 1700 2385 quae

1039 2386 1090 2424 ad
1121 2387 1277 2438 Indos,
1334 2386 1589 2426 Corinthum
1621 2386 1702 2425 du-

1040 2457 1145 2481 cere.

1096 2498 1231 2541 I·Ierm.
1275 2500 1332 2536 Et
1366 2497 1579 2551 quomodo
1615 2498 1700 2537 hoc

1038 2554 1129 2592 fieri
1172 2557 1331 2608 possit,
1373 2555 1569 2606 Lycius),
1617 2556 1699 2593 alia

1041 2626 1133 2649 cum
1160 2612 1361 2648 aliorsum
1385 2610 1544 2648 ducat?

1096 2666 1192 2715 Lyc.
1227 2668 1366 2718 Ergo,
1400 2665 1575 2717 pulcher
1593 2667 1699 2705 Her-

1042 2721 1238 2770 mossme,
1273 2736 1358 2760 non
1390 2736 1517 2774 parva
1545 2722 1700 2763 delibe-
