1834 3188
405 213 456 242 m
492 211 674 241 znuxrx
710 211 801 242 VEL
838 209 1138 242 ANTIOCHUM.
1416 201 1516 248 493

176 308 278 349 End.
301 311 328 350 1.
348 314 388 353 7.
422 312 710 360 Καινοποιεῖν)
741 308 852 349 vide
875 308 986 349 idem
1007 310 1138 349 ferme
1159 306 1209 348 de
1230 309 1519 350 eoAristorelis

65 365 273 419 judicium
297 366 346 405 de
371 367 492 406 Poet.
514 382 549 407 c.
570 373 636 410 26.
665 367 696 405 f.
728 367 893 407 SOLAN.

176 422 280 462 Eacl.
300 425 326 463 l.
350 428 412 466 14.
444 421 627 478 Σύλλας)
658 422 793 461 Periit
809 422 953 477 itaque
974 421 1194 461 thesaurus
1214 422 1517 477 antiquitatum

66 479 320 518 Graecarum
342 480 590 526 in1mensus;
624 477 697 517 sed
716 487 946 516 statuarum
970 488 1156 529 tantum,
1191 488 1263 517 aut
1282 479 1519 519 tabularum

66 536 299 589 pictarum:
333 551 427 573 nam
446 551 551 590 quae
573 538 700 588 longe
731 537 863 586 major
883 538 1044 587 jactura
1068 535 1162 574 orbi
1183 535 1349 574 erudito
1374 537 1520 576 futura

66 601 155 631 erat
176 590 404 639 librorum,
439 607 543 645 quos
575 605 732 630 summa
756 605 849 629 cum
879 605 977 630 cura
1006 591 1056 630 ab
1085 605 1134 630 eo
1168 594 1367 631 collectos
1387 593 1521 632 fuisse

67 647 113 685 in
150 648 325 687 Graecia
360 647 470 687 idem
497 649 701 688 Lucianus
733 645 856 685 docet
887 647 996 687 Adv.
1028 647 1196 687 Indoct.
1222 662 1256 686 c.
1280 652 1320 691 4.
1343 662 1430 687 non
1458 659 1522 688 est

67 704 195 742 facta.
228 703 465 743 Plutarchus
487 706 598 743 enim
618 704 752 742 libros
774 714 978 742 memorat
994 703 1176 742 Athenis
1199 703 1249 742 ab
1272 718 1321 743 eo
1342 705 1519 743 Romam

67 760 302 799 incolumes
325 759 581 812 deportatOS.
640 759 745 799 Plut.
766 759 867 811 Syll.
888 762 982 804 856.
1006 761 1057 799 A.
1089 760 1260 801 Somn.

180 817 281 868 Pag·
305 822 398 860 132·
421 819 447 853 l·
470 821 510 859 8.
538 813 602 857 ‘H
617 815 870 869 Κένταυρος)
901 816 1088 855 Petiitne
1109 830 1161 854 ex
1181 816 1263 855 hoc
1282 817 1457 857 Luciam:
1475 818 1526 856 li-

67 872 181 912 bello
214 874 497 925 Κενταυρίὸων
527 887 695 911 suarum
719 872 944 925 imaginem
980 871 1209 914 Plzilosirat.
1234 874 1350 915 Icon.
1375 880 1426 924 2,
1451 874 1525 918 3‚?

67 928 244 968 Lectori
276 938 388 968 certe
415 942 501 967 non
534 928 814 979 injucundum
839 928 919 967 erit
941 938 1160 983 utramque
1194 929 1402 981 picturam
1425 945 1528 969 con-

68 985 229 1025 tulisse.
265 985 402 1022 Gl-:SN-
465 984 702 1024 Sclzoliastes
724 983 987 1038 Bodkjanus,
1021 985 1096 1037 qui
1117 984 1161 1022 in
1183 984 1312 1038 hujus
1334 986 1528 1037 picturae

69 1039 354 1092 descriptione
372 1040 598 1079 manifesto
621 1041 795 1080 Luciam·
818 1041 943 1079 verba
966 1049 1063 1079 ante
1086 1043 1233 1079 oculos
1259 1040 1422 1093 habuit,
1443 1043 1529 1081 Lu-

69 1099 178 1136 ciani
196 1106 334 1135 tamen
357 1096 470 1135 illam
496 1110 584 1135 esse
607 1096 873 1135 dissimulans
896 1096 946 1135 ad
964 1096 1248 1136 Callimachum
1267 1107 1308 1136 et
1330 1097 1530 1137 CaZaesem.

70 1162 262 1191 auctores
293 1153 436 1193 refert.
497 1151 578 1192 Sed
599 1153 769 1207 quinam
797 1153 860 1191 illi
885 1153 1067 1202 fuerint,
1101 1153 1268 1207 ignoro.
1329 1153 1529 1194 Callima—

69 1209 184 1248 chum
217 1207 388 1262 quidem
421 1210 540 1247 illum
563 1207 852 1261 Cyraenaeum
881 1209 1136 1261 hymnorum
1169 1209 1373 1249 artificem
1402 1225 1526 1250 nemo

69 1273 226 1303 temere
247 1265 525 1317 cogitaverit:
558 1264 748 1304 fortassis
772 1265 986 1304 intellexit
1011 1264 1301 1315 Callistratum,
1335 1266 1381 1304 in
1407 1269 1531 1320 cujus

70 1320 359 1372 Ecphrasibus
388 1321 595 1373 reperitur
629 1335 734 1370 una,
776 1335 950 1361 numero
980 1326 1069 1371 12„
1103 1335 1212 1374 quae
1241 1320 1291 1361 de
1322 1321 1530 1361 Centauri

73 1375 252 1430 quadam
271 1387 408 1415 statua
432 1377 539 1431 agit,
562 1376 844 1430 pulcherrime
865 1387 907 1416 et
927 1377 1275 1417 artificiosissime
1297 1377 1530 1425 elaborata,

72 1442 114 1471 et
143 1433 187 1470 in
218 1433 466 1484 Propylaeis
496 1434 705 1485 exposita.
765 1433 850 1473 Sub
885 1432 1044 1473 Galaese
1069 1443 1231 1484 autem,
1270 1434 1356 1477 nisi
1386 1436 1531 1474 omnia

70 1503 136 1528 me
159 1488 337 1539 fallunt,
368 1489 541 1528 Luciam‘
570 1489 705 1527 nostri
730 1503 884 1529 nomen
912 1493 1039 1539 latet,
1072 1498 1147 1527 aut
1175 1492 1374 1530 consulto
1395 1501 1532 1530 muta-

72 1553 183 1594 tum,
216 1553 290 1584 aut
317 1558 416 1582 casu
442 1543 622 1598 quodam
654 1543 941 1597 depravatum.
1003 1546 1198 1599 Quorum
1217 1555 1362 1585 utrum
1383 1547 1536 1600 potius

73 1610 279 1650 statuam,
312 1599 450 1639 adhuc
475 1599 685 1653 ambigere
708 1616 774 1640 me
795 1602 947 1642 fateor.
979 1602 1139 1641 Lnnm.

187 1658 288 1710 Pag.
315 1662 408 1700 133.
431 1660 458 1696 1.
479 1662 518 1699 2.
558 1655 657 1698 Οἷόν
678 1660 778 1699 εἰσιν
797 1659 937 1709 ἵπποι.)
970 1657 1081 1698 Vide
1104 1673 1182 1698 nos
1203 1658 1317 1698 infra
1341 1657 1394 1698 ad
1415 1659 1537 1698 Har-

76 1727 191 1753 mon.
216 1727 249 1750 c.
270 1719 310 1756 3.
329 1708 536 1766 ἀλλότριον
554 1709 668 1766 τᾶμᾶ.
700 1713 788 1752 Ubi
808 1716 928 1766 plura
951 1714 1162 1768 ejusmodi
1183 1715 1415 1769 singularis
1440 1730 1536 1755 cum

75 1768 232 1823 plurali
252 1772 441 1820 exempla
461 1766 664 1808 dedimus.
685 1770 849 1810 Rnrrz.
883 1769 1003 1823 Quae
1016 1769 1101 1810 huc
1116 1770 1230 1810 nihil
1241 1772 1422 1811 faciunt.
1452 1771 1536 1811 Ve-

75 1840 163 1865 ram
190 1824 438 1873 lectionem,
476 1838 598 1877 quam
618 1824 790 1879 linguae
811 1828 924 1879 leges
946 1835 988 1865 et
1010 1825 1233 1878 scriptoris
1258 1841 1360 1864 usus
1381 1836 1538 1878 postu-

77 1885 191 1930 lant,
225 1880 411 1920 servavit
433 1879 539 1920 Cod.
562 1879 684 1922 Bodl.
705 1880 784 1923 οἷοί
801 1883 916 1925 εἰσιν.
947 1881 1016 1920 Cf.
1039 1882 1154 1921 infra
1176 1897 1211 1921 c.
1233 1887 1276 1925 6.
1296 1882 1359 1922 in.
1379 1883 1537 1923 Piscat-

81 1953 117 1977 c.
136 1940 204 1982 25.
223 1937 281 1977 in.
305 1946 347 1976 et
367 1936 585 1975 innumera
609 1936 692 1975 alia
709 1941 802 1976 loca
817 1970 828 1988 ‚
863 1938 908 1976 in
933 1937 1089 1990 quibus
1112 1937 1270 1992 passim
1290 1938 1539 1978 aberrarunt

79 1993 269 2043 librarii,
301 2002 351 2031 ut
383 1994 525 2033 Somn.
547 2007 581 2031 c.
608 1997 673 2036 17.
697 1994 772 2032 ubi
792 2008 871 2048 pro
906 1991 1037 2049 ὥςπερ
1064 2007 1088 2034 e
1120 1994 1229 2036 Cod.
1260 1994 1373 2049 Aug.
1403 1994 1540 2035 resti-

78 2050 238 2089 tuimus
260 2047 430 2104 οἶόςπερ.
467 2051 624 2090 LmrM.
808 2044 831 2057 “
1536 2075 1544 2107 ι

193 2104 295 2143 Eacl.
317 2108 343 2146 1.
367 2111 407 2149 6.
441 2103 511 2155 Ἐς
536 2104 608 2147 τὸν
640 2104 818 2149 πωλικὸν
849 2103 1029 2161 τρόπον)
1057 2106 1314 2157 Benedictus,
1353 2124 1539 2163 equarum

81 2165 122 2201 in
140 2177 295 2201 morem.
354 2163 409 2200 Et
430 2176 503 2200 cur
524 2175 611 2201 non
633 2177 766 2217 aeque
788 2163 895 2203 bene
921 2163 1174 2219 Obsopoeus?
1213 2164 1540 2220 quemadmodum

81 2218 184 2273 pulli
202 2233 229 2256 a
249 2217 435 2256 matribus
453 2217 597 2258 lactari
613 2217 747 2261 solent.
786 2219 930 2259 Gnoxv.

199 2273 296 2327 Pag‚
323 2276 462 2318 1341.
487 2278 523 2316 1.
562 2272 658 2326 'Em'
682 2273 780 2322 ὅσα)
809 2275 924 2314 Illud
951 2277 1016 2318 ἐπὶ
1037 2275 1140 2330 quid
1160 2275 1232 2315 hic
1256 2280 1418 2330 valeat,
1449 2292 1539 2318 non

84 2331 262 2386 ignoro;
295 2329 621 2383 expungendum
641 2339 780 2371 tamen
800 2345 966 2382 censeo,
998 2334 1236 2386 meliusque
1255 2342 1343 2372 tum
1366 2331 1540 2374 habitu-

86 2402 178 2427 rum
194 2386 308 2424 hunc
326 2388 480 2426 locum.
512 2387 679 2427 Soram.
737 2387 922 2426 Minime
940 2402 1053 2431 vero.
1084 2389 1203 2428 Inest
1224 2390 1335 2428 enim
1359 2389 1403 2427 in
1416 2392 1539 2430 Prae·

87 2443 304 2496 positione
317 2441 503 2481 modesta
525 2441 670 2481 finium
687 2441 1051 2493 declaratio,intra
1065 2459 1170 2500 quos
1190 2443 1398 2497 judicium
1415 2461 1539 2486 suum

88 2509 236 2538 auctor
258 2499 468 2537 contineri
490 2501 594 2536 vult.
658 2498 807 2538 Verte:
838 2503 879 2538 in
897 2512 1105 2553 quantum,
1137 2510 1186 2538 ut
1206 2500 1311 2538 fecit
1331 2499 1536 2553 Gemmas,

90 2557 179 2604 vel,
210 2555 246 2593 si
265 2554 405 2602 malis,
437 2566 636 2608 quatenus.
698 2555 892 2595 Ceterum
919 2570 1012 2594 cum
1041 2556 1131 2603 his,
1163 2550 1234 2608 ἐφ’
1255 2553 1350 2607 ὅσα,
1383 2559 1540 2598 arctis-

91 2609 198 2648 sime
228 2610 448 2650 cohaerere
478 2625 655 2665 sequens
684 2614 778 2664 ἔχει,
813 2621 853 2650 et
874 2610 1118 2664 Subjectum
1148 2613 1283 2665 repeti
1315 2612 1466 2654 debere
1491 2613 1542 2656 τὰ

90 2664 159 2717 μὲν
182 2665 297 2713 ἄλλα,
329 2681 414 2706 non
440 2681 672 2716 monerem,
705 2669 786 2706 nisi
814 2667 994 2707 Belinum
1017 2667 1200 2708 viderem
1233 2667 1278 2706 in
1301 2668 1465 2711 Adnot.
1486 2670 1541 2710 ad

90 2721 325 2766 versionem
353 2737 469 2763 suam
501 2725 621 2763 Tom.
645 2725 702 2767 11.
724 2738 765 2778 p.
790 2730 884 2770 336.
909 2724 954 2764 in
985 2734 1192 2765 structura
1224 2725 1311 2765 loci
1336 2724 1537 2779 haesisse,
