1834 3188
397 204 451 235 m
487 202 654 234 VERAE
692 202 958 233 1118TOR1AE
995 203 1085 236 Lm.
1124 205 1156 233 1.
1416 191 1516 240 653

159 301 262 344 Εαιῖ.
284 303 313 341 l.
339 305 402 346 13.
441 305 535 350 Ταῖς
553 302 768 356 γαμεταῖς)
804 301 951 341 Frater
975 300 1201 342 Lucianum
1230 307 1314 352 τοῖς
1345 302 1516 345 dedisse

45 370 204 400 monet.
265 359 366 398 Non
387 361 493 398 male
517 359 568 397 ad
589 373 770 398 sensum.
830 358 911 397 Sed
932 361 1151 412 vulgatum
1176 374 1264 399 non
1287 375 1440 400 moveo
1460 363 1517 400 si-

44 431 99 456 ne
123 415 408 462 auctoritate,
441 415 542 470 quia
563 415 676 454 ludit
699 415 743 452 in
769 429 948 468 genere,
983 414 1081 453 dum
1104 415 1233 454 iidem
1265 431 1517 469 sponsarum

43 476 143 513 loco
163 482 277 512 sunt.
309 445 471 514 Rm’rrz.
531 472 804 512 Verissimam
836 471 985 511 Reitzii
1002 472 1341 513 emendationem
1365 474 1519 513 confir·

45 539 132 568 mat
154 530 241 570 Ms.
261 530 367 582 Reg.
392 534 516 573 3011.
538 542 668 582 quare
690 527 752 566 sic
769 528 1082 595 rescripsimus.
1141 530 1252 568 Mox
1266 542 1313 570 ·v.
1340 536 1404 573 12.
1428 546 1516 585 seq.

46 601 103 626 ex
131 584 278 626 eodem
318 587 403 624 Ms.
435 584 730 639 supplevimus
760 580 781 626 ὅ
814 595 913 625 ante
950 584 1118 635 καπνός.
1178 586 1520 628 Desiderabatur

44 633 157 683 enim
182 643 227 681 in
250 641 362 683 Edd.
393 644 493 682 Bm.

158 721 259 776 Pag.
293 724 391 766 252.
422 724 448 763 l.
473 725 509 765 1.
552 720 946 774 Περικαθεσθέντες)
989 721 1116 777 Angl.
1145 720 1518 777 περικαθεζόμενοι.

45 779 224 819 Bounn.
282 778 380 816 Etsi
403 779 547 817 aorist.
570 778 642 816 hic
664 777 923 817 insolentior
942 789 1004 818 est
1026 790 1067 817 et
1087 779 1245 830 rarior,
1280 780 1408 820 immo
1429 781 1521 820 bar·

45 835 171 874 barus
202 845 382 874 vocatur
413 849 435 873 a
467 836 539 875 Th
557 835 675 888 Mag.
711 844 753 874 et
786 833 921 877 Codd
959 835 1132 889 quidam
1165 853 1212 877 πε
1216 837 1523 891 ρικαθεζόμενοι,

45 891 232 941 habent,
265 905 344 946 ego
367 900 505 931 tamen
526 906 620 931 eum
640 906 731 928 cum
755 890 887 930 Jensio
908 892 1163 930 servandum
1189 907 1365 944 censeo,
1397 898 1521 946 cujus

45 947 171 988 verba
195 962 248 986 ex
273 949 413 987 Lectt.
435 948 543 988 Luc.
574 961 613 999 p.
635 953 700 990 11.
726 947 808 985 huc
839 948 1065 986 transcribi
1097 959 1323 990 merentur.
1384 951 1522 1003 Ma.,i-

45 1007 120 1044 stri
139 1004 294 1054 nostri,
329 1004 410 1054 ait,
444 1018 529 1043 vox
557 1013 645 1051 est
671 1002 823 1045 Ἐκαθε
810 1005 956 1055 ’,σθην
989 1006 1236 1055 καθεσθεις,
1270 1004 1522 1060 καθησομαι,

45 1065 300 1119 καθεσθῆναι
329 1061 396 1102 καὶ
426 1058 501 1103 όσα
530 1057 611 1102 απὸ
643 1059 823 1111 τούτων,
866 1060 1062 1116 βαρβαοα.
1121 1063 1311 1113 Mitius,
1345 1064 1519 1111 mitius,

47 1118 146 1172 ὠβὲ
149 1123 286 1160 λτιστε.
324 1117 484 1157 Nonne
503 1119 864 1171 περικαθεσθέντες
884 1117 933 1156 ab
953 1121 1193 1171 καθεσθείς-ς
1224 1120 1360 1172 Atqui
1380 1135 1430 1159 eo
1455 1096 1521 1158 uti

46 1190 135 1214 non
161 1174 410 1228 didignatus
438 1183 526 1223 est,
567 1188 654 1212 non
683 1174 885 1212 barbarus
917 1175 1147 1226 Lucianus,
1186 1175 1232 1214 in
1265 1176 1375 1215 Vera
1404 1176 1521 1216 Hist.

48 1246 91 1286 p.
113 1236 210 1275 726.
237 1231 299 1281 (i.
324 1245 358 1272 e.
380 1229 422 1271 h.
445 1233 506 1280 1.)
532 1244 784 1284 quamquam
805 1245 870 1269 me
895 1246 983 1270 non
1009 1232 1148 1286 fugit,
1185 1246 1236 1271 ex
1260 1232 1369 1273 Cod.
1392 1234 1522 1287 Angl.

0 1288 1 1293 ’
45 1287 229 1341 produci
251 1287 611 1340 περικαθεζόμενοι
635 1301 656 1325 a
677 1287 948 1328 Rom-deletio.
1008 1289 1196 1327 Rursum
1225 1303 1312 1328 non
1347 1290 1407 1328 ita
1444 1303 1522 1343 pro

47 1346 226 1384 barbaro
250 1343 491 1382 habendum
513 1344 652 1397 ipsum
674 1345 921 1397 ε’καθέσθην,
955 1359 977 1383 a
1001 1359 1086 1399 quo
1106 1348 1264 1398 stylum
1288 1360 1410 1385 suum
1434 1359 1523 1385 non

50 1401 262 1440 abstinuit
283 1400 524 1452 Hesychius,
519 1417 528 1426 -
561 1415 683 1454 quem
707 1401 752 1439 in
785 1415 914 1454 eopse
931 1404 1054 1451 loco,
1095 1402 1171 1440 ubi
1199 1402 1278 1441 hac
1298 1417 1404 1442 voce
1429 1402 1526 1440 uti-

50 1468 142 1508 tur,
176 1457 359 1510 turpiter
382 1467 628 1509 corruptum
651 1457 894 1497 emendasse
918 1472 1071 1511 operae
1092 1459 1198 1500 erit:
1234 1459 1309 1497 ubi
1332 1459 1444 1499 enim
1468 1461 1525 1497 le-

50 1515 124 1584 gis
144 1516 406 1587 Κατερέξάτο,
438 1514 666 1565 ἔκαθέσθη,
701 1514 795 1553 sine
829 1517 947 1553 nulla
975 1514 1261 1555 haesitatione
1296 1519 1390 1571 lege
1420 1511 1526 1556 Κατ’

145 1573 272 1621 ἕ,ζετο
304 1571 424 1612 ἔκαθε
417 1571 520 1622 ’σθη.
580 1571 879 1624 Praeterquam
909 1573 1024 1623 quod
1057 1570 1172 1610 hunc
1195 1571 1414 1611 literarum
1437 1568 1528 1613 κατ’

51 1627 102 1682 ἇρ
113 1624 333 1667 'ordinem
358 1629 476 1665 locus
500 1627 594 1680 ipse
618 1630 834 1679 postulat,
868 1625 937 1665 adi
960 1627 1210 1667 Scholiasten
1231 1638 1415 1668 veterem
1438 1629 1528 1668 Ho-

51 1686 171 1734 meri,
205 1684 279 1738 qui
299 1682 350 1721 ad
373 1683 423 1722 11.
447 1689 507 1732 A,
531 1689 598 1728 73.
621 1692 661 1722 et
685 1688 778 1726 106.
801 1683 905 1723 haec
926 1683 1070 1723 eadem
1093 1684 1284 1736 Hesyckii
1305 1684 1433 1725 verba
1457 1685 1532 1723 ha-

53 1742 141 1782 bet.
202 1741 344 1787 Haec,
378 1740 577 1792 inquam,
611 1739 719 1778 bene
741 1740 916 1790 Jensius,
951 1744 1070 1794 cujus
1096 1742 1335 1781 sententiae
1366 1742 1532 1781 confir-

52 1797 229 1838 mandae
253 1795 388 1851 gratia
409 1795 520 1834 addo
542 1796 672 1849 Long.
696 1797 809 1836 Past.
835 1797 888 1838 L
911 1803 952 1840 2.
973 1811 1016 1850 Ρ.
1040 1802 1106 1842 86.
1133 1796 1214 1839 Ed.
1239 1797 1357 1853 Jung.
1384 1795 1464 1840 ὑπὸ
1485 1803 1536 1854 τῇ

54 1858 152 1910 δρυῒ
165 1853 435 1902 καθεσθέντες
452 1849 644 1907 ἕσυριζον.
676 1852 796 1891 REM·
804 1867 841 1891 z-

166 1932 268 1974 Ead.
288 1936 317 1974 1.
341 1936 382 1976 4.
416 1930 580 1983 Ποτόυ)
612 1932 651 1971 Υ
654 1940 786 1971 eteres
811 1930 921 1972 Edd.
946 1931 1018 1970 hic
1044 1932 1286 1973 consentire
1310 1948 1406 1973 cum
1433 1935 1533 1972 vul-

57 2001 177 2048 gata,
211 1989 437 2030 adnotavit
461 1989 646 2029 solanus.
707 1990 773 2026 An
797 2003 897 2052 ergo
919 1990 1152 2043 quaesivit,
1186 2005 1286 2029 num
1319 1991 1426 2030 aliae
1450 1989 1531 2031 πό-

56 2066 124 2097 τος
145 2062 269 2088 masc.
297 2060 389 2100 gen.
413 2045 652 2085 baberent?
685 2044 767 2086 Sed
801 2039 913 2084 nihil
943 2060 1051 2099 opus
1084 2056 1169 2085 est.
1211 2061 1306 2085 nam
1336 2057 1378 2086 et
1405 2045 1532 2088 ποτὸν

56 2114 194 2145 neutr.
228 2112 394 2158 praeter
424 2102 608 2155 Xenoplz.
636 2101 815 2141 Lexicis
847 2101 1125 2152 adnotatum,
1176 2103 1303 2143 etiam
1348 2103 1496 2143 Cebes·
1486 2118 1532 2141 m

59 2160 167 2201 Tab.
198 2175 294 2214 pag.
321 2164 384 2202 10.
414 2158 496 2198 Ed.
526 2158 700 2198 Relaml.
736 2163 855 2200 τοῦτο
892 2159 933 2201 δὲ
961 2162 998 2200 τί
1019 2161 1098 2201 ἐστι
1128 2157 1171 2201 τὸ
1190 2160 1336 2211 ποτόν,·
1368 2162 1533 2199 ΙὶΕιτΖ.

60 2218 220 2258 Noster
248 2215 429 2268 saepius.
490 2214 588 2254 Vid.
620 2216 755 2256 Diall.
789 2217 945 2255 Mortt.
968 2216 1118 2266 XVII,
1146 2222 1184 2260 2.
1212 2217 1380 2259 Timon.
1407 2233 1442 2256 c.
1463 2223 1533 2261 56.

61 2275 270 2326 Necyom.
291 2288 325 2312 c.
350 2276 387 2314 7.
407 2280 448 2310 et
466 2272 609 2325 Fugit.
637 2286 670 2313 c.
698 2277 766 2315 20.
797 2273 956 2314 Lnum.

180 2339 281 2379 End.
302 2342 330 2379 l.
355 2341 397 2382 5.
433 2336 492 2381 Οὔ
509 2337 589 2392 μὴν
623 2362 675 2370 -
704 2335 858 2392 ἄφοδ.)
889 2341 1007 2381 Haec
1025 2350 1068 2381 et
1088 2341 1309 2393 sequentia
1333 2339 1432 2379 ideo
1456 2339 1533 2379 fin·

64 2399 132 2438 xit
167 2398 393 2445 Lucienus,
442 2405 490 2434 ut
523 2395 668 2435 Ctesiae
698 2397 856 2436 similes
893 2411 1067 2450 prorsus
1099 2398 1264 2436 fabulas
1297 2396 1532 2445 derideret,

66 2469 176 2508 quae
219 2452 437 2506 hodieque
471 2453 517 2491 in
551 2453 781 2506 Excerptis
825 2453 958 2493 Photii
996 2457 1224 2509 leguntur,
1280 2468 1404 2507 quem
1448 2453 1533 2496 adi.

64 2511 236 2553 SOLAN.

181 2567 284 2607 Ead.
305 2569 334 2605 1.
351 2570 392 2609 7.
418 2562 490 2606 Ἐν
506 2570 592 2613 ταῖς
612 2563 782 2620 πυγαῖς)
823 2566 1016 2617 Cestius,
1050 2566 1085 2605 si
1114 2565 1217 2620 quid
1237 2565 1282 2604 in
1314 2580 1534 2606 exsecran-

71 2623 126 2663 do
148 2625 223 2663 tali
242 2626 417 2670 scelere,
450 2622 869 2676 Ang1.C0d.ngzg
889 2623 1032 2674 ἕδοαις.
1064 2625 1240 2664 Bonan.
1299 2622 1460 2662 Pudori
1486 2624 1533 2662 li-

69 2680 200 2719 brarii
238 2679 390 2719 tribuit
418 2678 580 2717 Belinus
605 2678 714 2718 hanc
754 2679 983 2718 lectionem
1018 2680 1199 2728 variam,
1248 2693 1372 2735 quarn
1404 2681 1532 2720 etiam

74 2736 212 2777 Codd.
231 2737 383 2778 Pariss.
408 2745 449 2775 et
473 2734 552 2775 Ed.
578 2735 686 2776 Flor.
710 2735 929 2776 exhibent.
958 2737 1117 2775 Lminr.
