1834 3188
388 179 447 210 1N
484 177 772 209 ch'rHAm
809 178 914 209 sEu
947 175 1267 208 nospr‘rnm.
1454 157 1555 207 519

89 280 223 317 mitten
242 280 281 316 in
304 276 604 317 Griechenlaml.
665 276 901 330 Oppositio
919 275 1085 316 scilicet
1109 283 1174 314 est
1194 273 1241 312 in
1262 271 1330 312 his
1352 281 1395 312 et
1413 271 1457 310 in
1481 286 1555 310 an-

92 333 311 374 tecedente
332 349 435 373 voce
455 332 676 387 ἐπιχώριον.
707 334 864 372 Lssnm.

202 390 305 430 Ead.
324 393 353 430 1.
377 396 439 433 11.
471 389 630 441 Λοιμόν
648 388 719 432 τὸν
739 392 810 442 μ.)
851 391 1062 443 Tempore
1084 386 1188 427 belli
1211 382 1557 439 Peloponnesia—

92 447 156 498 ci,
189 447 241 485 de
265 461 346 499 qua
368 458 485 500 peste
509 447 685 503 leucyd.
711 445 934 486 videndus.
967 446 1138 488 SoLAN.

204 503 355 544 Euam.
382 510 445 548 13.
493 503 570 546 Τόν
599 501 798 555 Σκύθην)
845 501 924 546 Τὸν
961 501 1142 556 Τόξαριν.
1180 501 1372 541 MENAG.
1433 497 1553 537 Idem

92 564 173 615 jam
208 570 430 599 notaverat
464 560 646 616 Guyetus.
685 561 850 600 Rm‘rz.
920 559 1058 600 Verba
1093 557 1251 598 Gesneri
1282 554 1552 608 interpretis:

89 636 158 672 per
182 620 368 672 quietem,
401 631 507 670 quae
532 618 567 656 is
589 618 685 656 voci
710 618 824 666 ἔδοξα
850 631 902 655 ex
928 614 1104 655 arbitrio
1128 613 1318 660 addidit,
1351 620 1555 652 monente

100 673 349 723 {Vielanclim
382 684 429 712 ut
449 675 585 713 aliena
607 674 730 712 uncis
749 672 969 712 includere
990 671 1196 726 placebat.
1226 672 1383 710 mem.

207 731 307 783 Pag.
333 733 467 774 1521,
491 737 524 773 1.
546 727 762 778 ’Έπαυσε)
797 730 849 769 In
870 730 923 771 L.
950 728 980 781 ἢ
1009 731 1179 781 ἐποίησε.
1242 729 1277 766 Ε
1329 739 1428 764 sane
1459 738 1556 763 cum

92 785 208 830 παύω
241 797 472 840 usurpant,
512 787 743 840 participia
772 788 911 825 solent
947 785 1123 834 addere,
1164 799 1250 824 non
1286 782 1553 830 infinitivus,

91 855 140 883 ut
164 852 345 892 vocant,
378 843 541 882 modos.
602 843 713 882 Vide
738 842 994 882 sententiam
1017 841 1349 895 praecedentem.
1381 838 1556 879 SoLAu.

81 900 291 951 ’Έπαυσε)
333 899 429 937 Etsi
462 908 625 938 tantum
660 914 745 939 non
786 912 949 951 semper
975 913 1068 938 cum
1098 897 1330 950 participio
1363 892 1557 934 construi

94 968 205 996 amat
225 957 307 994 hoc
337 956 530 1006 verbum,
572 965 711 996 tamen
742 955 826 996 hoc
852 958 951 994 loco
984 954 1259 1009 participium
1290 953 1367 994 vix
1400 964 1559 990 conve-

93 1015 214 1053 niens
236 1022 359 1052 esset.
419 1014 476 1050 Et
499 1027 593 1050 cum
615 1011 730 1054 παύω
763 1026 934 1067 quoque
955 1020 1227 1051 construatur
1247 1024 1339 1049 cum
1362 1006 1557 1063 genitivo

94 1068 377 1118 substantivi,
421 1068 524 1121 quid
556 1069 758 1122 prohibet
786 1069 912 1108 etiam
946 1068 1084 1108 dicere
1113 1065 1259 1109 παύειν
1287 1070 1361 1108 τοῦ
1387 1069 1557 1112 πονεῖν,

95 1141 227 1179 aeque
249 1139 295 1164 ac
316 1122 460 1166 παύειν
479 1130 552 1167 τοῦ
571 1125 714 1168 πόνου.
773 1126 865 1165 Nec
891 1124 1043 1164 desunt
1074 1134 1214 1164 tamen
1246 1124 1436 1174 exempla
1462 1119 1559 1158 infi-

94 1183 247 1230 nitivi,
285 1192 331 1219 ut
357 1181 493 1221 Galen.
524 1181 576 1220 ad
607 1184 819 1236 Hippocr.
852 1183 1076 1237 Prognost.
1103 1196 1143 1234 p.
1170 1184 1260 1224 151.
1280 1194 1318 1221 v,
1336 1183 1403 1221 29-
1434 1181 1561 1228 (¹1¹0-

96 1249 225 1278 nente
265 1239 403 1278 Fobsio
430 1239 474 1276 in
502 1238 666 1280 Oecon.
697 1239 940 1292 Hippocr.)
983 1237 1058 1276 ubi
1091 1237 1242 1277 scribit
1280 1235 1475 1276 Galenus.-
1516 1230 1560 1274 τό

97 1292 378 1347 ἀφανισθῆναί
403 1312 491 1336 τινα
516 1300 595 1338 τῶν
625 1295 735 1350 παρὰ
768 1295 894 1349 φύσιν
921 1294 1054 1348 ὄγκων
1072 1297 1222 1344 εἰπεῖν,
1256 1290 1305 1335 οὗ
1325 1290 1469 1333 ταυτὸν
1493 1303 1562 1342 ση-

95 1355 224 1404 μαίνει
251 1356 306 1409 τῷ
335 1350 570 1393 παύσασθαι
603 1351 742 1405 φάναι.
802 1353 895 1392 Nec
928 1362 1066 1390 tamen
1112 1353 1274 1403 ἐποίησε
1310 1346 1560 1400 improbem.

96 1410 259 1449 REITZ.
320 1408 461 1461 Negat
488 1409 626 1450 Solam.
646 1408 761 1451 παύω
791 1409 1012 1447 infinitivo
1035 1408 1183 1461 jungi,
1227 1404 1299 1446 sed
1330 1402 1562 1458 participio

97 1464 316 1503 utendum.
375 1466 510 1503 Immo
529 1476 569 1504 et
594 1465 714 1505 infin.
738 1466 933 1504 usitatus.
994 1465 1123 1518 Long.
1145 1464 1260 1502 Past.
1284 1467 1323 1509 2.
1345 1475 1384 1514 p.
1408 1464 1478 1504 43·
1495 1457 1561 1497 ed·

99 1521 252 1560 Weeh.
276 1522 411 1574 νέμειν
439 1521 689 1575 ἐπαυσάμην.
749 1521 947 1563 DIenaml.
980 1522 1128 1574 fragm.
1152 1525 1244 1564 184.
1270 1533 1313 1571 p.
1337 1520 1432 1561 254.
1463 1512 1566 1556 παῦ-

104 1593 188 1619 εται
216 1602 272 1607 --
301 1581 547 1628 δυςφορεῖν..
606 1578 728 1620 Diod.
751 1578 833 1618 Sic.
859 1578 940 1618 ΠΙ.
964 1592 996 1619 c.
1019 1584 1086 1621 33.
1126 1576 1233 1615 med.
1267 1571 1465 1616 παύονται
1492 1574 1568 1612 τοῦ

99 1632 289 1682 τοξεύειν·
349 1635 512 1674 ΡῘιαῖαν.
546 1635 624 1687 Ep.
657 1639 724 1679 35.
756 1633 1012 1685 πεπαύσομαι
1037 1639 1112 1675 τοῦ
1139 1631 1326 1688 γράφειν.
1368 1631 1489 1668 Imm
1526 1630 1568 1666 in

99 1690 289 1731 flddend.
349 1690 448 1729 Vid.
475 1691 711 1748 Schacjbrus
730 1691 781 1729 ad
799 1691 993 1745 Αροῖἷοη.
1014 1690 1158 1730 Rhod.
1182 1692 1302 1732 Tom,
1323 1687 1382 1727 ῙῙ.
1410 1701 1448 1739 p.
1471 1690 1568 1728 223·

102 1756 142 1785 et
163 1747 306 1785 Astius
326 1745 377 1785 ad
402 1747 655 1799 'I'lzeoplzrast-
680 1747 805 1787 Char.
827 1763 870 1800 p.
892 1753 988 1791 223.
1009 1762 1069 1800 sq.
1091 1762 1185 1784 cum
1212 1759 1297 1798 quo
1319 1754 1456 1782 tamen
1480 1755 1568 1779 non

103 1803 354 1852 consentio,
386 1817 478 1840 cum
499 1803 736 1856 I-Iotiingero
754 1808 908 1849 παῦσαι
927 1818 1015 1842 esse
1035 1804 1079 1840 in
1101 1800 1424 1852 Theophrasteo
1446 1806 1570 1836 textu

103 1858 417 1897 rescribendum
452 1873 530 1912 pro
567 1863 681 1912 vulg.
711 1855 960 1902 παύσασθαι.
1018 1857 1270 1901 Tolerabilis
1302 1864 1366 1896 est
1396 1866 1568 1902 sensus,

103 1928 224 1968 quem
250 1915 453 1955 Fischerus
471 1915 717 1967 explicavit.
750 1918 908 1958 mem.

217 1971 320 2013 Εαιῖ.
345 1975 372 2010 l·
395 1976 434 2014 4.
467 1970 630 2020 Λευκὸς
648 1975 800 2023 ἵππος)
833 1975 952 2017 Dico
971 1971 1087 2013 alibi.
1117 1972 1296 2012 Bonan.

220 2027 323 2070 Ead·
348 2031 377 2067 1.
410 2033 450 2072 8.
478 2026 704 2080 Ἐφαίνετο
725 2031 778 2072 ἔτι
794 2030 889 2080 )‘In
911 2028 1095 2082 Scytha:
1140 2028 1222 2069 Καὶ
1241 2023 1391 2080 εὗρὲθη
1422 2028 1530 2065 κεῖθι
1550 2018 1573 2064 ὅ

112 2081 276 2138 Τόξᾱρῑς
302 2086 562 2141 τεθαμμένος,
601 2089 651 2141 τῇ
677 2103 716 2128 τε
743 2089 946 2143 ἐπιγραφῇ
971 2085 1192 2141 γνωσθεὶς,
1228 2084 1263 2125 εἰ
1287 2084 1356 2124 καὶ
1384 2078 1436 2133 μὴ
1465 2083 1575 2121 πᾶσα

107 2142 309 2191 ἐφαίνετο.
342 2142 395 2181 ἔτι
409 2143 475 2183 καὶ
499 2139 680 2193 μάλιστα,
713 2154 755 2182 et
776 2157 885 2197 quae
903 2151 1151 2196 sequuntur.
1210 2139 1470 2192 Distingue,
1501 2140 1577 2176 πᾶ·

111 2212 159 2237 σα
182 2197 366 2247 ἐφαίνετο
386 2199 453 2245 ἔτι,
484 2199 549 2238 καὶ
568 2197 758 2251 μάλιστα,
791 2215 1028 2254 quamquam
1048 2214 1125 2237 non
1147 2199 1298 2248 iniegra
1316 2210 1418 2237 nunc
1436 2202 1574 2240 exstet,

110 2265 144 2292 et
165 2255 352 2293 maa-ime.
387 2253 563 2296 ΘΗΜ-ιν.
625 2256 776 2297 DIeur-s.
801 2256 902 2294 AG.
926 2257 1012 2305 IV,
1042 2259 1162 2297 1010.
1224 2254 1274 2292 In
1297 2254 1370 2292 W.
1393 2258 1492 2304 post
1523 2250 1577 2290 ἔτι

111 2320 315 2361 punctum
337 2320 410 2350 est.
473 2311 522 2348 In
546 2311 723 2363 reliquis
746 2326 839 2349 cum
866 2311 1144 2364 sequentibus
1165 2309 1371 2363 jungitur.
1404 2307 1574 2348 SOLAN·

110 2365 382 2412 Distinctio‚
417 2380 540 2418 quam
569 2366 707 2406 Gracv.
732 2377 828 2419 post
851 2369 906 2409 ἔτι
928 2368 1018 2407 fieri
1044 2367 1208 2416 voluit,
1248 2369 1329 2417 jam
1357 2362 1500 2405 aderat
1531 2361 1578 2399 in

110 2422 326 2470 Parisina,
360 2422 442 2463 nisi
466 2421 579 2476 quod
605 2437 681 2474 pro
715 2435 920 2464 commate
954 2433 1157 2474 punctum
1186 2423 1328 2466 minus
1362 2417 1576 2466 exstabat,

113 2478 225 2532 quod
251 2480 393 2532 itaque
424 2479 629 2519 intactum
655 2480 824 2532 reliqui.
858 2482 1018 2520 ΚΕΗ-7..
1078 2480 1171 2517 Imo
1209 2491 1370 2519 comma
1399 2484 1487 2514 erat
1513 2487 1581 2513 re-

118 2534 388 2586 ponendum:
430 2549 524 2574 nam
560 2536 624 2576 καὶ
657 2533 824 2587 μάλιστα
856 2534 1121 2575 referendum
1153 2532 1204 2572 ad
1233 2530 1488 2589 praecedens
1522 2547 1580 2580 τε,

119 2602 197 2628 ium
212 2602 360 2630 —ium
382 2594 569 2632 maa-ime.
607 2592 801 2631 Ceterum
815 2591 1160 2632 Ed.Parisiensis
1180 2598 1323 2628 secuta
1348 2602 1434 2627 esse
1456 2586 1583 2625 vide-

117 2656 185 2683 tur
207 2646 486 2686 Basileensmn
509 2654 546 2691 3.
574 2648 618 2686 iu
645 2662 726 2702 qua
748 2658 789 2687 et
808 2648 899 2701 ipsa
929 2647 1139 2700 reperitur
1168 2646 1297 2685 unice
1328 2658 1423 2684 vera
1455 2644 1583 2683 inter·

119 2703 313 2755 punctio.
344 2705 503 2744 me.
