1834 3188
396 183 1197 217 rxrrnnirorlmum.
1434 172 1534 216 463

189 284 286 337 Pag.
314 286 517 327 107.1.2.
550 283 630 325 Καὶ
654 281 762 335 ληθη
793 304 844 311 -
874 279 954 337 πρὸ
980 277 1235 331 Ευκλεὶδου)
1272 280 1376 318 Duo
1406 279 1537 320 inve—

77 343 258 382 niuntur
280 340 486 379 Euclidae
515 341 627 379 inter
653 337 918 389 Archontas,
963 352 1142 392 quorum
1173 336 1348 376 nomina
1381 350 1538 389 super-

77 407 189 439 sunt.
248 396 415 437 Primus
438 411 550 436 anno
572 401 609 439 2.
635 394 906 448 Olympiadis
927 399 995 440 88.
1020 395 1171 448 quinto
1193 406 1306 432 anno
1328 392 1431 432 belli
1451 394 1538 432 Pe-

75 453 398 507 loponnesiaci,
446 453 495 493 de
531 467 615 506 quo
655 466 741 490 non
772 460 834 490 est
866 451 939 491 hic
976 465 1125 491 sermo.
1197 452 1318 489 Alter
1350 463 1463 488 anno
1497 455 1536 493 2.

79 508 350 563 Olympiadis
373 515 440 552 94.
468 523 590 563 quem
614 507 822 560 intelligit
844 506 1042 547 hocloco
1062 507 1308 547 Lucianus:
1345 520 1395 545 eo
1425 506 1538 544 enim

77 576 315 619 praeturam
337 566 558 605 obtinente
584 566 696 603 facta
725 572 788 603 est
815 565 1041 614 amnestia,
1074 573 1124 603 ut
1153 572 1291 601 narrat
1318 563 1540 616 Xenophon

77 623 178 663 Lib.
200 628 241 666 2.
263 622 474 662 Hellenic.
496 621 601 660 Ideo
623 634 747 672 saepe
767 619 879 672 apud
899 631 1094 660 auctores
1125 619 1330 659 historiae
1363 628 1404 658 et
1436 618 1541 658 the-

77 689 190 718 toras
215 679 263 717 fit
283 678 444 718 mentio
463 682 542 719 τῶν
566 675 644 731 πρὸ
665 673 908 726 Εὐκλείδου,
949 691 1127 729 quorum
1150 691 1238 715 non
1267 674 1426 715 licebat
1448 690 1540 714 me-

78 735 267 784 minisse,
291 749 369 774 nec
388 734 656 788 exprobrare,
681 742 723 772 et
744 746 794 771 eo
819 747 931 771 anno
952 733 1278 772 Atheniensium
1298 731 1539 785 respublica

78 792 312 830 instaurata
335 791 444 838 fuit,
479 791 589 829 facta
612 790 724 829 inter
747 789 860 828 cives
882 803 1000 853 pace.
1033 790 1184 830 PALM.
1245 788 1373 842 Apud
1391 788 1540 828 Imout-

67 847 261 904 faucon
250 862 293 885 in
313 845 522 886 Biblioth.
537 846 693 897 Coslej.
712 860 754 898 p.
768 850 865 888 490.
889 846 933 883 in
949 847 1175 898 Excerptis
1196 846 1415 898 inscriptis
1436 849 1540 885 Συν·

77 903 214 958 αγωγή
239 905 380 952 λέξεων
405 905 608 971 xpvqoiptoev
626 903 761 943 ἐκτῶν
787 906 857 943 τοῦ
879 907 1120 943 Λουκιανοῦ
1133 933 1144 952 ,
1176 901 1227 941 ad
1247 901 1288 940 h.
1306 905 1334 941 1.
1356 901 1460 940 haec
1482 904 1541 939 le-

79 974 173 1013 gas:
213 958 266 1000 Τα
283 959 361 1012 πρὸ
374 958 594 1001 Ευκλείδου
611 963 688 1000 νῦν
705 958 942 1008 ἐξετάζοντα
980 962 1198 1012 Παροιμία.
1221 956 1351 999 ‘On’
1335 975 1376 999 εν
1392 963 1447 1013 τῷ
1462 963 1541 998 Πε-

75 1020 387 1071 λοποννησιακῷ
403 1017 562 1084 πολέμῳ
583 1014 947 1068 οἱΛακεδαιμόνιοι
958 1020 1037 1056 τῶν
1049 1013 1280 1068 Ἀθηναίων
1293 1031 1426 1068 πεοιγε
1412 1012 1544 1066 νόμε-

77 1090 144 1114 νοι
163 1073 376 1126 τριάκοντα
392 1071 619 1124 τυράννους
637 1074 806 1125 ἔστησαν
820 1071 908 1124 παο’
930 1069 1080 1122 αὐτοῖς,
1097 1075 1140 1115 οι’
1156 1089 1260 1120 τινες
1271 1076 1352 1112 τῶν
1371 1075 1544 1112 πολιτῶν

78 1127 173 1183 μετὰ
201 1133 323 1170 ταῦτα
355 1134 489 1177 κακῶς
510 1131 717 1182 ἐκέχοηντο
739 1134 824 1176 τοῖς
843 1134 1009 1177 λοιποῖς.
1048 1131 1352 1172 καταλυθέντων
1372 1128 1444 1169 οὐν
1463 1132 1543 1168 τῶν

77 1184 310 1239 τυράννων,
342 1187 411 1226 καὶ
437 1187 651 1240 γινομένου
684 1182 772 1239 μετ’
802 1181 940 1234 αυτοῖς
971 1181 1194 1228 Εὐκλείδου
1224 1183 1437 1238 ἅοχοντος,
1477 1185 1544 1225 ι’να

80 1260 133 1296 μη
166 1240 519 1296 μνησικακήσωσιν
556 1239 739 1294 αλληλοις
776 1245 817 1284 οἷ
843 1247 1021 1292 πολῖται,
1072 1241 1284 1294 συνθήκας
1326 1243 1519 1293 ἐποίησαι
1532 1273 1542 1289 ,

81 1297 176 1346 ω’ςτε
198 1298 275 1339 τὰ
265 1297 343 1352 πρὸ
365 1297 627 1340 Εὐκλείδου
612 1297 743 1351 α’κυρα
763 1297 877 1340 εἶναι.
938 1298 1058 1352 Quae
1080 1299 1178 1338 ideo
1203 1299 1272 1336 hic
1295 1306 1464 1350 1·‚epeto
1497 1307 1544 1334 ut

82 1370 175 1393 cum
197 1355 414 1407 superiore
439 1354 616 1395 Scholio
645 1355 855 1406 conferri,
887 1365 928 1394 et
947 1355 1084 1395 videri
1107 1363 1258 1409 queat,
1295 1353 1404 1393 idem
1431 1367 1542 1401 esse,

80 1411 156 1450 sed
177 1413 383 1450 nonnulla
416 1411 539 1449 aliter
557 1410 657 1463 legi.
717 1410 861 1461 Adde,
907 1412 941 1450 si
975 1412 1116 1459 lubet,
1157 1410 1299 1451 Schol.
1332 1420 1375 1449 et
1409 1409 1545 1449 Com—-

80 1477 334 1507 mentatores
355 1466 406 1505 ad
426 1468 633 1520 Aristoph.
653 1467 764 1507 Plut.
786 1482 823 1507 v.
850 1473 970 1512 1147.
1000 1469 1165 1507 Rnxrz.

194 1544 296 1584 Ibid.
333 1543 422 1598 Πρὸ
440 1543 693 1599 Εὐκλείδου)
722 1542 950 1600 Ἀμνηστία.
983 1548 1162 1588 Gru-ET.
1222 1544 1334 1587 Vide
1356 1544 1545 1594 Scholia,

81 1613 124 1644 et
143 1607 317 1644 Καταπλ.
343 1617 377 1642 e.
401 1606 440 1647 5.
472 1603 640 1645 SorAn

193 1670 345 1712 Ead.1.
370 1675 409 1714 6.
449 1667 526 1718 Τας
545 1670 615 1721 μὲν
634 1688 709 1737 γαρ
734 1667 990 1725 υτοσχὲσεις)
1029 1669 1107 1720 Τᾶς
1129 1670 1200 1723 μὲν
1216 1668 1292 1725 γάρ
1313 1666 1550 1738 ὑποσχέσεις

84 1725 225 1770 εἷκουω
246 1724 481 1778 θαυμαστας
498 1743 631 1774 τινας,
662 1725 781 1780 ηνίκα
807 1725 1169 1795 εὐδαιμονήσουσιν
1191 1731 1232 1769 οἵ
1248 1729 1286 1775 ἐς
1306 1725 1349 1767 τό
1377 1722 1550 1777 ακρότα-

81 1802 166 1827 τον.
226 1783 410 1822 Latinus
436 1782 669 1835 interpres:
703 1785 857 1822 Etenim
884 1787 1159 1838 promissiones
1187 1782 1448 1822 admirandas
1468 1798 1549 1820 (ιιι-

86 1842 166 1891 (lio,
198 1838 356 1903 quando
375 1841 442 1893 qui
459 1839 870 1893 summumfastigzum
888 1843 1104 1894 attigerint,
1124 1839 1328 1895 felicitate
1340 1841 1548 1891 potientur,

81 1896 232 1939 ‘Hvina
251 1895 324 1934 hic
359 1910 483 1948 quam
515 1895 691 1948 frigeat,
733 1910 857 1935 nemo
891 1911 978 1936 non
1011 1895 1141 1934 videt.
1201 1895 1376 1934 Luciam]
1401 1908 1548 1931 manus

86 1965 151 1994 est
180 1952 298 2007 ἡλίκα
332 1949 719 2003 ευδαιιιονήσουσιν,
761 1951 815 1990 ad
849 1965 1037 2020 quantam
1058 1950 1302 2022 felicitatem
1331 1952 1551 2004 perventuri

87 2014 177 2050 sint.
236 2008 472 2062 Superius
460 2023 505 2045 in
527 2007 703 2047 Somnio
725 2024 756 2049 e.
779 2014 816 2052 9.
821 2006 968 2065 ηλίκα
993 2009 1040 2051 τὰ
1062 2005 1199 2062 ἆγαθα
1218 2012 1341 2062 ποοιῇ
1364 2005 1553 2055 λιθοξόος

89 2065 325 2122 γενόμενος,
357 2075 506 2118 quanta
530 2064 632 2102 bona
664 2081 926 2119 consequeris,
966 2069 1001 2106 .ςί
1021 2064 1165 2105 evadas
1192 2065 1418 2103 statuarius.
1480 2063 1551 2102 Sic

91 2122 195 2161 alibi
215 2120 327 2174 apud
351 2120 556 2158 Nostrum
585 2119 703 2174 ἡλίκα
732 2120 966 2175 θαυμασια,
1005 2138 1123 2178 quam
1152 2119 1403 2161 mimis-,anda
1462 2118 1553 2157 Ni-

90 2179 155 2217 hil
173 2177 332 2217 tritius.
365 2176 542 2215 Gnanv.

203 2256 349 2298 Ead.1.
370 2259 407 2297 7.
436 2252 613 2304 Ηνίκα)
642 2256 839 2295 Demosth.
863 2262 958 2300 210.
982 2256 1031 2297 C.
1052 2254 1264 2311 θαυμάσια
1282 2253 1411 2308 ηλίκα.
1462 2254 1552 2293 Νο-

94 2324 178 2354 ster
200 2314 288 2365 ipse
311 2327 345 2351 c.
369 2316 405 2354 2.
439 2311 543 2351 ἆθλα
560 2311 770 2364 θαυμάσια
789 2310 908 2364 ηλίκα
927 2315 1101 2367 εἰᾝρηκας
1139 2275 1242 2353 μδεά
1276 2312 1387 2350 nihil
1411 2321 1550 2349 tamen

91 2371 165 2409 hic
188 2379 331 2415 muto;
364 2367 463 2421 quia
485 2384 605 2419 ηνικα
631 2369 866 2407 necessario
890 2370 1157 2408 retinendum
1183 2378 1267 2416 est,
1312 2377 1360 2405 ut
1385 2378 1551 2406 senten-

93 2427 178 2466 tiae
201 2427 459 2468 consulatur,
492 2423 577 2461 nisi
599 2424 721 2463 aliter
739 2425 957 2476 superiora
975 2426 1233 2474 scribantur,
1266 2424 1407 2463 hunc
1398 2438 1442 2461 in
1463 2437 1552 2461 mo-

96 2482 216 2531 dum,
267 2478 502 2532 υποσχέσεις
537 2475 676 2521 ἇκούω
714 2478 944 2533 θαυμάσιας
969 2478 1132 2533 ηλίκας,
1174 2499 1222 2529 ας
1252 2478 1323 2521 εὖὸ
1352 2503 1407 2510 —-
1437 2478 1552 2533 quod

97 2538 236 2576 minus
258 2540 428 2590 elegans
451 2536 573 2574 foret.
608 2537 697 2575 Sor
703 2551 774 2574 AN
833 2537 1013 2589 Scripsit
1031 2538 1257 2586 Lucianus,
1289 2545 1337 2574 ut
1366 2535 1552 2574 Graevius

101 2595 260 2646 optime
283 2597 400 2638 vult,
432 2588 550 2644 ἡλίκα
574 2589 939 2644 εὐδαιμονήσουσιν
965 2603 1043 2632 etc.
1106 2593 1172 2634 Cf.
1205 2594 1342 2630 Prom.
1365 2606 1395 2633 s
1424 2591 1551 2632 Cauc

102 2654 223 2692 c.15.
257 2645 353 2690 οὐδ’
376 2646 428 2689 ἄν
447 2650 718 2699 συνίεμεν(οἷ
737 2650 855 2698 θεοὶ)
880 2647 996 2702 ἡλίκα
1025 2646 1339 2703 ευδαιμονοῦμεν
1361 2657 1439 2688 etc.
1473 2648 1554 2686 So-

103 2704 188 2743 lani
209 2705 391 2759 argutias
413 2717 499 2744 non
526 2714 631 2757 puto
654 2704 872 2743 curandas.
905 2705 1060 2747 Lirim,
