<?xml version="1.0" encoding="UTF-8"?>
<!DOCTYPE html PUBLIC "-//W3C//DTD XHTML 1.0 Transitional//EN"
    "http://www.w3.org/TR/xhtml1/DTD/xhtml1-transitional.dtd">
<html xmlns="http://www.w3.org/1999/xhtml" xml:lang="en" lang="en">
 <head>
  <title>
</title>
<meta http-equiv="Content-Type" content="text/html;charset=utf-8" />
  <meta name='ocr-system' content='tesseract 3.04.00' />
  <meta name='ocr-capabilities' content='ocr_page ocr_carea ocr_par ocr_line ocrx_word'/>
</head>
<body>
  <div class='ocr_page' id='page_1' title='image "./operagraecaetlat04luciuoft_0665.png"; bbox 0 0 1834 3188; ppageno 0'>
   <div class='ocr_carea' id='block_1_1' title="bbox 347 209 1554 256">
    <p class='ocr_par' dir='ltr' id='par_1_1' title="bbox 347 209 1554 256">
     <span class='ocr_line' id='line_1_1' title="bbox 347 209 1554 256; baseline 0.005 -11"><span class='ocrx_word' id='word_1_1' title='bbox 347 214 401 245; x_wconf 75' lang='lat' dir='ltr'>m</span> <span class='ocrx_word' id='word_1_2' title='bbox 437 213 680 252; x_wconf 77' lang='lat' dir='ltr'><strong>Quomono</strong></span> <span class='ocrx_word' id='word_1_3' title='bbox 717 214 955 247; x_wconf 69' lang='lat' dir='ltr'><strong>msTomA</strong></span> <span class='ocrx_word' id='word_1_4' title='bbox 992 216 1069 247; x_wconf 82' lang='lat' dir='ltr'><strong>sn·</strong></span> <span class='ocrx_word' id='word_1_5' title='bbox 1105 218 1304 251; x_wconf 79' lang='lat' dir='ltr'><strong>coNscR.</strong></span> <span class='ocrx_word' id='word_1_6' title='bbox 1453 209 1554 256; x_wconf 88' lang='grc'><strong>617</strong></span> 
     </span>
    </p>
   </div>
   <div class='ocr_carea' id='block_1_2' title="bbox 81 310 1556 2778">
    <p class='ocr_par' dir='ltr' id='par_1_2' title="bbox 86 310 1555 1272">
     <span class='ocr_line' id='line_1_2' title="bbox 93 310 1554 369; baseline 0.005 -18"><span class='ocrx_word' id='word_1_7' title='bbox 93 310 359 351; x_wconf 81' lang='lat' dir='ltr'><strong>considerata</strong></span> <span class='ocrx_word' id='word_1_8' title='bbox 376 312 420 351; x_wconf 90' lang='lat' dir='ltr'><strong>vi</strong></span> <span class='ocrx_word' id='word_1_9' title='bbox 441 311 559 352; x_wconf 86' lang='lat' dir='ltr'><strong>verbi</strong></span> <span class='ocrx_word' id='word_1_10' title='bbox 581 313 847 367; x_wconf 69' lang='grc' dir='ltr'><em>τεθηγμένος,</em></span> <span class='ocrx_word' id='word_1_11' title='bbox 881 313 995 369; x_wconf 88' lang='lat' dir='ltr'><strong>quod</strong></span> <span class='ocrx_word' id='word_1_12' title='bbox 1016 329 1038 353; x_wconf 89' lang='lat' dir='ltr'><strong>a</strong></span> <span class='ocrx_word' id='word_1_13' title='bbox 1055 314 1156 354; x_wconf 87' lang='lat' dir='ltr'><strong>ferri</strong></span> <span class='ocrx_word' id='word_1_14' title='bbox 1175 330 1223 354; x_wconf 88' lang='lat' dir='ltr'><strong>ac</strong></span> <span class='ocrx_word' id='word_1_15' title='bbox 1242 315 1433 358; x_wconf 80' lang='lat' dir='ltr'><strong>dentium</strong></span> <span class='ocrx_word' id='word_1_16' title='bbox 1457 335 1554 359; x_wconf 88' lang='lat' dir='ltr'><strong>acu-</strong></span> 
     </span>
     <span class='ocr_line' id='line_1_3' title="bbox 92 368 1553 428; baseline 0.005 -21"><span class='ocrx_word' id='word_1_17' title='bbox 92 369 208 408; x_wconf 85' lang='lat' dir='ltr'><strong>mine</strong></span> <span class='ocrx_word' id='word_1_18' title='bbox 231 368 283 406; x_wconf 89' lang='lat' dir='ltr'><strong>ad</strong></span> <span class='ocrx_word' id='word_1_19' title='bbox 311 368 610 408; x_wconf 81' lang='lat' dir='ltr'>incitationem</span> <span class='ocrx_word' id='word_1_20' title='bbox 634 369 793 416; x_wconf 89' lang='lat' dir='ltr'><strong>animi,</strong></span> <span class='ocrx_word' id='word_1_21' title='bbox 825 385 872 409; x_wconf 90' lang='lat' dir='ltr'><strong>ac</strong></span> <span class='ocrx_word' id='word_1_22' title='bbox 895 370 1066 410; x_wconf 87' lang='lat' dir='ltr'><strong>dicendi</strong></span> <span class='ocrx_word' id='word_1_23' title='bbox 1089 371 1422 425; x_wconf 80' lang='lat' dir='ltr'><strong>vehementiam,</strong></span> <span class='ocrx_word' id='word_1_24' title='bbox 1454 380 1553 428; x_wconf 86' lang='lat' dir='ltr'><strong>pul-</strong></span> 
     </span>
     <span class='ocr_line' id='line_1_4' title="bbox 92 424 1552 486; baseline 0.005 -22"><span class='ocrx_word' id='word_1_25' title='bbox 92 424 193 464; x_wconf 83' lang='lat' dir='ltr'><strong>chre</strong></span> <span class='ocrx_word' id='word_1_26' title='bbox 216 426 407 465; x_wconf 87' lang='lat' dir='ltr'><strong>refertur.</strong></span> <span class='ocrx_word' id='word_1_27' title='bbox 463 424 620 465; x_wconf 90' lang='lat' dir='ltr'><strong>Abesse</strong></span> <span class='ocrx_word' id='word_1_28' title='bbox 642 428 736 465; x_wconf 85' lang='lat' dir='ltr'><strong>vult</strong></span> <span class='ocrx_word' id='word_1_29' title='bbox 756 426 806 464; x_wconf 87' lang='lat' dir='ltr'><strong>ab</strong></span> <span class='ocrx_word' id='word_1_30' title='bbox 830 425 1037 466; x_wconf 87' lang='lat' dir='ltr'><strong>historico</strong></span> <span class='ocrx_word' id='word_1_31' title='bbox 1059 429 1271 469; x_wconf 87' lang='lat' dir='ltr'><strong>forensem</strong></span> <span class='ocrx_word' id='word_1_32' title='bbox 1293 430 1406 469; x_wconf 87' lang='lat' dir='ltr'><strong>illam</strong></span> <span class='ocrx_word' id='word_1_33' title='bbox 1435 447 1552 486; x_wconf 85' lang='lat' dir='ltr'><strong>aspe-</strong></span> 
     </span>
     <span class='ocr_line' id='line_1_5' title="bbox 90 481 1555 536; baseline 0.005 -17"><span class='ocrx_word' id='word_1_34' title='bbox 90 481 257 521; x_wconf 83' lang='lat' dir='ltr'>ritatem</span> <span class='ocrx_word' id='word_1_35' title='bbox 274 511 285 529; x_wconf 84' lang='lat'>‚</span> <span class='ocrx_word' id='word_1_36' title='bbox 319 492 361 521; x_wconf 90' lang='lat' dir='ltr'><strong>et</strong></span> <span class='ocrx_word' id='word_1_37' title='bbox 387 483 701 521; x_wconf 87' lang='lat' dir='ltr'><strong>contentiosum</strong></span> <span class='ocrx_word' id='word_1_38' title='bbox 725 496 857 536; x_wconf 89' lang='lat' dir='ltr'><strong>genus</strong></span> <span class='ocrx_word' id='word_1_39' title='bbox 882 483 1066 524; x_wconf 87' lang='lat' dir='ltr'><strong>dicendi.</strong></span> <span class='ocrx_word' id='word_1_40' title='bbox 1099 485 1238 530; x_wconf 71' lang='lat' dir='ltr'><strong>GsssN.</strong></span> <span class='ocrx_word' id='word_1_41' title='bbox 1297 485 1555 527; x_wconf 79' lang='lat' dir='ltr'><strong>Difficulta-</strong></span> 
     </span>
     <span class='ocr_line' id='line_1_6' title="bbox 89 537 1552 595; baseline 0.006 -19"><span class='ocrx_word' id='word_1_42' title='bbox 89 546 202 586; x_wconf 88' lang='lat' dir='ltr'><strong>tem,</strong></span> <span class='ocrx_word' id='word_1_43' title='bbox 244 551 370 591; x_wconf 87' lang='lat' dir='ltr'><strong>quam</strong></span> <span class='ocrx_word' id='word_1_44' title='bbox 402 538 573 577; x_wconf 74' lang='lat' dir='ltr'><strong>Solemus</strong></span> <span class='ocrx_word' id='word_1_45' title='bbox 605 537 676 576; x_wconf 83' lang='lat' dir='ltr'><strong>hio</strong></span> <span class='ocrx_word' id='word_1_46' title='bbox 706 538 901 589; x_wconf 88' lang='lat' dir='ltr'><strong>invenit,</strong></span> <span class='ocrx_word' id='word_1_47' title='bbox 945 554 1023 595; x_wconf 87' lang='lat' dir='ltr'><strong>ego</strong></span> <span class='ocrx_word' id='word_1_48' title='bbox 1057 543 1215 581; x_wconf 87' lang='lat' dir='ltr'><strong>nullam</strong></span> <span class='ocrx_word' id='word_1_49' title='bbox 1240 543 1382 584; x_wconf 81' lang='lat' dir='ltr'><strong>video.</strong></span> <span class='ocrx_word' id='word_1_50' title='bbox 1442 545 1552 585; x_wconf 86' lang='lat' dir='ltr'><strong>Nam</strong></span> 
     </span>
     <span class='ocr_line' id='line_1_7' title="bbox 90 592 1553 651; baseline 0.002 -17"><span class='ocrx_word' id='word_1_51' title='bbox 90 607 218 634; x_wconf 84' lang='lat' dir='ltr'><strong>voces</strong></span> <span class='ocrx_word' id='word_1_52' title='bbox 237 592 292 648; x_wconf 82' lang='grc' dir='ltr'><strong>μὴ</strong></span> <span class='ocrx_word' id='word_1_53' title='bbox 312 597 461 651; x_wconf 82' lang='grc' dir='ltr'><em>κομιδῇ</em></span> <span class='ocrx_word' id='word_1_54' title='bbox 474 595 718 648; x_wconf 82' lang='grc' dir='ltr'><em>τεθηγμένος</em></span> <span class='ocrx_word' id='word_1_55' title='bbox 735 595 976 648; x_wconf 83' lang='lat' dir='ltr'>pertinent,</span> <span class='ocrx_word' id='word_1_56' title='bbox 1011 596 1222 651; x_wconf 87' lang='lat' dir='ltr'><strong>quidquid</strong></span> <span class='ocrx_word' id='word_1_57' title='bbox 1242 610 1389 639; x_wconf 89' lang='lat' dir='ltr'><strong>contra</strong></span> <span class='ocrx_word' id='word_1_58' title='bbox 1411 600 1553 641; x_wconf 86' lang='lat' dir='ltr'><strong>decer-</strong></span> 
     </span>
     <span class='ocr_line' id='line_1_8' title="bbox 89 649 1550 709; baseline 0.008 -21"><span class='ocrx_word' id='word_1_59' title='bbox 89 659 190 701; x_wconf 84' lang='lat' dir='ltr'><strong>nat,</strong></span> <span class='ocrx_word' id='word_1_60' title='bbox 223 650 277 689; x_wconf 87' lang='lat' dir='ltr'><strong>ad</strong></span> <span class='ocrx_word' id='word_1_61' title='bbox 291 649 364 705; x_wconf 83' lang='grc' dir='ltr'><em>τὴν</em></span> <span class='ocrx_word' id='word_1_62' title='bbox 391 651 432 692; x_wconf 81' lang='grc' dir='ltr'><strong>δὲ</strong></span> <span class='ocrx_word' id='word_1_63' title='bbox 449 650 616 703; x_wconf 76' lang='grc' dir='ltr'><em>φωνὴν,</em></span> <span class='ocrx_word' id='word_1_64' title='bbox 647 665 701 690; x_wconf 86' lang='lat' dir='ltr'><strong>sc.</strong></span> <span class='ocrx_word' id='word_1_65' title='bbox 733 651 857 692; x_wconf 79' lang='grc' dir='ltr'><em>κατά·</em></span> <span class='ocrx_word' id='word_1_66' title='bbox 889 661 930 691; x_wconf 92' lang='lat' dir='ltr'><strong>et</strong></span> <span class='ocrx_word' id='word_1_67' title='bbox 954 668 1083 708; x_wconf 91' lang='lat' dir='ltr'><strong>quum</strong></span> <span class='ocrx_word' id='word_1_68' title='bbox 1114 668 1168 693; x_wconf 85' lang='lat' dir='ltr'><strong>ex</strong></span> <span class='ocrx_word' id='word_1_69' title='bbox 1197 656 1422 709; x_wconf 90' lang='lat' dir='ltr'><strong>opposito,</strong></span> <span class='ocrx_word' id='word_1_70' title='bbox 1464 653 1550 699; x_wconf 69' lang='grc' dir='ltr'><strong>ἀλλ’</strong></span> 
     </span>
     <span class='ocr_line' id='line_1_9' title="bbox 91 705 1551 766; baseline 0.003 -17"><span class='ocrx_word' id='word_1_71' title='bbox 91 705 317 761; x_wconf 80' lang='grc' dir='ltr'><em>εἶρηνικώτ.</em></span> <span class='ocrx_word' id='word_1_72' title='bbox 343 717 432 747; x_wconf 86' lang='lat' dir='ltr'><strong>tum</strong></span> <span class='ocrx_word' id='word_1_73' title='bbox 456 722 508 746; x_wconf 87' lang='lat' dir='ltr'><strong>ex</strong></span> <span class='ocrx_word' id='word_1_74' title='bbox 537 706 965 760; x_wconf 76' lang='lat' dir='ltr'><strong>reprehensionibu8‚</strong></span> <span class='ocrx_word' id='word_1_75' title='bbox 1012 724 1114 763; x_wconf 91' lang='lat' dir='ltr'><strong>quas</strong></span> <span class='ocrx_word' id='word_1_76' title='bbox 1150 725 1276 764; x_wconf 85' lang='lat' dir='ltr'><strong>supra</strong></span> <span class='ocrx_word' id='word_1_77' title='bbox 1307 712 1551 766; x_wconf 86' lang='lat' dir='ltr'>habuimus,</span> 
     </span>
     <span class='ocr_line' id='line_1_10' title="bbox 92 762 1551 821; baseline 0.007 -20"><span class='ocrx_word' id='word_1_78' title='bbox 92 762 195 802; x_wconf 85' lang='lat' dir='ltr'><strong>satis</strong></span> <span class='ocrx_word' id='word_1_79' title='bbox 216 774 410 817; x_wconf 86' lang='lat' dir='ltr'><strong>apparet,</strong></span> <span class='ocrx_word' id='word_1_80' title='bbox 442 762 546 802; x_wconf 90' lang='lat' dir='ltr'><strong>haec</strong></span> <span class='ocrx_word' id='word_1_81' title='bbox 568 777 590 802; x_wconf 90' lang='lat' dir='ltr'><strong>a</strong></span> <span class='ocrx_word' id='word_1_82' title='bbox 613 764 812 803; x_wconf 87' lang='lat' dir='ltr'><strong>Luciano</strong></span> <span class='ocrx_word' id='word_1_83' title='bbox 835 764 1077 817; x_wconf 87' lang='lat' dir='ltr'><strong>improbari.</strong></span> <span class='ocrx_word' id='word_1_84' title='bbox 1133 770 1386 821; x_wconf 81' lang='grc' dir='ltr'><em>Τεθηγμένος</em></span> <span class='ocrx_word' id='word_1_85' title='bbox 1410 780 1551 811; x_wconf 84' lang='lat' dir='ltr'><strong>autem</strong></span> 
     </span>
     <span class='ocr_line' id='line_1_11' title="bbox 93 819 1548 873; baseline 0.006 -15"><span class='ocrx_word' id='word_1_86' title='bbox 93 829 155 858; x_wconf 79' lang='lat' dir='ltr'><strong>est</strong></span> <span class='ocrx_word' id='word_1_87' title='bbox 179 821 434 870; x_wconf 84' lang='lat' dir='ltr'><strong>concitatus,</strong></span> <span class='ocrx_word' id='word_1_88' title='bbox 467 819 705 860; x_wconf 91' lang='lat' dir='ltr'><strong>vehemens.</strong></span> <span class='ocrx_word' id='word_1_89' title='bbox 741 820 796 858; x_wconf 84' lang='lat' dir='ltr'><strong>cf.</strong></span> <span class='ocrx_word' id='word_1_90' title='bbox 819 830 982 873; x_wconf 88' lang='lat' dir='ltr'><strong>praeter</strong></span> <span class='ocrx_word' id='word_1_91' title='bbox 1002 825 1143 862; x_wconf 89' lang='lat' dir='ltr'><strong>locum</strong></span> <span class='ocrx_word' id='word_1_92' title='bbox 1164 825 1337 866; x_wconf 78' lang='lat' dir='ltr'><strong>Aristot.</strong></span> <span class='ocrx_word' id='word_1_93' title='bbox 1356 832 1396 870; x_wconf 81' lang='grc'><strong>3.</strong></span> <span class='ocrx_word' id='word_1_94' title='bbox 1417 826 1548 870; x_wconf 83' lang='lat' dir='ltr'><strong>Rhet.</strong></span> 
     </span>
     <span class='ocr_line' id='line_1_12' title="bbox 92 872 1552 934; baseline 0.005 -20"><span class='ocrx_word' id='word_1_95' title='bbox 92 890 130 914; x_wconf 87' lang='lat' dir='ltr'><strong>c.</strong></span> <span class='ocrx_word' id='word_1_96' title='bbox 156 882 196 921; x_wconf 82' lang='lat'><strong>3.</strong></span> <span class='ocrx_word' id='word_1_97' title='bbox 227 872 389 933; x_wconf 76' lang='grc' dir='ltr'><em>α’κράτῳ</em></span> <span class='ocrx_word' id='word_1_98' title='bbox 408 881 481 928; x_wconf 83' lang='grc' dir='ltr'><em>τῆς</em></span> <span class='ocrx_word' id='word_1_99' title='bbox 509 878 692 924; x_wconf 82' lang='grc' dir='ltr'><em>διανοίας</em></span> <span class='ocrx_word' id='word_1_100' title='bbox 716 873 818 934; x_wconf 78' lang='grc' dir='ltr'><em>ὀργῇ</em></span> <span class='ocrx_word' id='word_1_101' title='bbox 840 879 1102 932; x_wconf 73' lang='grc' dir='ltr'><em>τεθηγμένον,</em></span> <span class='ocrx_word' id='word_1_102' title='bbox 1133 897 1239 919; x_wconf 85' lang='lat' dir='ltr'><strong>mera</strong></span> <span class='ocrx_word' id='word_1_103' title='bbox 1258 884 1382 921; x_wconf 81' lang='lat' dir='ltr'><strong>animi</strong></span> <span class='ocrx_word' id='word_1_104' title='bbox 1398 885 1459 921; x_wconf 80' lang='lat' dir='ltr'><strong>ira</strong></span> <span class='ocrx_word' id='word_1_105' title='bbox 1479 887 1552 922; x_wconf 84' lang='lat' dir='ltr'><strong>in-</strong></span> 
     </span>
     <span class='ocr_line' id='line_1_13' title="bbox 88 931 1548 994; baseline 0.006 -24"><span class='ocrx_word' id='word_1_106' title='bbox 88 935 274 981; x_wconf 72' lang='lat' dir='ltr'><strong>citatum,</strong></span> <span class='ocrx_word' id='word_1_107' title='bbox 306 948 428 988; x_wconf 90' lang='lat' dir='ltr'><strong>quem</strong></span> <span class='ocrx_word' id='word_1_108' title='bbox 452 931 638 988; x_wconf 63' lang='lat' dir='ltr'><strong>Graevius</strong></span> <span class='ocrx_word' id='word_1_109' title='bbox 659 934 819 983; x_wconf 86' lang='lat' dir='ltr'><strong>attulit,</strong></span> <span class='ocrx_word' id='word_1_110' title='bbox 851 948 913 984; x_wconf 88' lang='lat' dir='ltr'><strong>ea,</strong></span> <span class='ocrx_word' id='word_1_111' title='bbox 947 948 1053 987; x_wconf 86' lang='lat' dir='ltr'><strong>quae</strong></span> <span class='ocrx_word' id='word_1_112' title='bbox 1071 936 1164 973; x_wconf 83' lang='lat' dir='ltr'>dixi</span> <span class='ocrx_word' id='word_1_113' title='bbox 1186 937 1231 975; x_wconf 90' lang='lat' dir='ltr'><strong>in</strong></span> <span class='ocrx_word' id='word_1_114' title='bbox 1252 937 1344 976; x_wconf 89' lang='lat' dir='ltr'><strong>Ind.</strong></span> <span class='ocrx_word' id='word_1_115' title='bbox 1362 940 1548 994; x_wconf 74' lang='lat' dir='ltr'><strong>Aeschyl.</strong></span> 
     </span>
     <span class='ocr_line' id='line_1_14' title="bbox 86 989 1550 1049; baseline 0.007 -23"><span class='ocrx_word' id='word_1_116' title='bbox 86 989 300 1032; x_wconf 78' lang='lat' dir='ltr'><strong>Prometh.</strong></span> <span class='ocrx_word' id='word_1_117' title='bbox 320 1004 360 1030; x_wconf 79' lang='lat' dir='ltr'><strong>v.</strong></span> <span class='ocrx_word' id='word_1_118' title='bbox 381 994 477 1033; x_wconf 81' lang='lat'>311·</span> <span class='ocrx_word' id='word_1_119' title='bbox 499 989 588 1031; x_wconf 80' lang='grc' dir='ltr'><em>εἰδὲ</em></span> <span class='ocrx_word' id='word_1_120' title='bbox 605 989 684 1046; x_wconf 78' lang='grc' dir='ltr'><strong>ῷδε</strong></span> <span class='ocrx_word' id='word_1_121' title='bbox 701 995 854 1043; x_wconf 82' lang='grc' dir='ltr'><em>τραχεῖς</em></span> <span class='ocrx_word' id='word_1_122' title='bbox 869 989 938 1032; x_wconf 56' lang='grc' dir='ltr'><em>ναὶ</em></span> <span class='ocrx_word' id='word_1_123' title='bbox 955 993 1225 1047; x_wconf 81' lang='grc' dir='ltr'><em>τεθηγμένους</em></span> <span class='ocrx_word' id='word_1_124' title='bbox 1243 992 1387 1048; x_wconf 82' lang='grc' dir='ltr'><em>λόγους</em></span> <span class='ocrx_word' id='word_1_125' title='bbox 1403 997 1550 1049; x_wconf 74' lang='grc' dir='ltr'><em>ῥίψεις·</em></span> 
     </span>
     <span class='ocr_line' id='line_1_15' title="bbox 88 1041 1554 1106; baseline 0.008 -24"><span class='ocrx_word' id='word_1_126' title='bbox 88 1043 163 1082; x_wconf 86' lang='lat' dir='ltr'><strong>ubi</strong></span> <span class='ocrx_word' id='word_1_127' title='bbox 177 1044 371 1087; x_wconf 82' lang='lat' dir='ltr'>Scholia:</span> <span class='ocrx_word' id='word_1_128' title='bbox 403 1041 584 1100; x_wconf 79' lang='grc' dir='ltr'><em>ἆκήρους</em></span> <span class='ocrx_word' id='word_1_129' title='bbox 604 1047 670 1087; x_wconf 83' lang='grc' dir='ltr'><em>καὶ</em></span> <span class='ocrx_word' id='word_1_130' title='bbox 692 1043 945 1099; x_wconf 76' lang='grc' dir='ltr'><em>ὖβριστινοὺς</em></span> <span class='ocrx_word' id='word_1_131' title='bbox 960 1061 969 1070; x_wconf 92' lang='grc'><em>·</em></span> <span class='ocrx_word' id='word_1_132' title='bbox 1002 1050 1044 1090; x_wconf 77' lang='grc' dir='ltr'><strong>ἐκ</strong></span> <span class='ocrx_word' id='word_1_133' title='bbox 1062 1054 1291 1105; x_wconf 78' lang='grc' dir='ltr'><em>μεταφορᾶς</em></span> <span class='ocrx_word' id='word_1_134' title='bbox 1309 1057 1383 1093; x_wconf 86' lang='grc' dir='ltr'><em>τοῦ</em></span> <span class='ocrx_word' id='word_1_135' title='bbox 1403 1059 1554 1106; x_wconf 81' lang='grc' dir='ltr'><em>τεθηγ-</em></span> 
     </span>
     <span class='ocr_line' id='line_1_16' title="bbox 89 1101 1552 1162; baseline 0.007 -21"><span class='ocrx_word' id='word_1_136' title='bbox 89 1102 210 1153; x_wconf 86' lang='grc' dir='ltr'><em>μένου</em></span> <span class='ocrx_word' id='word_1_137' title='bbox 233 1101 402 1156; x_wconf 76' lang='grc' dir='ltr'><em>σιδήρου</em></span> <span class='ocrx_word' id='word_1_138' title='bbox 421 1104 487 1144; x_wconf 79' lang='grc' dir='ltr'><em>καὶ</em></span> <span class='ocrx_word' id='word_1_139' title='bbox 507 1104 793 1156; x_wconf 83' lang='grc' dir='ltr'><em>ε’στομωμένου.</em></span> <span class='ocrx_word' id='word_1_140' title='bbox 855 1104 911 1141; x_wconf 87' lang='lat' dir='ltr'><strong>Et</strong></span> <span class='ocrx_word' id='word_1_141' title='bbox 928 1104 1101 1143; x_wconf 85' lang='lat' dir='ltr'>Scholia</span> <span class='ocrx_word' id='word_1_142' title='bbox 1124 1106 1231 1147; x_wconf 90' lang='lat' dir='ltr'><strong>Cod.</strong></span> <span class='ocrx_word' id='word_1_143' title='bbox 1253 1107 1467 1162; x_wconf 77' lang='lat' dir='ltr'><strong>Viteberg.</strong></span> <span class='ocrx_word' id='word_1_144' title='bbox 1488 1109 1552 1146; x_wconf 82' lang='lat' dir='ltr'><strong>in-</strong></span> 
     </span>
     <span class='ocr_line' id='line_1_17' title="bbox 87 1154 1552 1214; baseline 0.005 -20"><span class='ocrx_word' id='word_1_145' title='bbox 87 1157 227 1197; x_wconf 83' lang='lat' dir='ltr'><strong>edita:</strong></span> <span class='ocrx_word' id='word_1_146' title='bbox 264 1154 441 1206; x_wconf 72' lang='grc' dir='ltr'><em>ἀναιδεῖς</em></span> <span class='ocrx_word' id='word_1_147' title='bbox 456 1160 523 1199; x_wconf 83' lang='grc' dir='ltr'><em>καὶ</em></span> <span class='ocrx_word' id='word_1_148' title='bbox 543 1163 678 1213; x_wconf 76' lang='grc' dir='ltr'><em>βαρεῖς</em></span> <span class='ocrx_word' id='word_1_149' title='bbox 703 1162 771 1201; x_wconf 79' lang='grc' dir='ltr'><strong>καὶ</strong></span> <span class='ocrx_word' id='word_1_150' title='bbox 794 1157 916 1212; x_wconf 76' lang='grc' dir='ltr'><em>ὀξεῖς,</em></span> <span class='ocrx_word' id='word_1_151' title='bbox 946 1158 1268 1214; x_wconf 77' lang='grc' dir='ltr'><em>ἠκονημένους.)</em></span> <span class='ocrx_word' id='word_1_152' title='bbox 1298 1164 1416 1203; x_wconf 78' lang='lat' dir='ltr'><strong>RUD.</strong></span> <span class='ocrx_word' id='word_1_153' title='bbox 1477 1165 1552 1205; x_wconf 88' lang='lat' dir='ltr'><strong>Vi-</strong></span> 
     </span>
     <span class='ocr_line' id='line_1_18' title="bbox 88 1212 1465 1272; baseline 0.005 -20"><span class='ocrx_word' id='word_1_154' title='bbox 88 1212 165 1264; x_wconf 85' lang='lat' dir='ltr'><strong>de,</strong></span> <span class='ocrx_word' id='word_1_155' title='bbox 197 1214 233 1253; x_wconf 90' lang='lat' dir='ltr'><strong>si</strong></span> <span class='ocrx_word' id='word_1_156' title='bbox 258 1229 365 1268; x_wconf 92' lang='lat' dir='ltr'><strong>opus</strong></span> <span class='ocrx_word' id='word_1_157' title='bbox 390 1214 528 1254; x_wconf 80' lang='lat' dir='ltr'>adhuc</span> <span class='ocrx_word' id='word_1_158' title='bbox 547 1215 622 1266; x_wconf 85' lang='lat' dir='ltr'><strong>sit,</strong></span> <span class='ocrx_word' id='word_1_159' title='bbox 655 1215 813 1256; x_wconf 63' lang='lat' dir='ltr'><strong>Schatz.</strong></span> <span class='ocrx_word' id='word_1_160' title='bbox 834 1216 884 1254; x_wconf 88' lang='lat' dir='ltr'><strong>ad</strong></span> <span class='ocrx_word' id='word_1_161' title='bbox 906 1218 1099 1272; x_wconf 74' lang='lat' dir='ltr'><strong>Aeschyli</strong></span> <span class='ocrx_word' id='word_1_162' title='bbox 1119 1221 1272 1260; x_wconf 88' lang='lat' dir='ltr'><strong>locum.</strong></span> <span class='ocrx_word' id='word_1_163' title='bbox 1307 1220 1465 1263; x_wconf 73' lang='lat' dir='ltr'><strong>Lnnm.</strong></span> 
     </span>
    </p>

    <p class='ocr_par' dir='ltr' id='par_1_3' title="bbox 83 1270 1550 1424">
     <span class='ocr_line' id='line_1_19' title="bbox 197 1270 1548 1326; baseline 0.006 -17"><span class='ocrx_word' id='word_1_164' title='bbox 197 1271 301 1311; x_wconf 76' lang='lat' dir='ltr'><strong>Ead.</strong></span> <span class='ocrx_word' id='word_1_165' title='bbox 321 1275 351 1311; x_wconf 92' lang='lat'><strong>1.</strong></span> <span class='ocrx_word' id='word_1_166' title='bbox 373 1274 413 1315; x_wconf 89' lang='grc'><strong>5.</strong></span> <span class='ocrx_word' id='word_1_167' title='bbox 454 1270 698 1326; x_wconf 76' lang='grc' dir='ltr'><em>Κάρχαρον)</em></span> <span class='ocrx_word' id='word_1_168' title='bbox 737 1272 834 1312; x_wconf 91' lang='lat' dir='ltr'><strong>Vid.</strong></span> <span class='ocrx_word' id='word_1_169' title='bbox 861 1287 984 1326; x_wconf 89' lang='lat' dir='ltr'><strong>supra</strong></span> <span class='ocrx_word' id='word_1_170' title='bbox 1009 1275 1078 1313; x_wconf 91' lang='lat' dir='ltr'><strong>De</strong></span> <span class='ocrx_word' id='word_1_171' title='bbox 1101 1276 1235 1315; x_wconf 82' lang='lat' dir='ltr'><strong>Mete.</strong></span> <span class='ocrx_word' id='word_1_172' title='bbox 1262 1275 1398 1319; x_wconf 87' lang='lat' dir='ltr'><strong>Cond.</strong></span> <span class='ocrx_word' id='word_1_173' title='bbox 1422 1292 1458 1318; x_wconf 87' lang='lat' dir='ltr'><strong>c.</strong></span> <span class='ocrx_word' id='word_1_174' title='bbox 1481 1278 1548 1322; x_wconf 80' lang='lat'><strong>35.</strong></span> 
     </span>
     <span class='ocr_line' id='line_1_20' title="bbox 87 1326 1550 1388; baseline 0.006 -23"><span class='ocrx_word' id='word_1_175' title='bbox 87 1326 209 1365; x_wconf 88' lang='lat' dir='ltr'><strong>Infra</strong></span> <span class='ocrx_word' id='word_1_176' title='bbox 232 1328 302 1367; x_wconf 91' lang='lat' dir='ltr'><strong>De</strong></span> <span class='ocrx_word' id='word_1_177' title='bbox 323 1329 425 1368; x_wconf 89' lang='lat' dir='ltr'><strong>Salt.</strong></span> <span class='ocrx_word' id='word_1_178' title='bbox 447 1342 481 1368; x_wconf 80' lang='lat' dir='ltr'><strong>c.</strong></span> <span class='ocrx_word' id='word_1_179' title='bbox 505 1334 545 1373; x_wconf 90' lang='lat'><strong>4.</strong></span> <span class='ocrx_word' id='word_1_180' title='bbox 574 1329 648 1370; x_wconf 88' lang='lat' dir='ltr'><strong>Bis</strong></span> <span class='ocrx_word' id='word_1_181' title='bbox 670 1330 774 1370; x_wconf 91' lang='lat' dir='ltr'><strong>Acc.</strong></span> <span class='ocrx_word' id='word_1_182' title='bbox 809 1344 844 1369; x_wconf 90' lang='lat' dir='ltr'><strong>c.</strong></span> <span class='ocrx_word' id='word_1_183' title='bbox 867 1335 936 1375; x_wconf 80' lang='lat'><strong>35.</strong></span> <span class='ocrx_word' id='word_1_184' title='bbox 963 1331 1035 1369; x_wconf 93' lang='lat' dir='ltr'><strong>De</strong></span> <span class='ocrx_word' id='word_1_185' title='bbox 1061 1331 1193 1373; x_wconf 90' lang='lat' dir='ltr'><strong>Luct.</strong></span> <span class='ocrx_word' id='word_1_186' title='bbox 1225 1347 1259 1373; x_wconf 87' lang='lat' dir='ltr'><strong>c.</strong></span> <span class='ocrx_word' id='word_1_187' title='bbox 1277 1338 1317 1376; x_wconf 87' lang='lat'><strong>4.</strong></span> <span class='ocrx_word' id='word_1_188' title='bbox 1353 1343 1396 1373; x_wconf 90' lang='lat' dir='ltr'><strong>et</strong></span> <span class='ocrx_word' id='word_1_189' title='bbox 1425 1348 1550 1388; x_wconf 84' lang='lat' dir='ltr'><strong>saepe</strong></span> 
     </span>
     <span class='ocr_line' id='line_1_21' title="bbox 83 1383 404 1424; baseline 0.006 -3"><span class='ocrx_word' id='word_1_190' title='bbox 83 1383 199 1423; x_wconf 82' lang='lat' dir='ltr'><strong>alibi.</strong></span> <span class='ocrx_word' id='word_1_191' title='bbox 234 1385 404 1424; x_wconf 79' lang='lat' dir='ltr'><strong>SOLAN.</strong></span> 
     </span>
    </p>

    <p class='ocr_par' dir='ltr' id='par_1_4' title="bbox 81 1439 1556 2342">
     <span class='ocr_line' id='line_1_22' title="bbox 195 1439 1550 1496; baseline 0.006 -17"><span class='ocrx_word' id='word_1_192' title='bbox 195 1440 297 1481; x_wconf 67' lang='lat' dir='ltr'><strong>Eacl.</strong></span> <span class='ocrx_word' id='word_1_193' title='bbox 317 1444 345 1481; x_wconf 93' lang='lat' dir='ltr'><strong>l.</strong></span> <span class='ocrx_word' id='word_1_194' title='bbox 371 1445 410 1484; x_wconf 89' lang='lat'><strong>9.</strong></span> <span class='ocrx_word' id='word_1_195' title='bbox 441 1441 560 1492; x_wconf 77' lang='grc' dir='ltr'><em>Λέξις</em></span> <span class='ocrx_word' id='word_1_196' title='bbox 587 1465 645 1473; x_wconf 89' lang='lat'><strong>——-</strong></span> <span class='ocrx_word' id='word_1_197' title='bbox 673 1439 883 1495; x_wconf 79' lang='grc' dir='ltr'><em>πολιτικὴ)</em></span> <span class='ocrx_word' id='word_1_198' title='bbox 915 1443 1047 1483; x_wconf 87' lang='lat' dir='ltr'><strong>Recte</strong></span> <span class='ocrx_word' id='word_1_199' title='bbox 1067 1443 1258 1496; x_wconf 71' lang='lat' dir='ltr'><strong>Micyllus</strong></span> <span class='ocrx_word' id='word_1_200' title='bbox 1279 1446 1406 1486; x_wconf 85' lang='lat' dir='ltr'><strong>vertit</strong></span> <span class='ocrx_word' id='word_1_201' title='bbox 1428 1447 1550 1489; x_wconf 77' lang='lat' dir='ltr'><strong>dictio</strong></span> 
     </span>
     <span class='ocr_line' id='line_1_23' title="bbox 84 1496 1551 1551; baseline 0.003 -16"><span class='ocrx_word' id='word_1_202' title='bbox 84 1496 235 1547; x_wconf 83' lang='lat' dir='ltr'><strong>civilis,</strong></span> <span class='ocrx_word' id='word_1_203' title='bbox 267 1512 342 1537; x_wconf 88' lang='lat' dir='ltr'><strong>seu</strong></span> <span class='ocrx_word' id='word_1_204' title='bbox 366 1498 569 1550; x_wconf 88' lang='lat' dir='ltr'><strong>politica,</strong></span> <span class='ocrx_word' id='word_1_205' title='bbox 604 1499 721 1551; x_wconf 87' lang='lat' dir='ltr'><strong>quali</strong></span> <span class='ocrx_word' id='word_1_206' title='bbox 744 1509 926 1537; x_wconf 88' lang='lat' dir='ltr'><strong>utuntur</strong></span> <span class='ocrx_word' id='word_1_207' title='bbox 950 1500 994 1537; x_wconf 88' lang='lat' dir='ltr'><strong>in</strong></span> <span class='ocrx_word' id='word_1_208' title='bbox 1019 1501 1231 1549; x_wconf 85' lang='lat' dir='ltr'><strong>comitiis,</strong></span> <span class='ocrx_word' id='word_1_209' title='bbox 1265 1502 1309 1540; x_wconf 88' lang='lat' dir='ltr'><strong>in</strong></span> <span class='ocrx_word' id='word_1_210' title='bbox 1329 1506 1551 1543; x_wconf 87' lang='lat' dir='ltr'><strong>concioni..</strong></span> 
     </span>
     <span class='ocr_line' id='line_1_24' title="bbox 84 1551 1547 1608; baseline 0.006 -18"><span class='ocrx_word' id='word_1_211' title='bbox 84 1551 188 1602; x_wconf 88' lang='lat' dir='ltr'><strong>bus,</strong></span> <span class='ocrx_word' id='word_1_212' title='bbox 221 1553 266 1591; x_wconf 92' lang='lat' dir='ltr'><strong>in</strong></span> <span class='ocrx_word' id='word_1_213' title='bbox 291 1564 464 1601; x_wconf 78' lang='lat' dir='ltr'><strong>senatu,</strong></span> <span class='ocrx_word' id='word_1_214' title='bbox 498 1554 542 1592; x_wconf 89' lang='lat' dir='ltr'><strong>in</strong></span> <span class='ocrx_word' id='word_1_215' title='bbox 567 1555 742 1607; x_wconf 88' lang='lat' dir='ltr'><strong>judiciis</strong></span> <span class='ocrx_word' id='word_1_216' title='bbox 766 1555 873 1606; x_wconf 79' lang='lat' dir='ltr'><strong>viri,</strong></span> <span class='ocrx_word' id='word_1_217' title='bbox 908 1556 981 1608; x_wconf 89' lang='lat' dir='ltr'><strong>qui</strong></span> <span class='ocrx_word' id='word_1_218' title='bbox 1007 1556 1053 1594; x_wconf 92' lang='lat' dir='ltr'><strong>in</strong></span> <span class='ocrx_word' id='word_1_219' title='bbox 1072 1557 1290 1608; x_wconf 85' lang='lat' dir='ltr'><strong>republica</strong></span> <span class='ocrx_word' id='word_1_220' title='bbox 1314 1571 1547 1604; x_wconf 82' lang='lat' dir='ltr'><strong>versantur,</strong></span> 
     </span>
     <span class='ocr_line' id='line_1_25' title="bbox 85 1608 1550 1671; baseline 0.005 -23"><span class='ocrx_word' id='word_1_221' title='bbox 85 1608 234 1649; x_wconf 81' lang='lat' dir='ltr'><strong>Seneca</strong></span> <span class='ocrx_word' id='word_1_222' title='bbox 265 1609 473 1650; x_wconf 82' lang='lat' dir='ltr'><strong>ContrOV.</strong></span> <span class='ocrx_word' id='word_1_223' title='bbox 499 1615 537 1655; x_wconf 89' lang='lat'><strong>8.</strong></span> <span class='ocrx_word' id='word_1_224' title='bbox 566 1610 641 1648; x_wconf 87' lang='lat' dir='ltr'><strong>lib.</strong></span> <span class='ocrx_word' id='word_1_225' title='bbox 669 1617 706 1654; x_wconf 90' lang='lat'><strong>1.</strong></span> <span class='ocrx_word' id='word_1_226' title='bbox 738 1611 845 1651; x_wconf 69' lang='lat' dir='ltr'><strong>dixit</strong></span> <span class='ocrx_word' id='word_1_227' title='bbox 887 1629 965 1650; x_wconf 89' lang='lat' dir='ltr'><strong>rem</strong></span> <span class='ocrx_word' id='word_1_228' title='bbox 999 1612 1139 1665; x_wconf 83' lang='lat' dir='ltr'><strong>paullo</strong></span> <span class='ocrx_word' id='word_1_229' title='bbox 1166 1614 1386 1664; x_wconf 74' lang='lat' dir='ltr'><strong>elatiorem,</strong></span> <span class='ocrx_word' id='word_1_230' title='bbox 1430 1634 1550 1671; x_wconf 84' lang='lat' dir='ltr'><strong>quam</strong></span> 
     </span>
     <span class='ocr_line' id='line_1_26' title="bbox 82 1666 1550 1722; baseline 0.006 -18"><span class='ocrx_word' id='word_1_231' title='bbox 82 1682 216 1718; x_wconf 82' lang='lat' dir='ltr'><strong>pressa</strong></span> <span class='ocrx_word' id='word_1_232' title='bbox 234 1677 268 1705; x_wconf 84' lang='lat' dir='ltr'><strong>et</strong></span> <span class='ocrx_word' id='word_1_233' title='bbox 296 1666 422 1706; x_wconf 78' lang='lat' dir='ltr'><strong>civilis</strong></span> <span class='ocrx_word' id='word_1_234' title='bbox 451 1669 577 1706; x_wconf 80' lang='lat' dir='ltr'><strong>oratio</strong></span> <span class='ocrx_word' id='word_1_235' title='bbox 600 1669 748 1721; x_wconf 80' lang='lat' dir='ltr'><strong>recipit.</strong></span> <span class='ocrx_word' id='word_1_236' title='bbox 808 1667 1071 1722; x_wconf 78' lang='lat' dir='ltr'><strong>Hermogenes</strong></span> <span class='ocrx_word' id='word_1_237' title='bbox 1090 1668 1242 1708; x_wconf 88' lang='lat' dir='ltr'><strong>tribuit</strong></span> <span class='ocrx_word' id='word_1_238' title='bbox 1262 1673 1550 1713; x_wconf 78' lang='lat' dir='ltr'><strong>Demostheni</strong></span> 
     </span>
     <span class='ocr_line' id='line_1_27' title="bbox 84 1721 1547 1782; baseline 0.007 -23"><span class='ocrx_word' id='word_1_239' title='bbox 84 1721 282 1774; x_wconf 83' lang='lat' dir='ltr'><strong>inprimis</strong></span> <span class='ocrx_word' id='word_1_240' title='bbox 315 1723 535 1776; x_wconf 87' lang='lat' dir='ltr'>politicam</span> <span class='ocrx_word' id='word_1_241' title='bbox 567 1721 825 1775; x_wconf 86' lang='lat' dir='ltr'><strong>dictionem,</strong></span> <span class='ocrx_word' id='word_1_242' title='bbox 856 1724 928 1766; x_wconf 91' lang='lat' dir='ltr'><strong>lib.</strong></span> <span class='ocrx_word' id='word_1_243' title='bbox 952 1731 986 1768; x_wconf 88' lang='lat'><strong>1.</strong></span> <span class='ocrx_word' id='word_1_244' title='bbox 1018 1726 1119 1775; x_wconf 82' lang='grc' dir='ltr'><em>Περὶ</em></span> <span class='ocrx_word' id='word_1_245' title='bbox 1140 1728 1259 1782; x_wconf 66' lang='grc' dir='ltr'><em>ι’ᾇεῶν</em></span> <span class='ocrx_word' id='word_1_246' title='bbox 1286 1728 1362 1768; x_wconf 85' lang='lat' dir='ltr'><strong>lib.</strong></span> <span class='ocrx_word' id='word_1_247' title='bbox 1387 1734 1425 1772; x_wconf 84' lang='lat'><strong>1.</strong></span> <span class='ocrx_word' id='word_1_248' title='bbox 1449 1744 1483 1769; x_wconf 91' lang='lat' dir='ltr'><strong>c.</strong></span> <span class='ocrx_word' id='word_1_249' title='bbox 1509 1736 1547 1773; x_wconf 89' lang='lat'><strong>1.</strong></span> 
     </span>
     <span class='ocr_line' id='line_1_28' title="bbox 81 1775 1554 1834; baseline 0.007 -16"><span class='ocrx_word' id='word_1_250' title='bbox 81 1775 134 1819; x_wconf 87' lang='lat' dir='ltr'><strong>‘O</strong></span> <span class='ocrx_word' id='word_1_251' title='bbox 162 1780 301 1820; x_wconf 84' lang='grc' dir='ltr'><em>τοίνυν</em></span> <span class='ocrx_word' id='word_1_252' title='bbox 326 1781 616 1831; x_wconf 76' lang='grc' dir='ltr'><em>Δημοσθένης,</em></span> <span class='ocrx_word' id='word_1_253' title='bbox 650 1777 696 1826; x_wconf 74' lang='grc' dir='ltr'><strong>ὅ,</strong></span> <span class='ocrx_word' id='word_1_254' title='bbox 727 1798 765 1821; x_wconf 90' lang='grc' dir='ltr'><strong>τι</strong></span> <span class='ocrx_word' id='word_1_255' title='bbox 789 1797 863 1833; x_wconf 87' lang='grc' dir='ltr'><strong>περ</strong></span> <span class='ocrx_word' id='word_1_256' title='bbox 894 1779 1115 1832; x_wconf 77' lang='grc' dir='ltr'><em>κεφάλαιον</em></span> <span class='ocrx_word' id='word_1_257' title='bbox 1146 1783 1224 1834; x_wconf 77' lang='grc' dir='ltr'><em>ἡν,</em></span> <span class='ocrx_word' id='word_1_258' title='bbox 1256 1781 1325 1825; x_wconf 86' lang='grc' dir='ltr'><em>τόν</em></span> <span class='ocrx_word' id='word_1_259' title='bbox 1347 1785 1554 1828; x_wconf 77' lang='grc' dir='ltr'><em>πολιτικὸν</em></span> 
     </span>
     <span class='ocr_line' id='line_1_29' title="bbox 86 1831 1550 1894; baseline 0.005 -19"><span class='ocrx_word' id='word_1_260' title='bbox 86 1831 348 1888; x_wconf 74' lang='grc' dir='ltr'><em>ἠκριβωκώς,</em></span> <span class='ocrx_word' id='word_1_261' title='bbox 378 1835 422 1877; x_wconf 84' lang='grc' dir='ltr'><strong>τὸ</strong></span> <span class='ocrx_word' id='word_1_262' title='bbox 456 1835 545 1888; x_wconf 84' lang='grc' dir='ltr'><em>μὲν,</em></span> <span class='ocrx_word' id='word_1_263' title='bbox 579 1832 632 1885; x_wconf 78' lang='grc' dir='ltr'><em>ὥς</em></span> <span class='ocrx_word' id='word_1_264' title='bbox 664 1834 732 1877; x_wconf 70' lang='grc' dir='ltr'><strong>διὰ</strong></span> <span class='ocrx_word' id='word_1_265' title='bbox 757 1837 918 1877; x_wconf 81' lang='grc' dir='ltr'><em>πάντων</em></span> <span class='ocrx_word' id='word_1_266' title='bbox 947 1835 1037 1890; x_wconf 76' lang='grc' dir='ltr'><em>ἥκει</em></span> <span class='ocrx_word' id='word_1_267' title='bbox 1063 1844 1271 1891; x_wconf 80' lang='grc' dir='ltr'><em>πανταχοῦ</em></span> <span class='ocrx_word' id='word_1_268' title='bbox 1298 1847 1386 1889; x_wconf 86' lang='grc' dir='ltr'><em>ταῖς</em></span> <span class='ocrx_word' id='word_1_269' title='bbox 1412 1845 1550 1894; x_wconf 80' lang='grc' dir='ltr'><em>μίξεσι.</em></span> 
     </span>
     <span class='ocr_line' id='line_1_30' title="bbox 85 1891 1553 1949; baseline 0.006 -20"><span class='ocrx_word' id='word_1_270' title='bbox 85 1891 378 1941; x_wconf 71' lang='lat' dir='ltr'><strong>Demosthenes,</strong></span> <span class='ocrx_word' id='word_1_271' title='bbox 408 1891 452 1930; x_wconf 70' lang='lat' dir='ltr'><strong>iel</strong></span> <span class='ocrx_word' id='word_1_272' title='bbox 471 1891 577 1946; x_wconf 67' lang='lat' dir='ltr'><strong>quod</strong></span> <span class='ocrx_word' id='word_1_273' title='bbox 600 1895 852 1946; x_wconf 81' lang='lat' dir='ltr'><strong>praecipuum</strong></span> <span class='ocrx_word' id='word_1_274' title='bbox 868 1893 976 1948; x_wconf 77' lang='lat' dir='ltr'><strong>fuit,</strong></span> <span class='ocrx_word' id='word_1_275' title='bbox 1012 1909 1099 1933; x_wconf 84' lang='lat' dir='ltr'><strong>cum</strong></span> <span class='ocrx_word' id='word_1_276' title='bbox 1116 1907 1298 1935; x_wconf 82' lang='lat' dir='ltr'><strong>accurate</strong></span> <span class='ocrx_word' id='word_1_277' title='bbox 1313 1914 1433 1949; x_wconf 79' lang='lat' dir='ltr'><strong>genus</strong></span> <span class='ocrx_word' id='word_1_278' title='bbox 1453 1915 1553 1938; x_wconf 82' lang='lat' dir='ltr'><strong>ora-</strong></span> 
     </span>
     <span class='ocr_line' id='line_1_31' title="bbox 88 1948 1556 2006; baseline 0.005 -20"><span class='ocrx_word' id='word_1_279' title='bbox 88 1949 207 1986; x_wconf 73' lang='lat' dir='ltr'><strong>tionis</strong></span> <span class='ocrx_word' id='word_1_280' title='bbox 222 1948 409 2002; x_wconf 78' lang='lat' dir='ltr'><strong>politicae</strong></span> <span class='ocrx_word' id='word_1_281' title='bbox 427 1948 675 1997; x_wconf 75' lang='lat' dir='ltr'><strong>excoluisset,</strong></span> <span class='ocrx_word' id='word_1_282' title='bbox 703 1951 836 1988; x_wconf 83' lang='lat' dir='ltr'><strong>omnia</strong></span> <span class='ocrx_word' id='word_1_283' title='bbox 857 1965 1008 2003; x_wconf 80' lang='lat' dir='ltr'><strong>quoque</strong></span> <span class='ocrx_word' id='word_1_284' title='bbox 1023 1966 1166 2003; x_wconf 73' lang='lat' dir='ltr'><strong>genera</strong></span> <span class='ocrx_word' id='word_1_285' title='bbox 1190 1956 1425 2006; x_wconf 73' lang='lat' dir='ltr'><strong>exsequitur,</strong></span> <span class='ocrx_word' id='word_1_286' title='bbox 1458 1956 1556 1994; x_wconf 80' lang='lat' dir='ltr'><strong>uhi-</strong></span> 
     </span>
     <span class='ocr_line' id='line_1_32' title="bbox 91 2004 1554 2060; baseline 0.006 -19"><span class='ocrx_word' id='word_1_287' title='bbox 91 2020 165 2057; x_wconf 83' lang='lat' dir='ltr'><strong>que</strong></span> <span class='ocrx_word' id='word_1_288' title='bbox 185 2020 230 2042; x_wconf 83' lang='lat' dir='ltr'><strong>ea</strong></span> <span class='ocrx_word' id='word_1_289' title='bbox 253 2007 427 2046; x_wconf 80' lang='lat' dir='ltr'><strong>miscens.</strong></span> <span class='ocrx_word' id='word_1_290' title='bbox 487 2006 558 2044; x_wconf 87' lang='lat' dir='ltr'><strong>De</strong></span> <span class='ocrx_word' id='word_1_291' title='bbox 576 2006 758 2058; x_wconf 88' lang='lat' dir='ltr'><strong>politico</strong></span> <span class='ocrx_word' id='word_1_292' title='bbox 790 2004 873 2054; x_wconf 83' lang='lat' dir='ltr'><strong>h9c</strong></span> <span class='ocrx_word' id='word_1_293' title='bbox 898 2004 1068 2044; x_wconf 88' lang='lat' dir='ltr'><strong>dicendi</strong></span> <span class='ocrx_word' id='word_1_294' title='bbox 1093 2021 1245 2060; x_wconf 81' lang='lat' dir='ltr'><strong>genere</strong></span> <span class='ocrx_word' id='word_1_295' title='bbox 1266 2010 1410 2047; x_wconf 86' lang='lat' dir='ltr'><strong>multis</strong></span> <span class='ocrx_word' id='word_1_296' title='bbox 1433 2025 1554 2050; x_wconf 86' lang='lat' dir='ltr'><strong>accu-</strong></span> 
     </span>
     <span class='ocr_line' id='line_1_33' title="bbox 88 2061 1551 2120; baseline 0.005 -22"><span class='ocrx_word' id='word_1_297' title='bbox 88 2069 179 2098; x_wconf 86' lang='lat' dir='ltr'><strong>rate</strong></span> <span class='ocrx_word' id='word_1_298' title='bbox 202 2062 291 2114; x_wconf 83' lang='lat' dir='ltr'><strong>agit</strong></span> <span class='ocrx_word' id='word_1_299' title='bbox 313 2061 576 2115; x_wconf 74' lang='lat' dir='ltr'><strong>Hermogenes</strong></span> <span class='ocrx_word' id='word_1_300' title='bbox 602 2062 645 2099; x_wconf 90' lang='lat' dir='ltr'><strong>in</strong></span> <span class='ocrx_word' id='word_1_301' title='bbox 667 2061 778 2100; x_wconf 87' lang='lat' dir='ltr'><strong>libro</strong></span> <span class='ocrx_word' id='word_1_302' title='bbox 801 2061 988 2100; x_wconf 86' lang='lat' dir='ltr'><strong>secundo</strong></span> <span class='ocrx_word' id='word_1_303' title='bbox 1009 2076 1042 2103; x_wconf 80' lang='lat' dir='ltr'><strong>c,</strong></span> <span class='ocrx_word' id='word_1_304' title='bbox 1070 2068 1136 2105; x_wconf 83' lang='lat'><strong>10.</strong></span> <span class='ocrx_word' id='word_1_305' title='bbox 1160 2073 1201 2101; x_wconf 88' lang='lat' dir='ltr'><strong>et</strong></span> <span class='ocrx_word' id='word_1_306' title='bbox 1224 2078 1339 2118; x_wconf 84' lang='lat' dir='ltr'><strong>seqq.</strong></span> <span class='ocrx_word' id='word_1_307' title='bbox 1400 2067 1455 2104; x_wconf 92' lang='lat' dir='ltr'><strong>Ei</strong></span> <span class='ocrx_word' id='word_1_308' title='bbox 1477 2082 1551 2120; x_wconf 90' lang='lat' dir='ltr'><strong>op-</strong></span> 
     </span>
     <span class='ocr_line' id='line_1_34' title="bbox 90 2116 1551 2173; baseline 0.007 -21"><span class='ocrx_word' id='word_1_309' title='bbox 90 2116 270 2167; x_wconf 87' lang='lat' dir='ltr'><strong>ponitur</strong></span> <span class='ocrx_word' id='word_1_310' title='bbox 301 2116 510 2170; x_wconf 77' lang='grc' dir='ltr'><em>σοφιστικὴ</em></span> <span class='ocrx_word' id='word_1_311' title='bbox 543 2119 610 2159; x_wconf 80' lang='grc' dir='ltr'><em>καὶ</em></span> <span class='ocrx_word' id='word_1_312' title='bbox 639 2116 915 2173; x_wconf 78' lang='grc' dir='ltr'><em>λογογραφικὴ</em></span> <span class='ocrx_word' id='word_1_313' title='bbox 945 2119 1062 2168; x_wconf 81' lang='grc' dir='ltr'><em>λέξις,</em></span> <span class='ocrx_word' id='word_1_314' title='bbox 1095 2118 1383 2168; x_wconf 79' lang='lat' dir='ltr'><strong>Scholastica.</strong></span> <span class='ocrx_word' id='word_1_315' title='bbox 1416 2132 1458 2162; x_wconf 91' lang='lat' dir='ltr'><strong>et</strong></span> <span class='ocrx_word' id='word_1_316' title='bbox 1481 2123 1551 2163; x_wconf 89' lang='lat' dir='ltr'><strong>de-</strong></span> 
     </span>
     <span class='ocr_line' id='line_1_35' title="bbox 89 2172 1551 2232; baseline 0.005 -23"><span class='ocrx_word' id='word_1_317' title='bbox 89 2172 334 2212; x_wconf 86' lang='lat' dir='ltr'><strong>clamatoria</strong></span> <span class='ocrx_word' id='word_1_318' title='bbox 355 2173 513 2213; x_wconf 84' lang='lat' dir='ltr'><strong>dictio:</strong></span> <span class='ocrx_word' id='word_1_319' title='bbox 545 2174 597 2212; x_wconf 89' lang='lat' dir='ltr'><strong>ab</strong></span> <span class='ocrx_word' id='word_1_320' title='bbox 618 2188 664 2213; x_wconf 89' lang='lat' dir='ltr'><strong>ea</strong></span> <span class='ocrx_word' id='word_1_321' title='bbox 686 2188 854 2230; x_wconf 88' lang='lat' dir='ltr'><strong>quoque</strong></span> <span class='ocrx_word' id='word_1_322' title='bbox 867 2174 1129 2228; x_wconf 76' lang='lat' dir='ltr'><strong>Hermogenes</strong></span> <span class='ocrx_word' id='word_1_323' title='bbox 1144 2175 1345 2215; x_wconf 87' lang='lat' dir='ltr'><strong>distinxit</strong></span> <span class='ocrx_word' id='word_1_324' title='bbox 1358 2176 1551 2232; x_wconf 77' lang='grc' dir='ltr'><em>ἀγοραῖον</em></span> 
     </span>
     <span class='ocr_line' id='line_1_36' title="bbox 87 2228 1550 2289; baseline 0.004 -20"><span class='ocrx_word' id='word_1_325' title='bbox 87 2229 158 2269; x_wconf 73' lang='grc' dir='ltr'><em>καὶ</em></span> <span class='ocrx_word' id='word_1_326' title='bbox 179 2228 475 2283; x_wconf 78' lang='grc' dir='ltr'><em>πανηγυρικὸν,</em></span> <span class='ocrx_word' id='word_1_327' title='bbox 505 2230 673 2270; x_wconf 84' lang='lat' dir='ltr'><strong>forense</strong></span> <span class='ocrx_word' id='word_1_328' title='bbox 702 2240 745 2270; x_wconf 87' lang='lat' dir='ltr'><strong>et</strong></span> <span class='ocrx_word' id='word_1_329' title='bbox 769 2231 1095 2284; x_wconf 85' lang='lat' dir='ltr'><strong>panegyricum,</strong></span> <span class='ocrx_word' id='word_1_330' title='bbox 1132 2232 1246 2285; x_wconf 91' lang='lat' dir='ltr'><strong>quod</strong></span> <span class='ocrx_word' id='word_1_331' title='bbox 1273 2242 1409 2274; x_wconf 86' lang='lat' dir='ltr'><strong>tamen</strong></span> <span class='ocrx_word' id='word_1_332' title='bbox 1437 2250 1550 2289; x_wconf 85' lang='lat' dir='ltr'><strong>quo-</strong></span> 
     </span>
     <span class='ocr_line' id='line_1_37' title="bbox 89 2283 1273 2342; baseline 0.005 -20"><span class='ocrx_word' id='word_1_333' title='bbox 89 2283 218 2323; x_wconf 86' lang='lat' dir='ltr'><strong>modo</strong></span> <span class='ocrx_word' id='word_1_334' title='bbox 240 2291 430 2342; x_wconf 77' lang='grc' dir='ltr'><em>πολιτικῷ</em></span> <span class='ocrx_word' id='word_1_335' title='bbox 446 2285 692 2334; x_wconf 78' lang='lat' dir='ltr'><strong>misceatur,</strong></span> <span class='ocrx_word' id='word_1_336' title='bbox 724 2287 899 2340; x_wconf 87' lang='lat' dir='ltr'><strong>pulchre</strong></span> <span class='ocrx_word' id='word_1_337' title='bbox 921 2287 1056 2331; x_wconf 82' lang='lat' dir='ltr'><strong>docet.</strong></span> <span class='ocrx_word' id='word_1_338' title='bbox 1096 2289 1273 2328; x_wconf 68' lang='lat' dir='ltr'><strong>Gnmzv.</strong></span> 
     </span>
    </p>

    <p class='ocr_par' dir='ltr' id='par_1_5' title="bbox 87 2340 1551 2778">
     <span class='ocr_line' id='line_1_38' title="bbox 201 2340 1550 2397; baseline 0.004 -17"><span class='ocrx_word' id='word_1_339' title='bbox 201 2341 305 2382; x_wconf 75' lang='lat' dir='ltr'><strong>Ead.</strong></span> <span class='ocrx_word' id='word_1_340' title='bbox 325 2345 352 2384; x_wconf 91' lang='lat' dir='ltr'><strong>l.</strong></span> <span class='ocrx_word' id='word_1_341' title='bbox 378 2348 442 2386; x_wconf 85' lang='lat'><strong>13.</strong></span> <span class='ocrx_word' id='word_1_342' title='bbox 479 2340 724 2395; x_wconf 85' lang='grc' dir='ltr'><em>Φανώτατα)</em></span> <span class='ocrx_word' id='word_1_343' title='bbox 763 2343 838 2382; x_wconf 91' lang='lat' dir='ltr'><strong>W.</strong></span> <span class='ocrx_word' id='word_1_344' title='bbox 868 2352 911 2382; x_wconf 88' lang='lat' dir='ltr'><strong>at</strong></span> <span class='ocrx_word' id='word_1_345' title='bbox 941 2344 1094 2397; x_wconf 85' lang='lat' dir='ltr'><strong>reliqui</strong></span> <span class='ocrx_word' id='word_1_346' title='bbox 1123 2343 1339 2397; x_wconf 81' lang='grc' dir='ltr'><em>φανότατα.</em></span> <span class='ocrx_word' id='word_1_347' title='bbox 1379 2348 1550 2391; x_wconf 43' lang='lat' dir='ltr'><strong>Soram,</strong></span> 
     </span>
     <span class='ocr_line' id='line_1_39' title="bbox 87 2398 1548 2457; baseline 0.005 -21"><span class='ocrx_word' id='word_1_348' title='bbox 87 2398 285 2437; x_wconf 84' lang='lat' dir='ltr'><strong>Fortasse</strong></span> <span class='ocrx_word' id='word_1_349' title='bbox 310 2413 397 2438; x_wconf 88' lang='lat' dir='ltr'><strong>non</strong></span> <span class='ocrx_word' id='word_1_350' title='bbox 423 2401 542 2438; x_wconf 85' lang='lat' dir='ltr'><strong>male.</strong></span> <span class='ocrx_word' id='word_1_351' title='bbox 603 2399 712 2438; x_wconf 88' lang='lat' dir='ltr'><strong>Nam</strong></span> <span class='ocrx_word' id='word_1_352' title='bbox 735 2399 770 2438; x_wconf 90' lang='lat' dir='ltr'><strong>si</strong></span> <span class='ocrx_word' id='word_1_353' title='bbox 796 2398 927 2453; x_wconf 85' lang='grc' dir='ltr'><em>φανὸς</em></span> <span class='ocrx_word' id='word_1_354' title='bbox 962 2414 1058 2440; x_wconf 86' lang='lat' dir='ltr'><strong>vere</strong></span> <span class='ocrx_word' id='word_1_355' title='bbox 1079 2415 1156 2453; x_wconf 88' lang='lat' dir='ltr'><strong>pro</strong></span> <span class='ocrx_word' id='word_1_356' title='bbox 1181 2401 1348 2454; x_wconf 80' lang='grc' dir='ltr'><em>φαεινὸς</em></span> <span class='ocrx_word' id='word_1_357' title='bbox 1376 2402 1548 2457; x_wconf 81' lang='lat' dir='ltr'><strong>dieitur,</strong></span> 
     </span>
     <span class='ocr_line' id='line_1_40' title="bbox 91 2453 1551 2508; baseline 0.006 -16"><span class='ocrx_word' id='word_1_358' title='bbox 91 2464 141 2493; x_wconf 88' lang='lat' dir='ltr'><strong>ut</strong></span> <span class='ocrx_word' id='word_1_359' title='bbox 160 2453 286 2494; x_wconf 89' lang='lat' dir='ltr'><strong>habet</strong></span> <span class='ocrx_word' id='word_1_360' title='bbox 307 2454 479 2505; x_wconf 77' lang='lat' dir='ltr'><strong>Suiclas‚·</strong></span> <span class='ocrx_word' id='word_1_361' title='bbox 510 2454 829 2508; x_wconf 87' lang='lat' dir='ltr'><strong>producendum</strong></span> <span class='ocrx_word' id='word_1_362' title='bbox 853 2473 932 2507; x_wconf 86' lang='grc' dir='ltr'><em>φα,</em></span> <span class='ocrx_word' id='word_1_363' title='bbox 966 2465 1007 2494; x_wconf 86' lang='lat' dir='ltr'><strong>et</strong></span> <span class='ocrx_word' id='word_1_364' title='bbox 1039 2467 1126 2495; x_wconf 88' lang='lat' dir='ltr'><strong>tum</strong></span> <span class='ocrx_word' id='word_1_365' title='bbox 1148 2458 1415 2497; x_wconf 87' lang='lat' dir='ltr'><strong>retinendum</strong></span> <span class='ocrx_word' id='word_1_366' title='bbox 1442 2472 1551 2501; x_wconf 75' lang='lat' dir='ltr'><strong>esset</strong></span> 
     </span>
     <span class='ocr_line' id='line_1_41' title="bbox 95 2509 1551 2566; baseline 0.005 -17"><span class='ocrx_word' id='word_1_367' title='bbox 95 2527 131 2552; x_wconf 83' lang='lat' dir='ltr'><strong>o.</strong></span> <span class='ocrx_word' id='word_1_368' title='bbox 169 2511 225 2549; x_wconf 88' lang='lat' dir='ltr'><strong>At</strong></span> <span class='ocrx_word' id='word_1_369' title='bbox 246 2509 376 2563; x_wconf 81' lang='grc' dir='ltr'><em>φανὸς</em></span> <span class='ocrx_word' id='word_1_370' title='bbox 396 2510 566 2549; x_wconf 83' lang='lat' dir='ltr'><strong>videtur</strong></span> <span class='ocrx_word' id='word_1_371' title='bbox 585 2526 752 2564; x_wconf 84' lang='lat' dir='ltr'><strong>anceps.</strong></span> <span class='ocrx_word' id='word_1_372' title='bbox 784 2512 901 2550; x_wconf 82' lang='lat' dir='ltr'><strong>Run.</strong></span> <span class='ocrx_word' id='word_1_373' title='bbox 959 2512 1058 2551; x_wconf 72' lang='lat' dir='ltr'><strong>Vid.</strong></span> <span class='ocrx_word' id='word_1_374' title='bbox 1083 2514 1261 2566; x_wconf 77' lang='lat' dir='ltr'><strong>Spitzner</strong></span> <span class='ocrx_word' id='word_1_375' title='bbox 1280 2515 1468 2555; x_wconf 84' lang='lat' dir='ltr'><strong>Versuch</strong></span> <span class='ocrx_word' id='word_1_376' title='bbox 1492 2518 1551 2556; x_wconf 86' lang='lat' dir='ltr'><strong>ei-</strong></span> 
     </span>
     <span class='ocr_line' id='line_1_42' title="bbox 95 2567 1549 2621; baseline 0.005 -16"><span class='ocrx_word' id='word_1_377' title='bbox 95 2581 170 2606; x_wconf 88' lang='lat' dir='ltr'><strong>ner</strong></span> <span class='ocrx_word' id='word_1_378' title='bbox 200 2567 358 2621; x_wconf 84' lang='lat' dir='ltr'><strong>griech.</strong></span> <span class='ocrx_word' id='word_1_379' title='bbox 389 2567 592 2606; x_wconf 83' lang='lat' dir='ltr'><strong>Prosodie</strong></span> <span class='ocrx_word' id='word_1_380' title='bbox 625 2583 664 2620; x_wconf 86' lang='lat' dir='ltr'><strong>p.</strong></span> <span class='ocrx_word' id='word_1_381' title='bbox 699 2573 766 2612; x_wconf 69' lang='grc'><strong>81.</strong></span> <span class='ocrx_word' id='word_1_382' title='bbox 799 2569 873 2620; x_wconf 78' lang='lat' dir='ltr'><strong>qui</strong></span> <span class='ocrx_word' id='word_1_383' title='bbox 901 2582 923 2606; x_wconf 89' lang='lat' dir='ltr'><strong>e</strong></span> <span class='ocrx_word' id='word_1_384' title='bbox 952 2569 1331 2609; x_wconf 82' lang='lat' dir='ltr'><strong>Grammaticorum</strong></span> <span class='ocrx_word' id='word_1_385' title='bbox 1362 2582 1549 2611; x_wconf 83' lang='lat' dir='ltr'><strong>veterum</strong></span> 
     </span>
     <span class='ocr_line' id='line_1_43' title="bbox 96 2622 1549 2678; baseline 0.007 -19"><span class='ocrx_word' id='word_1_386' title='bbox 96 2624 331 2675; x_wconf 72' lang='lat' dir='ltr'><strong>praeceptis</strong></span> <span class='ocrx_word' id='word_1_387' title='bbox 359 2622 483 2663; x_wconf 86' lang='lat' dir='ltr'><strong>docet</strong></span> <span class='ocrx_word' id='word_1_388' title='bbox 512 2623 692 2676; x_wconf 84' lang='lat' dir='ltr'><strong>produci</strong></span> <span class='ocrx_word' id='word_1_389' title='bbox 717 2642 776 2674; x_wconf 80' lang='grc' dir='ltr'><em>φα</em></span> <span class='ocrx_word' id='word_1_390' title='bbox 803 2625 846 2661; x_wconf 90' lang='lat' dir='ltr'><strong>in</strong></span> <span class='ocrx_word' id='word_1_391' title='bbox 871 2622 1014 2675; x_wconf 79' lang='grc' dir='ltr'><em>φανός.</em></span> <span class='ocrx_word' id='word_1_392' title='bbox 1075 2626 1227 2678; x_wconf 86' lang='lat' dir='ltr'><strong>ltaque</strong></span> <span class='ocrx_word' id='word_1_393' title='bbox 1250 2641 1334 2665; x_wconf 87' lang='lat' dir='ltr'><strong>non</strong></span> <span class='ocrx_word' id='word_1_394' title='bbox 1356 2627 1549 2669; x_wconf 86' lang='lat' dir='ltr'><strong>dubitavi</strong></span> 
     </span>
     <span class='ocr_line' id='line_1_44' title="bbox 94 2677 1548 2733; baseline 0.006 -15"><span class='ocrx_word' id='word_1_395' title='bbox 94 2677 347 2720; x_wconf 83' lang='lat' dir='ltr'><strong>Editionum</strong></span> <span class='ocrx_word' id='word_1_396' title='bbox 380 2690 567 2721; x_wconf 84' lang='lat' dir='ltr'><strong>veterum</strong></span> <span class='ocrx_word' id='word_1_397' title='bbox 599 2680 786 2719; x_wconf 83' lang='lat' dir='ltr'><strong>omnium</strong></span> <span class='ocrx_word' id='word_1_398' title='bbox 817 2680 1044 2720; x_wconf 80' lang='lat' dir='ltr'><strong>lectionem</strong></span> <span class='ocrx_word' id='word_1_399' title='bbox 1080 2679 1286 2733; x_wconf 78' lang='grc' dir='ltr'><em>φανότατα</em></span> <span class='ocrx_word' id='word_1_400' title='bbox 1313 2685 1548 2727; x_wconf 75' lang='lat' dir='ltr'><strong>restituere.</strong></span> 
     </span>
     <span class='ocr_line' id='line_1_45' title="bbox 95 2735 248 2778; baseline 0.02 -7"><span class='ocrx_word' id='word_1_401' title='bbox 95 2735 248 2778; x_wconf 62' lang='lat' dir='ltr'><strong>Lentu.</strong></span> 
     </span>
    </p>
   </div>
  </div>
 </body>
</html>
