1834 3188
434 197 493 225 IN
531 194 814 225 ch'rnAnx
851 193 962 225 suu
999 192 1321 225 HosPJTEM.
1509 179 1610 228 523

145 311 201 348 νῳ
230 310 278 333 τα
308 293 467 346 μέγιστα
493 293 719 345 χαοιεῖσθαὶ
749 308 818 343 μοι
840 295 959 334 δοκῶ.
1016 292 1132 331 Βοηα
1151 291 1268 330 verba
1289 306 1453 345 quaeso,
1485 293 1613 345 inquit

144 351 231 398 ille,
265 366 340 389 rem
359 352 626 403 gratissimam
652 365 712 388 me
732 351 767 387 ci
784 348 996 404 facturum
1015 360 1124 403 pulo.
1185 347 1312 386 Nihil
1331 347 1443 400 apud
1460 347 1612 387 Plato-

144 424 229 445 nem
259 407 470 458 cmbxius,
512 421 637 459 quam
673 399 744 456 ἠδ’
779 406 847 455 ὸς,
885 407 1012 460 inquit
1043 404 1123 444 ille.
1195 405 1349 443 Paullo
1384 414 1484 457 post
1510 403 1613 446 κατὰ

145 467 318 515 δαίμονα
338 466 444 502 male
468 462 772 518 vertiturforte
792 461 981 516 quadam,
1013 476 1108 501 cum
1127 461 1184 500 sit
1207 460 1506 518 bonafortuna,
1533 461 1613 501 ho-

143 523 203 560 nis
227 521 374 561 avibus.
409 520 586 559 GnAEv.

257 577 360 615 Ead.
387 579 415 616 l.
438 582 502 619 11.
538 572 786 624 Ἀκινάκου)
826 573 938 614 Vide
961 576 1118 614 Toxar.
1151 589 1187 616 e.
1215 579 1284 619 38·
1324 574 1494 615 SOLAN.
1553 575 1614 615 Et

143 633 242 674 Jov.
265 635 388 688 Trag,
410 647 442 674 c
465 637 532 675 42.
557 632 705 685 ibique
731 630 1063 671 Sch01.Lm1M.

232 689 496 732 Ead.1.17.
533 679 887 743 Ἀναστρέψοντα)
918 688 988 728 Sic
1015 688 1090 728 W.
1114 698 1155 729 et
1183 688 1239 729 L.
1298 687 1480 743 Reliqui
1510 687 1612 728 libri

141 742 457 798 ἆναστοὲφοντα.
495 746 664 786 SOLAN.

257 803 355 856 Pag
373 808 465 847 156
487 805 566 845 12
594 799 703 844 Ἐπὶ
732 799 817 851 τὰς
845 798 1014 855 θύρας
1043 798 1204 851 αὐτας
1234 795 1475 854 ἐλθόντα]
1507 802 1610 841 Ver-

141 859 207 897 sio
232 859 410 899 Gesner-i:
442 858 529 897 ad
515 874 621 912 ipsas
642 875 728 897 cum
745 862 894 913 januas
911 861 1095 909 venisses,
1125 858 1333 923 ejusmodi
1355 869 1439 905 est,
1471 868 1519 897 ut
1540 860 1613 897 fa-

142 916 222 954 cile
242 916 366 953 aliam
397 916 521 965 hinc,
555 929 602 953 ac
629 916 787 956 Θιᾶεοει
820 915 992 968 jubent,
1027 915 1279 954 sententiam
1304 915 1465 955 elicias.
1527 913 1611 957 Αὖ-

140 971 207 1019 td„-
230 972 341 1010 enim
363 971 406 1012 h.
427 975 454 1012 1.
477 981 538 1009 est
570 971 699 1023 solus,
732 982 774 1011 et
793 975 942 1026 januae
964 971 1071 1011 solae
1090 972 1314 1039 oppositae
1331 972 1610 1025 penetralibus.

139 1028 454 1068 Dia11.M0rtt.
477 1029 582 1077 XX,
603 1032 644 1072 5.
672 1031 741 1070 καὶ
769 1046 817 1070 τα
850 1046 892 1082 γε
924 1043 1102 1080 σχηματα
1134 1046 1235 1069 αυτα
1266 1051 1323 1058 -·
1353 1030 1389 1069 εἰ
1416 1027 1610 1070 θεάσαιτό

136 1101 215 1134 τις,
246 1087 281 1123 si
301 1085 477 1124 habitum
497 1084 624 1125 solum
653 1089 740 1140 quis
762 1088 1011 1140 spectaverit,
1046 1100 1174 1125 wenn
1203 1100 1297 1123 man
1319 1084 1424 1123 bloss
1447 1086 1524 1123 auf
1543 1085 1612 1124 ihr

135 1143 362 1180 Aeusseres
394 1142 542 1183 siehet.
605 1141 673 1181 Cf.
697 1143 844 1184 Soznn.
868 1157 902 1182 c.
927 1147 967 1184 9.
1004 1143 1138 1180 Dian.
1169 1143 1304 1180 Deor.
1327 1142 1390 1187 X,
1412 1146 1450 1184 2.
1483 1141 1610 1181 Char.

138 1212 173 1236 e.
197 1203 261 1240 10.
322 1198 424 1238 Non
460 1201 568 1237 male
594 1198 635 1240 h.
667 1202 695 1240 l.
724 1199 971 1253 Obsopoeus:
1008 1199 1099 1238 Vix
1127 1201 1244 1238 tactis
1269 1197 1369 1252 pede
1396 1197 1610 1237 liminibus.

137 1254 296 1293 Lnnm.
851 1276 859 1281 -

251 1310 354 1351 Ead.
375 1313 403 1351 l.
423 1315 464 1354 9.
507 1309 673 1363 Σοφός)
703 1313 905 1351 Solonem
940 1310 1168 1365 intelligit,
1202 1313 1322 1364 cujus
1355 1319 1494 1350 aetate
1530 1319 1612 1349 tra-

139 1365 244 1404 dunt
266 1367 465 1406 historici
488 1368 677 1407 Athenas
699 1369 915 1421 appulisse
931 1368 1274 1408 Anacharsidem.
1310 1366 1408 1407 Vid.
1432 1367 1542 1407 Plut.
1566 1368 1612 1405 in

138 1423 310 1462 Solone.
344 1424 512 1464 SOLAN.

250 1479 354 1519 ..Eacl
373 1483 400 1521 l.
425 1486 488 1523 12
522 1484 758 1534 Δημοτικως
787 1481 1045 1535 ἐσταλμένον)
1078 1481 1179 1521 Vid.
1203 1495 1318 1533 supr.
1342 1494 1377 1518 c.
1399 1480 1610 1523 4.R1·:1Tz.

251 1536 353 1589 Pssg.
381 1542 472 1580 157-
498 1539 526 1577 l.
549 1544 587 1581 7.
628 1536 947 1588 Δυςπρόςοδον)
979 1537 1613 1591 ItaMs.Reg.2954.Vu1g.

137 1593 425 1645 δυςποόςοδος.
468 1595 564 1636 Bu·
641 1594 911 1634 Schmiederus
944 1608 1117 1648 quoque
1148 1593 1286 1633 edidit
1326 1589 1612 1646 δυςποόςοδον.

139 1649 258 1689 Mihi
285 1651 327 1686 in
360 1649 439 1688 hac
460 1652 649 1691 lectione
673 1651 874 1702 displicet
900 1661 986 1689 tum
1013 1652 1199 1690 formula
1226 1649 1400 1689 dicendi
1426 1650 1615 1691 τίθεσθαί

139 1724 175 1747 τι
198 1703 492 1757 ὁυςτρόςοὸον,
526 1706 753 1745 admodum
782 1721 926 1760 aspera
951 1708 1048 1756 illa,
1080 1722 1158 1746 nec
1178 1707 1324 1754 alteri,
1358 1708 1401 1748 ἐν
1428 1706 1614 1760 παρέργῳ

140 1780 176 1803 τι
208 1766 418 1811 τίθεσθαι,
459 1765 546 1801 ullo
578 1762 705 1801 modo
741 1764 1036 1813 concilianda,
1081 1774 1171 1802 turn
1204 1763 1386 1802 maxime
1419 1762 1615 1814 syntaxis

141 1834 295 1858 vocum
318 1820 358 1859 ἕι
362 1821 489 1867 τευξις
507 1828 549 1856 et
576 1815 861 1869 ὄυςποὸςοδος.
906 1820 1050 1874 Quum
1072 1821 1186 1860 enim
1210 1818 1496 1872 δυςπρόςοδον,
1531 1833 1616 1870 qua

142 1889 248 1913 voce
274 1875 478 1928 imprimis
502 1874 601 1930 Poly
594 1876 689 1914 hius
714 1874 857 1914 crebro
895 1877 1056 1925 utitur,
1093 1890 1256 1927 semper
1275 1875 1489 1929 significet
1513 1888 1615 1925 rem,

144 1934 212 1971 vel
242 1934 410 1978 locum,
441 1934 509 1970 vel
544 1931 783 1980 hominem,
814 1932 869 1971 acl
900 1949 1011 1987 quem
1040 1932 1217 1989 difficilis
1235 1943 1288 1970 est
1308 1932 1452 1980 aditus,
1486 1929 1617 1969 idem-

143 2002 227 2041 que
250 1988 336 2027 fere
357 1988 428 2037 sit,
464 1987 578 2041 quod
600 1988 885 2041 ὄυςποόςιτον·
918 1990 1087 2038 ἔντευξις
1107 2003 1187 2043 qua
1210 1989 1377 2027 ratione
1399 1989 1617 2039 δυςποόςο·

146 2047 215 2091 δος
238 2043 336 2081 dici
351 2044 513 2097 possit,
545 2045 650 2097 quin
673 2039 848 2100 linguae
876 2045 1044 2100 legibus
1077 2046 1141 2084 vis
1169 2045 1399 2094 inferatur,
1433 2058 1518 2081 non
1544 2043 1617 2082 vi-

146 2100 241 2138 deo.
304 2100 516 2139 Notiones
539 2101 650 2139 enim
676 2104 790 2155 ejus,
824 2101 876 2140 ad
899 2103 1015 2156 quod
1037 2115 1227 2141 accessus
1250 2110 1312 2141 est
1334 2077 1537 2149 difficilis,
1573 2108 1617 2138 et

147 2159 262 2207 ejus,
297 2156 413 2208 quod
439 2155 669 2196 difficulter
696 2157 897 2197 accedere
921 2169 1089 2212 potest,
1123 2161 1251 2211 longe
1283 2166 1385 2195 sunt
1418 2155 1618 2194 diversis-

144 2213 297 2260 simae,
331 2227 466 2266 neque
497 2214 669 2265 utrique
693 2215 737 2252 in
767 2229 856 2253 uno
880 2214 1114 2268 eodemque
1147 2213 1356 2253 vocabulo
1383 2216 1502 2251 locus
1525 2226 1616 2251 esse

142 2278 300 2321 potest.
361 2269 452 2309 Jam
486 2270 522 2307 si
554 2283 675 2322 quem
703 2270 747 2307 in
779 2273 951 2325 vulgata
983 2272 1169 2311 lectione
1201 2269 1390 2309 ostendat
1424 2269 1615 2307 defectus

143 2324 260 2363 verbi
295 2324 585 2372 Substantivi,
629 2325 744 2378 quod
780 2326 952 2376 Solane,
985 2328 1059 2381 qui
1094 2326 1249 2364 variam
1285 2327 1511 2365 lectionem
1545 2339 1615 2362 re—

145 2381 353 2434 quireret,
397 2381 602 2420 accidisse
634 2381 828 2432 videtur,
870 2398 962 2421 cum
996 2399 1044 2423 eo
1084 2383 1336 2434 conjiciam,
1370 2391 1443 2420 aut
1471 2377 1500 2437 ἧ
1528 2395 1616 2421 esse

144 2437 528 2490 interponendum,
569 2448 641 2475 aut
671 2439 816 2491 potius
850 2439 1102 2493 legendum:
1157 2438 1209 2490 μὴ
1244 2424 1518 2492 ὁυςπρόςοδος
1549 2434 1616 2478 ὧν

144 2495 187 2535 ἐν
208 2497 391 2550 παρέργῳ
416 2499 551 2545 θῆται.
596 2495 925 2533 Nominativum
950 2506 1059 2535 certe
1085 2495 1351 2534 1etinendum
1370 2509 1483 2545 esse,
1516 2508 1615 2533 con-

145 2561 304 2590 stanter
323 2550 590 2590 contendam.
623 2551 780 2588 me.

254 2606 919 2660 Εαι1.1.11.Πεηιτουςξείους)
950 2608 1046 2646 Etsi
1069 2603 1617 2659 alamgnpdguvdfrequen-

147 2662 235 2700 tius
255 2665 464 2713 occursu,
497 2679 619 2717 quam
653 2666 768 2716 περὶ,
804 2675 849 2702 ut
870 2680 993 2716 supra
1018 2665 1327 2714 indicavimus,
1362 2673 1502 2703 tamen
1528 2676 1614 2699 non

148 2719 298 2772 rejicio
333 2724 561 2774 vulgatam.
622 2721 691 2760 Sic
721 2723 809 2759 fere
844 2722 979 2772 infra,
1010 2721 1055 2761 in
1081 2722 1238 2776 Quom.
1264 2720 1365 2761 hist.
1387 2735 1424 2759 c.
1450 2724 1488 2763 4
1518 2715 1614 2771 μηόὲ
