1834 3188
250 129 349 173 408
602 141 1360 175 ADNOTATloNES

253 241 296 277 lo
318 236 442 275 aliter
462 249 504 275 se
529 235 708 282 habeat.
742 252 838 278 cum·
869 241 973 279 alter
994 238 1064 278 ille
1088 241 1294 280 articulus
1317 241 1434 282 aliud
1458 256 1613 282 nomen
1634 241 1717 282 ha-

257 294 353 334 beat
379 295 597 346 junctum,
639 294 880 347 cujusmodi
906 295 1206 347 repetitionem
1241 297 1370 337 nimis
1403 313 1491 338 esse
1521 300 1718 354 frequen-

258 360 342 391 tem
365 363 414 390 ac
437 348 579 400 pueris
610 361 754 389 notam
788 350 903 391 dicet
921 353 1081 402 lector,
1115 354 1252 406 qualis
1281 365 1345 394 est
1372 355 1446 394 illa
1470 355 1513 392 in
1540 357 1580 395 S.
1606 355 1722 394 Ora-

259 407 381 445 tione
399 406 531 449 Dom.
552 404 621 448 τὸν
642 405 764 459 ἄρτον
783 405 898 461 ἡμῶν
925 407 994 451 τόν
1016 409 1242 461 ἐπιούσιον,
1274 414 1342 450 vel
1362 410 1465 451 haec
1484 411 1724 465 Hippocra-

260 464 312 504 tis
334 462 375 501 S·
398 462 433 505 I.
458 461 605 515 aphor.
624 468 686 506 16.
709 465 772 505 καὶ
793 469 921 506 τοῖσιν
940 463 1135 518 ἄλλοισιν,
1167 473 1292 508 τοῖσιν
1313 467 1441 516 οὕτως
1463 469 1727 518 εἰθισμένοισι

263 516 539 570 διαιτᾶσθαι.)
571 518 689 572 Quid
715 520 848 574 igitur
864 521 980 560 dicas
1003 522 1053 561 de
1073 525 1170 562 loco
1192 523 1276 563 isto
1291 523 1433 563 Galeni
1452 524 1502 562 ad
1517 524 1726 576 Hippocr.

265 585 341 620 art,
369 588 490 628 quem
513 575 673 617 Fo'e'sius·
701 576 877 616 adducit
907 592 960 618 ex
990 592 1064 616 sua
1093 579 1235 619 Galerii
1262 580 1364 619 edit.
1388 594 1427 633 p.
1447 585 1543 624 624.
1572 585 1639 624 34.
1659 580 1729 621 καὶ

268 635 309 675 οἱ
324 629 438 674 τόνοι
466 627 546 673 oin&
574 637 653 673 τῶν
674 632 988 686 ἐπικαιροτάτων
1007 639 1088 676 τῶν
1118 638 1160 678 ἐν
1181 641 1236 691 τῷ
1261 633 1431 689 σώματι,
1466 650 1575 674 anne
1594 635 1658 673 ibi
1677 649 1730 673 ex

265 688 462 741 proxime
483 701 723 743 praegressa
740 690 902 741 syllaba
924 693 1030 731 male
1052 693 1277 744 repetitum
1301 692 1479 733 credas?
1511 693 1606 745 Ego
1627 705 1730 730 non.

270 742 353 784 Sed
379 742 490 784 addo
522 759 688 783 rursum
713 746 931 789 Herodian.
955 748 1007 789 L.
1027 753 1072 798 2,
1094 754 1134 798 2,
1169 755 1234 793 16.
1262 747 1284 791 ὁ
1306 753 1435 802 δῆμος
1458 745 1478 790 ὅ
1505 745 1732 799 “Ρωμαι’ων.

269 801 485 852 Ejusdem,
512 809 554 840 et
573 802 681 841 alius
702 803 868 855 generis
888 807 1155 856 pleonasmos
1178 806 1348 849 articuli
1372 816 1414 844 et
1432 803 1734 857 pronominum

269 854 358 896 vid.
385 855 430 896 in
464 866 575 898 nott.
604 857 744 910 Jensii,
776 859 936 909 Solani,
968 871 1011 899 et
1040 861 1325 900 Hemsterhusz'i
1346 861 1397 900 ad
1429 863 1547 899 Dial.
1572 859 1734 899 Marin.

271 912 355 953 III.
391 913 461 964 (p.
484 912 612 965 hujus
632 914 733 955 edit.
758 919 853 958 417.
877 930 938 967 sq.
960 917 1056 958 Vol.
1078 917 1166 972 II.)
1207 920 1370 960 ΚΕΗ-Ζ.
1431 915 1737 956 Diversissima

272 968 368 1017 hio,
402 977 444 1006 et
467 983 488 1007 e
511 968 810 1013 diversissimis·
838 973 1117 1026 scriptoribus
1151 976 1304 1026 petita,
1340 977 1532 1025 exempla
1555 985 1739 1023 conges-

275 1024 331 1063 sit
351 1024 548 1074 Reitzius,
585 1031 904 1078 quorum'nullo
926 1028 993 1079 id,
1027 1029 1140 1084 quod
1161 1031 1322 1080 voluit,
1356 1029 1574 1083 probatur.
1635 1029 1740 1066 Pro-

274 1080 407 1121 bandi
434 1080 515 1121 vim
540 1081 713 1123 haberet
734 1086 853 1131 locus
875 1085 1017 1124 Somn.
1041 1101 1074 1125 c.
1099 1090 1161 1130 15.
1189 1087 1225 1125 si
1246 1085 1342 1125 vere
1363 1086 1422 1123 ibi
1442 1089 1652 1139 legeretur
1670 1087 1743 1135 τῆς

277 1137 319 1179 δὲ
345 1141 416 1188 τῆς
445 1136 729 1192 δικαιοσύνης,
762 1154 839 1179 nec
865 1141 1009 1194 potius
1031 1143 1258 1196 legendum
1288 1152 1394 1181 esset
1425 1144 1539 1194 τῆςδε
1563 1145 1634 1192 τῆς
1665 1142 1740 1180 δικ.

278 1207 402 1249 quam
437 1194 665 1235 lectionem
699 1196 880 1247 praeivit
914 1207 1093 1249 utraque
1126 1198 1296 1240 Aldina.
1361 1199 1494 1250 Saepe
1527 1207 1664 1235 autem
1695 1196 1742 1233 in

276 1249 405 1300 hujus
420 1250 587 1303 generis
601 1251 811 1305 scriptura
834 1267 856 1291 a
877 1252 1063 1294 librariis
1083 1268 1171 1294 esse
1192 1265 1412 1306 peccatum
1434 1253 1588 1307 Passim
1613 1267 1634 1292 a
1649 1251 1742 1292 VV.

279 1306 388 1348 DD,
416 1305 680 1345 observatum
711 1318 795 1354 est,
828 1319 877 1347 ut
907 1323 928 1349 a
960 1310 1132 1350 Dorvill.
1162 1310 1213 1349 ad
1256 1310 1400 1351 Charit.
1427 1325 1466 1363 p.
1489 1313 1586 1353 224.
1620 1308 1743 1359 Lips.

287 1361 455 1402 lVeisltio
476 1361 526 1402 de
549 1364 827 1405 Pleonasmm.
852 1371 972 1417 p.39‚
994 1366 1066 1421 qui
1089 1379 1253 1420 praeter
1269 1367 1436 1408 Somnii
1455 1369 1596 1406 locum
1619 1364 1747 1404 etiam

282 1418 412 1458 alium
434 1432 484 1459 ex
507 1419 693 1472 ejusdem
712 1421 888 1463 Luciani
912 1423 1008 1463 Ver.
1033 1423 1146 1461 Hist.
1172 1424 1212 1472 I,
1237 1430 1276 1467 2.
1302 1427 1426 1465 τῶνδε
1445 1427 1526 1463 ταῖν
1549 1437 1748 1476 συγγραμ-

282 1471 417 1527 μάτων
439 1484 551 1516 recte
576 1490 597 1514 a
619 1477 726 1516 falso
750 1477 1078 1533 Reitziijudicio
1100 1479 1307 1518 defendit.
1347 1480 1440 1518 Nec
1463 1478 1629 1516 faciunt
1651 1476 1748 1525 huc,

284 1540 332 1568 ut
356 1539 467 1568 recte
484 1531 726 1582 Dorvillius,
759 1536 788 1574 l.
812 1537 838 1575 1.
861 1545 1031 1584 monet,
1068 1549 1176 1588 quae
1202 1535 1252 1573 ad
1283 1535 1420 1574 Diall.
1444 1534 1577 1574 Matr.
1595 1533 1676 1572 ΠΙ.
1699 1531 1750 1570 de

287 1586 501 1640 geminato
526 1589 709 1630 articulo
733 1589 910 1641 probare
925 1590 1018 1629 Viri
1038 1591 1173 1632 Docti
1197 1592 1340 1630 conati
1365 1601 1476 1630 sunt.
1535 1590 1628 1627 Imo
1651 1602 1752 1626 vero

287 1641 507 1683 considera
530 1645 656 1683 modo
679 1643 780 1686 haec
811 1644 896 1686 duo
915 1649 1009 1687 loca
1028 1647 1163 1689 Diall.
1186 1648 1319 1690 Blarr,
1339 1649 1384 1694 I,
1420 1652 1456 1689 1.
1488 1643 1568 1695 δ’,τε
1597 1641 1755 1696 ὀφθαλ-

286 1698 359 1755 μὸς
381 1699 605 1752 ἐπιπρέπει,
638 1710 679 1741 et
701 1700 820 1752 XIV,
844 1707 884 1746 3.
905 1701 1008 1755 τό,τε
1027 1708 1105 1747 τῶν
1133 1701 1346 1756 Τριτώνων
1362 1698 1493 1757 γένος,
1515 1716 1621 1756 quae
1638 1701 1674 1738 Si
1694 1700 1754 1738 ita

287 1754 470 1807 scripta:
503 1754 584 1803 ὅ,τε
616 1753 637 1798 ὅ
660 1752 878 1811 ὀφθαλμὸς
898 1769 939 1798 et
957 1756 1059 1808 τό,τε
1080 1765 1161 1801 τῶν
1189 1758 1399 1812 Τριτώνων
1415 1757 1460 1800 τὸ
1480 1760 1595 1812 γένος
1615 1755 1756 1795 subti-

287 1811 341 1852 lis
368 1812 480 1853 auris
512 1813 622 1855 ferre
656 1824 826 1867 posset,
860 1824 947 1852 tum
982 1829 1082 1856 vero
1115 1816 1239 1854 etiam
1268 1815 1310 1854 h.
1334 1818 1362 1854 1.
1396 1813 1664 1854 tolerandum
1691 1813 1759 1850 fa-

289 1877 398 1907 terer
419 1882 508 1909 esse
528 1867 630 1918 τό,τε
650 1872 789 1913 τοίνυν
812 1868 856 1911 τὸ
874 1875 1047 1923 πλῆθος.
1109 1871 1262 1923 Neque
1283 1881 1422 1910 tamen
1442 1871 1479 1909 J.
1505 1870 1673 1922 Seagero
1694 1883 1756 1906 as-

290 1924 474 1972 sentior,
509 1925 742 1977 corrigenti
773 1924 892 1970 τοῦτό
921 1944 961 1969 τε
987 1930 1127 1971 τοίνυν
1156 1927 1200 1968 τὸ
1229 1932 1410 1981 πλῆθος,
1441 1940 1572 1979 quum
1607 1923 1757 1964 Codex

289 1981 356 2023 M.
391 1989 432 2020 et
462 1980 574 2024 Edd,
609 1981 658 2022 B.
682 1987 722 2025 2.
745 1988 785 2026 3.
815 1983 1163 2037 praestantiorem
1194 1983 1305 2024 viam
1340 1982 1592 2033 ostendant,
1623 1983 1756 2020 altero

290 2035 474 2078 articulo
495 2037 665 2078 omisso.
708 2039 799 2080 Hos
822 2053 902 2092 ego
924 2038 1071 2091 duces,
1093 2053 1200 2091 quos
1220 2039 1347 2080 etiam
1370 2038 1543 2079 solanus
1561 2036 1761 2090 probasse

293 2090 484 2141 videtur,
509 2106 596 2132 non
622 2093 868 2135 dubitabam
889 2095 1025 2147 sequi.
1086 2095 1189 2135 Non
1214 2094 1403 2136 diffiteor
1429 2104 1590 2142 tamen,
1621 2092 1658 2131 si
1682 2106 1759 2144 pro

292 2147 418 2197 zo'sre,
450 2147 568 2202 quod
605 2150 692 2189 fere
720 2150 882 2192 editum
916 2151 1125 2203 reperitur
1154 2149 1199 2193 τό
1229 2168 1290 2201 τε,
1323 2165 1498 2205 usquam
1526 2149 1760 2201 scripturae

292 2202 410 2250 τάδε
442 2203 668 2258 vestigium
701 2205 1096 2260 deprehendissem,
1127 2206 1237 2247 hanc
1258 2222 1344 2258 me,
1377 2216 1544 2247 servato
1577 2204 1758 2243 articulo

294 2262 511 2316 sequenti,
546 2261 743 2303 omnibus
766 2262 861 2304 aliis
885 2265 1170 2316 praelatarum
1195 2263 1339 2304 fuisse.
1385 2264 1542 2303 LEHM.

409 2318 508 2371 Pag.
528 2323 595 2365 59·
621 2321 647 2360 l.
675 2324 712 2363 1.
739 2315 944 2364 Ἀπολύσω
963 2324 1035 2373 τῆς
1053 2315 1254 2376 ἀπορίας)
1283 2319 1346 2361 Ut
1368 2319 1414 2360 in
1437 2318 1560 2374 Nigr,
1581 2326 1624 2357 et
1644 2315 1763 2354 Her-

297 2376 377 2415 cul.
399 2374 507 2415 Gall.
532 2383 574 2413 et
598 2373 767 2429 passim.
815 2376 993 2418 Bovnn,
1283 2399 1286 2402 ⁴

408 2430 512 2473 Eud.
534 2432 561 2474 l.
581 2436 621 2475 ὃ,
645 2427 714 2475 ”H
724 2432 801 2476 τίνι
821 2435 898 2477 τῶν
919 2427 1156 2486 ἡγεμόνων)
1187 2431 1313 2477 Βνοτῖ.
1336 2431 1521 2471 ΜίεοεῙΙ.
1544 2428 1622 2468 ΙΧ.
1645 2441 1680 2467 c.
1697 2431 1761 2470 16.

301 2483 344 2524 in
368 2500 444 2527 suo
466 2487 695 2540 exemplari
717 2489 861 2541 legens
892 2490 958 2532 καὶ
979 2490 1015 2532 τί
1036 2493 1116 2531 τῶν
1137 2485 1373 2543 ἡγεμόνων,
1403 2484 1574 2525 restitui
1595 2482 1765 2522 VOIebat

302 2542 400 2589 τίσι,
433 2555 519 2581 non
547 2542 783 2586 immerstm
818 2543 892 2585 sed
922 2559 1015 2585 cum
1037 2547 1118 2597 jam
1143 2547 1220 2587 τίνι
1242 2543 1458 2584 inveniam
1486 2542 1530 2578 in
1557 2539 1669 2580 Edd.
1691 2539 1765 2589 ni-

303 2595 366 2636 hil
389 2610 496 2650 opus
517 2608 580 2636 est
604 2601 846 2650 conjectura
870 2603 962 2644 τίσι.
992 2601 1155 2644 ΡιιειτΖ,
1205 2600 1352 2653 Neque
1369 2596 1578 2637 Codicum
1598 2594 1762 2643 Pariss.5

304 2651 380 2708 qui
413 2655 490 2697 τίσι
520 2652 747 2705 exhibent,
779 2657 1011 2699 auctoritas
1035 2666 1198 2698 tantum
1230 2653 1343 2708 apud
1363 2667 1450 2700 me,
1483 2651 1566 2693 hoc
1595 2649 1764 2706 quidem
