1834 3188
356 249 1273 291 lNTYRANNICjDAm.
1446 236 1546 281 707

89 351 340 396 καταστάντα
362 352 559 407 judiciali
577 350 910 407 significatione,
936 349 1010 388 ubi
1027 347 1241 403 significat
1251 358 1353 387 stare
1373 348 1411 384 in
1431 345 1547 395 judi-

91 414 175 460 cio,
208 424 292 464 quo
325 425 450 450 sensu
484 411 690 449 consistere
721 406 965 447 Tertulliano
995 416 1037 446 et
1068 405 1163 444 aliis
1184 403 1306 446 ,JCtis
1330 405 1543 443 usitatum,

93 467 269 520 Thucyd·
293 467 339 518 I,
368 472 460 511 131.
486 468 726 518 καθίστησιν
748 462 890 506 ἑαυτὸν
912 465 950 511 ἐς
968 464 1099 517 κρίσιν
1124 479 1159 503 κ.
1179 480 1211 503 τ.
1233 467 1267 504 λ.
1299 459 1432 498 GESN·

202 545 306 586 Eacl.
325 549 354 586 1.
381 550 446 589 14.
486 549 564 598 Τῆς
589 542 752 599 γνώμης
781 540 936 597 μόνης)
966 542 1102 581 Antea
1133 540 1179 578 in
1204 539 1402 579 omnibus
1428 538 1550 578 aliter

90 602 504 657 interpungebantur
528 601 632 641 haec
661 599 811 650 verba,
843 611 884 638 et
911 596 1033 651 μόνος
1060 612 1138 650 pro
1165 595 1292 649 μόνης
1312 595 1547 649 legebatur,

90 659 145 698 ad
163 659 279 698 hunc
309 658 502 697 modum:
535 656 756 712 ἐπειράθην
782 662 854 709 τῆς
876 654 1055 710 γνώμης,
1087 652 1211 706 μόνως
1231 663 1306 694 etc.
1333 655 1453 690 nullo
1475 659 1550 689 aut

89 725 201 755 certe
221 715 372 755 misero
397 729 548 764 sensu,
583 715 656 768 qui
683 728 796 751 nunc
830 716 980 766 longe,
1012 721 1060 751 ut
1086 721 1214 763 puto,
1245 710 1396 749 melior
1415 716 1549 761 appa—

87 781 168 812 ret.
208 771 376 811 SOLAN.
440 771 613 811 Solemus
645 771 689 808 in
725 770 760 808 J.
794 769 918 808 aliter
948 768 1207 807 distinxerat
1237 777 1277 806 et
1311 772 1551 804 correxerat

86 826 217 876 haec;
251 829 416 867 scilicet
450 829 532 866 sic:
564 830 817 880 ἐπεχείρησα,
848 823 1067 880 ἐπειράθην
1096 829 1167 875 τῆς
1200 842 1237 878 y.
1267 821 1393 875 μόνης
1424 819 1549 875 μόνος

88 883 198 934 ἄξιός
215 887 316 937 εἰμι,
348 884 375 923 i.
399 898 435 924 e.
458 894 507 922 ut
536 884 746 937 conjicio,
778 888 850 933 τῆς
880 880 1041 937 γνώμης
1071 880 1200 933 μόνης
1221 890 1299 919 etc.
1322 887 1370 917 ut
1401 889 1547 918 sensus

86 951 219 980 esset:
250 943 400 993 suscepi
421 942 637 993 negotium,
667 939 1002 996 periculumfeci3
1030 948 1188 991 propter
1205 936 1331 976 solam
1353 934 1451 974 adeo
1470 949 1548 973 vo·-

83 995 274 1036 luntatem
306 996 413 1036 solus
439 999 615 1050 praemio
644 996 784 1049 (lignus
805 1012 915 1036 sum:
943 995 1056 1036 ἕνεκα
1083 994 1195 1032 enim
1216 1003 1306 1031 tum
1326 1001 1423 1031 ante
1442 987 1550 1046 γνώ-

82 1069 162 1106 μης
181 1053 438 1107 relinquitur
454 1052 793 1107 intelligendum.
835 1052 937 1091 Non
959 1055 1080 1090 male.
1111 1051 1275 1088 Puzi'rz.
1335 1048 1436 1087 Non
1464 1060 1550 1085 ma-

84 1111 125 1149 le
146 1107 330 1164 quidem.
370 1108 453 1149 Sed
473 1123 561 1148 non
581 1109 733 1160 video,
767 1123 965 1163 quorsum
992 1122 1099 1161 opus
1123 1106 1179 1145 sit
1199 1105 1436 1144 mutatione
1457 1116 1549 1142 sen-

86 1164 250 1204 tentiae
269 1179 356 1204 non
375 1179 475 1204 sane
497 1165 694 1217 miserae,
725 1175 772 1204 ut
798 1165 946 1206 Δδὀἷαηο
968 1164 1128 1212 visum,
1161 1161 1233 1202 sed
1254 1159 1549 1215 probissimae,

87 1220 216 1260 modo
243 1220 484 1275 intelligas,
518 1221 622 1276 quid
643 1223 699 1260 sit
721 1228 940 1274 πειρᾶσθαι
968 1226 1039 1274 τῆς
1058 1218 1229 1274 γνώμης.
1287 1219 1422 1257 Recte
1448 1215 1552 1255 Ges-

87 1293 223 1318 uerus:
254 1280 379 1316 animi
398 1281 701 1332 experimentum
723 1278 838 1328 clare,
873 1279 899 1316 i.
922 1293 955 1319 e.
976 1279 1166 1331 specimen
1183 1275 1384 1324 exhibere,
1413 1272 1549 1312 ‘clocu-

85 1345 256 1372 mentum
285 1333 410 1385 eslere,
445 1334 601 1374 consilii
622 1351 804 1388 generose
834 1337 960 1388 capii,
993 1334 1063 1372 cui
1089 1343 1226 1371 tamen
1259 1337 1547 1381 eventus'non

84 1388 329 1442 respondit,
364 1404 494 1443 quum
513 1391 620 1429 alius
642 1390 686 1429 id
716 1392 773 1430 sit
796 1401 1036 1430 exsecutus,
1096 1391 1313 1427 Praeterea
1333 1401 1411 1426 nec
1433 1393 1548 1439 grate

88 1459 178 1485 sese
201 1447 468 1499 exceperint,
504 1446 664 1495 solani,
695 1448 844 1487 verba:
875 1444 1035 1504 γνώμης
1050 1444 1176 1500 μόνης
1197 1442 1336 1498 μόνος.
1394 1443 1549 1481 Imma-

88 1515 261 1541 neamus
287 1516 385 1556 ergo
409 1504 610 1557 vulgatiS.
641 1504 798 1545 Lm1n1.

200 1570 300 1622 Pag.
322 1574 417 1614 337.
452 1573 481 1609 l·
506 1576 546 1614 2.
592 1568 708 1612 Οὕτω
739 1573 913 1628 ῥᾷστον)
955 1572 1112 1610 ΠΪεΠεε
1144 1571 1344 1619 fortasse,
1374 1567 1548 1612 Lector,

86 1623 193 1668 οὕτω
216 1626 378 1682 ῥᾴδιον,
413 1626 512 1681 quia
531 1627 591 1666 sic
612 1628 814 1666 usitatius
833 1637 931 1681 post
949 1626 1146 1666 adverbia
1167 1623 1444 1674 intendendi3
1477 1619 1549 1659 sed

87 1682 186 1737 quia
207 1696 306 1721 mox
330 1682 515 1736 opponit
534 1682 577 1725 τὸ
597 1684 800 1738 μέγιστον,
833 1685 899 1725 καὶ
921 1684 1282 1738 δυςκατέργαστον,
1315 1679 1458 1718 studio
1480 1677 1551 1716 vi-

91 1741 213 1777 detur
240 1740 387 1795 ῥᾷστον
416 1740 678 1790 superlativo
703 1740 836 1794 gradu
863 1742 1078 1792 posuisse,
1112 1748 1159 1776 ut
1178 1752 1263 1776 non
1287 1735 1553 1783 facillimum,

87 1793 162 1834 sed
195 1795 422 1833 maximum
457 1803 499 1833 et
531 1794 830 1834 difficillimum
869 1796 1039 1835 facinus
1080 1795 1123 1833 id
1152 1794 1287 1832 fuisse
1319 1791 1549 1845 praedicet.

87 1851 241 1905 Neque
264 1861 411 1889 contra
431 1851 604 1904 linguae
628 1852 799 1906 genium
820 1866 922 1900 esse,
955 1862 1004 1890 ut
1030 1851 1163 1890 rarior
1187 1850 1241 1888 sit
1259 1848 1442 1896 locutio,
1475 1861 1552 1898 pa-

90 1916 154 1947 tet
181 1922 234 1946 ex
262 1908 403 1946 faceto
435 1908 605 1947 Lucillii
636 1923 761 1948 versu
789 1908 833 1946 in
862 1907 1085 1962 Anilzolog.
1119 1908 1171 1948 L.
1202 1912 1240 1948 2.
1271 1920 1304 1946 c,
1327 1909 1396 1949 32.
1435 1901 1551 1944 Οὕτω

90 1961 345 2017 κουφότατος
363 1965 454 2005 πέλε
480 1963 624 2016 Γάϊος,
653 1962 742 2013 659?
763 1965 956 2018 ἐκολύμβα
973 1975 1053 2004 etc.
1086 1965 1250 2002 Rem-z.

203 2042 307 2084 Ead.
329 2046 358 2084 1.
383 2047 421 2086 9.
456 2043 742 2099 Κατώρθωσε)
774 2042 910 2090 Vide,
945 2057 1052 2097 quae
1082 2042 1133 2082 de
1159 2041 1243 2080 hoc
1272 2038 1400 2080 verbo
1426 2038 1552 2089 dicta,

92 2113 217 2152 supra
237 2105 274 2143 1.
297 2100 396 2140 Ver.
420 2101 532 2141 Hist.
559 2115 646 2153 cap.
668 2106 817 2154 12-,pn
835 2099 941 2140 adde
970 2115 1071 2139 mox
1094 2113 1183 2152 cap.
1205 2101 1270 2141 19.
1289 2093 1554 2151 κατορθωμά·

94 2173 173 2198 των
194 2170 271 2209 pro
293 2157 474 2211 egregiis
494 2156 631 2195 factis.
660 2158 822 2196 RmTz.

206 2211 303 2265 Pag-
326 2214 471 2257 339.1.
499 2218 536 2255 1.
579 2212 809 2266 Δεσπότης)
846 2215 929 2254 Pro
959 2212 1189 2267 tyrannico
1220 2208 1401 2262 imperio
1426 2207 1552 2248 etiam

95 2267 210 2307 Gaui
230 2267 308 2307 hac
341 2283 445 2309 voce
475 2268 684 2323 adjective
715 2280 920 2321 utuntur,
953 2283 1086 2324 aeque
1116 2283 1162 2307 ac
1181 2266 1381 2307 Germani
1399 2275 1441 2305 et
1458 2265 1552 2304 Bel-

93 2339 182 2381 gae.
210 2326 375 2365 Rex-rr„

208 2381 313 2422 Eacl.
335 2385 362 2423 l.
379 2386 419 2426 7.
448 2379 566 2424 ‘Tadu
589 2384 631 2424 ἒν
662 2380 832 2440 ἡλικίᾳ)
858 2381 1044 2434 ”Ηλικία,
1074 2377 1161 2425 κατ’
1196 2377 1336 2433 ἐξοχὴν
1366 2378 1417 2418 de
1443 2376 1555 2416 ado-

85 2438 300 2492 lescentia
326 2437 506 2488 dicitur,
537 2448 578 2479 et
609 2439 698 2491 illi,
733 2440 806 2491 qui
837 2441 882 2478 in
912 2438 1039 2496 ἀκμῇ,
1073 2440 1118 2478 in
1139 2437 1241 2477 flore
1267 2436 1417 2476 aetatis
1437 2442 1552 2482 sunt,

99 2493 302 2534 dicuntur
322 2492 424 2536 εἶναι
450 2497 490 2537 ἒν
508 2492 651 2549 ἡλικίᾳ.
719 2496 876 2551 Ulpiarz.
900 2497 950 2536 ad
969 2495 1149 2548 Olynth.
1175 2495 1207 2534 I.
1243 2491 1441 2532 Demosth.
1470 2485 1555 2541 ἦλι·

98 2553 166 2594 κὶα
183 2552 378 2604 ἐξαίρετος
399 2552 558 2594 ἐπὶτῶν
577 2553 793 2604 νεωτέρων.
853 2555 903 2593 In
927 2553 1116 2604 Philipp.
1138 2551 1222 2591 ΙΙΙ.
1250 2549 1449 2589 Demostlz.
1469 2544 1488 2588 ὅ
1514 2547 1555 2586 ἐν

98 2605 232 2663 ἡλικίᾳ
260 2607 496 2661 opponitur
529 2611 822 2662 πρεσβυτέρως.
887 2609 1059 2664 ΊἸιιιφτῖ.
1082 2609 1135 2647 L.
1159 2607 1234 2648 VI.
1264 2620 1299 2644 c·
1319 2610 1384 2649 24.
1408 2609 1492 2652 τοῖς
1514 2599 1551 2643 «δ’

101 2665 145 2705 ἓν
173 2669 221 2720 τῇ
243 2661 387 2718 ἡλικίᾳ,
447 2665 505 2703 Et
531 2666 585 2704 L.
610 2665 707 2705 Vll.
741 2681 774 2706 c.
799 2672 866 2710 60.
901 2667 1002 2705 ch.
1024 2666 1138 2704 Hist.
1165 2664 1235 2705 Gt.
1259 2663 1313 2701 L.
1334 2662 1370 2700 Ῑ.
1391 2675 1433 2714 p.
1459 2663 1554 2704 446.

102 2719 201 2758 Pari
218 2720 345 2760 modo
368 2720 538 2759 Latinis
561 2733 665 2760 aclas
689 2733 929 2775 usurpatur.
977 2722 1066 2762 Liv.
1089 2720 1243 2769 XLII,
1261 2723 1330 2763 34.
1357 2717 1449 2757 Cum
1467 2718 1558 2769 pri<

106 2793 209 2815 mum
240 2779 279 2816 in
305 2788 466 2816 aclalcm
498 2781 594 2818 ι’σκιί.
638 2779 688 2818 L.
717 2781 820 2820 Bos.
884 2780 931 2818 In
964 2777 1144 2832 Epicuri
1173 2783 1423 2818 testamento
1448 2769 1557 2826 apud
