1834 3188
439 222 1248 261 ικιιΛιιΜοΝιιιΕΜ.
1419 200 1575 259 Κ509

108 326 198 367 Ubi
219 323 506 366 scholiastes.
536 325 723 378 ἔμελλον,
755 320 923 379 ἐῴκειν,
956 318 1209 387 ε’νομιζόμην.
1243 320 1422 364 GnAnv
1481 321 1578 361 Lu-

108 388 247 424 cianus
267 382 318 422 ad
339 384 517 422 amicum
529 379 751 451 quendam
777 393 926 430 suum,
970 379 1108 420 virum
1131 379 1393 446 principem,
1430 375 1580 420 'Enno-

108 439 294 494 πούμην,
326 439 494 493 inquit,
528 437 633 488 όςτις
651 436 814 506 ἄριστος
840 439 901 490 εἴη
924 453 1006 478 των
1022 438 1066 479 ἐν
1087 441 1140 492 τῇ
1157 433 1295 486 πόλει,
1327 437 1397 477 καὶ
1420 433 1498 477 ὅτω
1515 453 1579 477 πι-

109 496 326 539 στεύουσιυ
350 499 390 538 οἵ
411 494 544 545 ἄλλοι,
573 497 639 537 καὶ
667 492 712 543 ὃς
737 490 827 536 οἷντὶ
854 493 1019 536 πάντων
1043 488 1245 560 ἀρκέσειεν
1270 491 1331 534 ὄῖν.
1397 479 1512 535 Ου’τω
1539 493 1581 535 δὲ

111 553 190 608 ἄρα
211 552 259 596 σύ
282 555 434 606 ἔμελλες
451 550 558 621 ἡμῖν
566 554 791 604 φαίνεσθαι
810 554 866 607 τῷ
888 553 1027 603 δικαίῳ
1047 549 1175 623 λόγιῳ,
1208 547 1318 591 dvm?
1303 566 1344 603 ρ
1374 547 1419 591 τὸ
1451 549 1582 602 κεφά-

110 617 251 661 zazou,
282 615 354 664 τῆς
372 608 514 663 ἀρετῆς
533 606 692 661 ἇπασης
710 605 878 663 γνώμων
899 609 1021 664 φασὶ,
1062 609 1130 649 καὶ
1152 605 1172 649 ὅ
1197 604 1323 660 ὀρθὸς
1344 605 1484 648 κανών
1503 612 1582 648 τῶν

109 666 320 711 τοιούτων.
380 667 573 721 Apparet
599 662 913 705 rescribendum
938 665 1057 713 οὗτος
1075 678 1151 718 pro
1179 662 1297 706 οὕτω.
1356 664 1582 703 Lucianus

111 725 279 764 scilicet
301 724 392 777 ipse
418 736 591 777 quoque
612 731 739 761 notus
775 719 866 760 fieri
898 721 1075 774 cupiens
1109 720 1331 767 omnibus,
1362 719 1584 759 Timothei

112 780 341 821 consilium
365 789 557 828 secutus,
593 777 847 832 Cogitabam,
880 776 1045 832 inquit,
1079 781 1166 832 quis
1194 779 1335 817 civium
1357 788 1451 816 esset
1474 779 1586 830 opii-

111 854 223 888 mus,
256 848 291 876 et
312 838 422 886 cujus
440 834 646 875 consilium
669 845 912 889 sequerentur
937 833 1098 900 reliqui,
1138 836 1280 888 quique
1308 833 1405 872 mihi
1415 833 1587 889 futurus

114 905 209 933 esset
235 897 361 932 instar
386 894 572 930 omnium.
632 890 674 930 Is
693 907 782 930 vero
801 902 844 929 1ιι
857 893 946 944 jure
968 893 1105 930 merito
1128 891 1225 929 mihi
1243 890 1369 929 videri
1392 889 1587 941 debebas,-

113 949 295 1006 quodque
313 964 406 987 sane
420 950 674 1002 praecipuum
694 959 769 997 esi,
804 949 930 986 omnis
949 949 1104 986 virtutis
1122 962 1283 997 norma,
1313 957 1357 985 ut
1375 949 1506 999 ajunt,
1538 961 1587 984 ac

112 1017 221 1046 recta
239 1004 380 1044 talium
400 1004 547 1058 regula.
605 1005 657 1043 Iu
676 1003 840 1043 ultimis
861 1014 1032 1043 secutus
1061 1017 1151 1042 sum
1183 1003 1586 1056 interpretationem

118 1061 297 1112 Graevii,
331 1075 456 1116 quam
481 1062 548 1100 vir
569 1060 642 1101 ille
662 1063 712 1101 cl.
733 1063 910 1130 vulgata
933 1063 1068 1099 multo
1090 1059 1307 1099 meliorem
1331 1059 1403 1098 dat
1424 1074 1466 1112 p
1488 1062 1585 1102 978.

115 1119 348 1187 Sequitur,
379 1120 415 1160 εἰ
438 1119 479 1160 δέ
498 1132 563 1160 σοι
580 1120 748 1190 δείξαιμι
766 1115 896 1170 τᾶμα,
925 1117 995 1158 καὶ
1023 1114 1071 1158 σῦ
1093 1117 1339 1166 ἐπαινέσειας
1364 1113 1488 1165 αὐτὰ,
1526 1117 1588 1167 εἴη

114 1174 191 1231 γὰρ
214 1173 314 1218 οὕτω
337 1174 613 1228 φανήσεσθαι,
646 1176 715 1215 καὶ
740 1172 790 1227 δὴ
818 1175 882 1216 ἐπὶ
901 1176 1025 1228 πέρας
1042 1172 1156 1226 ἥκειν
1179 1190 1227 1226 με
1254 1177 1327 1226 τῆς
1358 1174 1518 1219 ἐλπίδος
1545 1173 1590 1213 ἐν

114 1237 190 1289 μιᾷ
205 1230 337 1287 ψήφῳ
359 1249 429 1281 τας
449 1229 611 1280 ἁπάσας
630 1227 817 1286 λαβοντα.
849 1230 921 1271 Sic
943 1229 1239 1270 connectenda
1262 1228 1368 1269 haec
1391 1228 1588 1277 arbitr-,or

116 1274 286 1328 su‘blato
305 1298 405 1341 post
427 1286 685 1341 φανήσεσθαι
707 1297 884 1340 puncto,
902 1285 1050 1342 quod
1039 1301 1082 1325 m
1105 1289 1283 1340 vulgato
1305 1284 1587 1338 conspicitur.

113 1346 272 1385 Vetto:
306 1346 352 1384 Si
373 1356 499 1384 autem
520 1346 593 1385 tibi
608 1343 856 1384 ostendissem
882 1359 994 1394 mea,
1026 1354 1143 1410 tuque
1162 1359 1206 1381 ea
1227 1342 1455 1391 laudasses,
1481 1342 1590 1397 foret

116 1413 160 1441 ut
180 1404 238 1440 ila
258 1401 407 1440 viderer
427 1405 514 1455 jam
537 1403 619 1456 spei
640 1417 746 1440 meae
773 1403 978 1440 terminum
998 1401 1186 1456 tetigisse,
1216 1402 1259 1439 in
1285 1402 1400 1438 unius
1429 1399 1533 1454 srff·
1535 1413 1592 1435 a·-

112 1460 187 1524 gio.
202 1459 305 1514 ⁸¹ff
307 1460 400 1510 agia
421 1461 591 1497 omnium
615 1456 858 1511 complexus
889 1456 1212 1505 Jms.015wg
1231 1457 1282 1497 L
1305 1456 1370 1493 uti
1393 1454 1593 1493 emenda-

115 1514 155 1554 ri
175 1516 354 1567 jusserat
371 1513 743 1556 Jensius.So1,AN.
802 1514 1033 1579 Complura
1056 1512 1129 1552 hic
1145 1512 1340 1552 Βεῖίηιιε
1328 1526 1373 1549 m
1395 1511 1594 1551 versione

116 1570 278 1611 Latina
297 1570 538 1623 vituperat,
569 1585 670 1625 prae
696 1570 912 1624 imperitia
936 1570 1132 1618 scilicet,
1175 1569 1246 1608 cui
1269 1567 1447 1637 partim,
1480 1568 1516 1606 si
1534 1569 1596 1606 le-

121 1627 252 1694 gisset
272 1626 395 1666 Jensii
418 1637 460 1667 et
484 1627 643 1667 Graeviz
669 1636 820 1674 notas,
851 1626 1041 1666 succurri
1071 1625 1300 1680 potuisset.
1349 1621 1516 1674 Ὀτιπερ
1547 1620 1593 1664 td

120 1681 347 1736 κεφάλαιον
376 1684 559 1736 primum
585 1699 638 1723 ne
661 1685 722 1723 sic
743 1655 916 1738 quidem
943 1683 1077 1722 vertit
1109 1681 1321 1731 Gesnerus,
1351 1689 1402 1719 ut
1431 1681 1597 1720 Belinus

124 1739 276 1779 tradit.
310 1755 352 1778 ce
367 1742 436 1794 qui
453 1751 547 1779 vaut
570 1757 705 1781 encore
726 1742 875 1780 mieux.
933 1740 1093 1778 Latina
1123 1738 1275 1779 verba·
1307 1736 1416 1792 quod
1441 1737 1599 1792 quidem

124 1807 244 1850 caput
264 1806 337 1844 est,
370 1798 497 1849 plane
519 1796 637 1835 aliud
660 1796 766 1851 quid
788 1799 953 1846 valent,
986 1794 1103 1849 quod
1129 1809 1280 1834 censor
1307 1808 1394 1833 nou
1422 1794 1600 1833 intelle-

124 1853 240 1892 xisse
260 1851 458 1906 videtur3
491 1851 608 1906 quod
629 1864 769 1892 autem
793 1851 938 1890 illud'
927 1866 1067 1904 1psum
1094 1861 1179 1900 est,
1213 1848 1329 1906 quod
1352 1849 1455 1889 haec
1485 1864 1598 1896 vox,

127 1908 376 1962 saepissime
411 1909 525 1961 apud
559 1919 752 1949 nostrum
782 1909 1034 1962 scriptorem
1068 1921 1322 1953 occurrens,
1367 1905 1600 1960 significat.

126 1966 239 2006 Nam
274 1967 392 2019 quod
422 1965 586 2005 Belinus
614 1965 865 2005 substituit.
909 1982 954 2004 en
975 1964 1133 2018 abrege,
1167 1966 1237 2003 vel
1254 1980 1357 2027 pour
1377 1962 1412 2002 le
1441 1961 1524 2001 (lire
1555 1979 1602 2000 en

127 2039 182 2061 un
204 2032 308 2072 mot,
343 2021 387 2060 id
404 2037 456 2062 ex
478 2036 593 2062 mero
612 2022 790 2062 arbitrio
813 2021 885 2063 hic
914 2031 1098 2060 sumtum
1125 2035 1214 2060 non
1248 2029 1332 2070 est,
1365 2018 1484 2073 quod
1512 2019 1602 2057 lin-

131 2091 239 2132 guae
256 2078 410 2131 peritis
429 2078 753 2120 demonstretur.
812 2077 987 2118 Deinde
1005 2076 1120 2132 quod
1137 2078 1293 2116 virtutis
1312 2078 1437 2116 omnis
1456 2089 1602 2128 repro·

131 2135 227 2184 bat,
260 2135 350 2188 ipse
372 2134 580 2174 reddens:
619 2135 666 2174 de
689 2147 776 2175 tous
793 2135 847 2175 les
870 2135 1018 2184 taleas,
1050 2134 1257 2182 nescivit,
1298 2132 1344 2171 id
1375 2133 1517 2186 ipsum
1546 2132 1603 2170 si·

133 2190 337 2244 gnificare
368 2191 576 2229 Romanis
601 2206 747 2232 vocem
773 2195 950 2242 virtutis,
985 2191 1146 2245 quippe
1167 2204 1276 2244 quae
1309 2190 1450 2229 omnia
1481 2188 1525 2226 in
1559 2202 1603 2227 se

132 2247 313 2286 honesta
334 2256 376 2286 et
396 2246 625 2286 laudabilia
647 2247 1001 2303 comprehendat,
1035 2247 1082 2286 in
1102 2257 1190 2286 arte
1214 2260 1341 2301 ergo,
1375 2259 1483 2299 quae
1505 2246 1602 2297 quis

132 2312 321 2357 praestat
344 2317 495 2367 magna
517 2312 560 2342 et
583 2304 763 2354 eximia,
795 2304 887 2344 sive
917 2304 1115 2359 iugenio,
1159 2303 1250 2343 sive
1280 2301 1493 2341 industria
1527 2315 1604 2340 sua

135 2369 179 2400 et
199 2357 479 2415 adsiduitate.
512 2358 582 2399 die
603 2359 855 2400 Verdienste
877 2359 980 2400 oder
999 2360 1222 2413 Vorziige‚
1256 2373 1334 2411 pro
1351 2357 1439 2397 loci
1464 2360 1606 2409 cujus·

139 2412 223 2470 que
250 2425 414 2455 natura.
474 2417 583 2455 Tum
619 2416 744 2456 etiam
785 2414 956 2472 γνώμων
987 2415 1094 2456 dicit
1121 2416 1270 2455 melius
1303 2413 1424 2453 reddi
1453 2413 1603 2462 index,

139 2486 268 2527 quum
291 2474 431 2527 imago
455 2473 512 2511 sit
536 2471 587 2511 ab
613 2472 843 2528 horologio
866 2473 1062 2528 repetita,
1073 2487 1212 2512 norma
1234 2481 1374 2510 autem
1399 2469 1486 2509 hue
1515 2484 1605 2509 non

139 2529 384 2569 conveniat,
443 2531 501 2568 At
530 2545 669 2569 norma
691 2539 754 2569 est
783 2529 850 2580 id,
879 2544 903 2570 e
939 2543 1025 2584 quo
1056 2542 1119 2568 res
1139 2527 1368 2581 judicatur.
1432 2526 1607 2581 Quodsi

141 2584 274 2638 igitur
297 2586 495 2640 princeps
522 2595 667 2626 noster
697 2586 886 2625 civitatis
919 2585 1080 2626 dicitnr
1107 2600 1246 2624 norma
1273 2585 1447 2633 virtutis,
1491 2583 1607 2621 nih1l

143 2639 188 2678 id
209 2642 326 2681 aliud
347 2645 462 2694 vult,
499 2657 622 2698 quam
643 2645 795 2698 vulgus
827 2642 877 2682 de
910 2641 1086 2683 artificis
1113 2640 1347 2680 virtutibus
1376 2641 1439 2678 ita
1469 2641 1607 2679 solere

138 2695 341 2752 judicare,
371 2699 439 2740 uti
457 2699 579 2741 illum
597 2697 739 2751 videt,
770 2697 956 2742 auditve.
1016 2697 1069 2738 In
1088 2711 1140 2738 eo
1162 2706 1318 2747 autem,
1345 2695 1464 2752 quod
1481 2709 1609 2750 supra
