1834 3188
427 200 1230 231 INHERMOT1MUM.
1465 183 1562 232 453

215 296 316 337 Eud.
339 299 367 335 1.
387 302 427 341 3.
463 297 686 349 Τελευτῶν)
719 298 790 338 Sic
817 312 940 351 supra
968 312 1004 339 c.
1033 301 1100 341 46.
1161 297 1247 335 Hic
1276 307 1416 335 rursus
1450 296 1559 337 Edd.

104 356 142 394 J.
164 355 220 393 A.
248 363 282 396 1.
312 354 367 395 H‘.
401 354 496 393 Par.
526 356 567 394 S.
605 369 706 409 quas
737 357 958 401 consului,
988 352 1179 395 τελευτῶν
1206 353 1397 393 adverbii
1429 367 1560 399 more,

103 425 189 448 non
210 415 419 460 τελευτῶν,
452 421 500 449 ut
522 411 627 450 Bud.
649 411 693 449 in
718 412 1151 452 Comment.R11'1·z
1213 410 1292 449 Sed
1314 411 1362 448 Β
1386 416 1425 453 3.
1448 419 1561 450 recte

103 466 244 505 edidit
264 473 474 516 τελευτῶν,
508 479 548 506 et
572 472 661 520 jure
682 482 758 506 suo
780 468 899 521 szp.
911 500 922 518 ,
957 468 1021 523 Se)
1022 468 1067 506 b.
1092 478 1134 507 et
1152 468 1283 508 Sclzm.
1307 481 1327 505 a
1350 466 1563 508 Reitzianct.

102 524 309 576 smiptura
345 534 615 566 recesserunt
676 523 773 564 Vid.
806 525 923 564 Warr.
954 525 1095 564 Lectt.
1120 524 1172 562 ad
1196 539 1229 563 c.
1251 529 1319 568 46.
1352 533 1392 562 et
1423 522 1474 561 ad
1491 523 1561 560 De

100 580 236 618 Mero.
264 581 401 619 Cond.
424 596 457 620 c.
476 585 543 623 42.
574 582 730 619 mem.

212 636 315 675 Eacl.
337 640 413 682 1.5.
445 640 540 678 Εἴτε
561 639 626 678 καὶ
645 636 712 689 μή.
747 635 796 678 σῦ
816 636 856 678 δὲ
874 638 986 689 πῶς)
1019 636 1196 676 Excidit
1214 647 1314 675 nota
1338 649 1559 689 personae,

100 695 193 734 Εἴτε
224 696 292 735 καὶ
326 691 392 746 μή.
435 699 571 735 ΛΤΚ.
605 691 653 735 σύ
683 694 723 735 δὲ
752 698 850 742 πῶς.
892 695 1100 732 MAncu..
1164 695 1240 738 W,
1266 695 1314 743 Ρ.
1342 703 1383 731 et
1412 691 1492 731 Ed.
1522 692 1560 731 J.

98 761 338 803 agnoscunt
360 751 545 789 Luciani
575 763 818 832 personam,
853 763 960 804 quae
989 751 1032 788 in
1056 751 1231 804 reliquis
1253 764 1340 789 non
1372 757 1559 788 notatur.

96 807 265 846 SoLAN.

211 863 313 903 ΕΜῙ
337 865 363 901 l·
383 869 420 907 8-
440 861 521 914 ΗΟ,
535 881 570 904 τι
594 860 679 914 εὕρ.
692 864 709 914 )
741 864 859 917 Lege
878 860 950 905 ὅτι.
984 864 1084 903 GU}
1091 879 1161 902 1:⁷1
1222 864 1319 902 Hoc
1338 863 1397 900 ita
1415 875 1561 900 verum

99 928 175 966 est,
209 929 258 957 ut
279 923 459 958 lectmes
482 934 646 973 rogem,
681 919 864 960 habeant
886 934 963 972 pro
983 919 1155 970 eodem,
1194 935 1241 958 ac
1267 920 1302 957 si
1324 920 1382 957 ita
1404 917 1473 957 edi
1493 932 1561 954 cu·

96 989 273 1021 rassem3
307 976 408 1014 licet
430 977 653 1040 pristinam
682 977 911 1016 lectionem
938 991 1024 1016 non
1056 977 1329 1026 mutaverim,
1365 975 1463 1028 quia
1486 987 1561 1012 va—

97 1032 323 1070 riationem
359 1032 403 1068 in
439 1047 491 1070 ea
513 1046 600 1072 non
625 1034 787 1074 inveni.
829 1034 1012 1072 ΒΕῙΤΖ.
1062 1033 1114 1071 In
1150 1033 1385 1072 Basileensi
1414 1034 1559 1069 saltem

96 1087 221 1126 tertia
248 1086 272 1129 ὅ
290 1106 324 1128 τι
345 1088 524 1141 legitur,
555 1090 780 1128 intervallo
812 1089 979 1143 quidem
1005 1104 1136 1142 parvo
1165 1091 1315 1128 relicto
1339 1090 1451 1131 inter
1474 1085 1496 1129 ὅ
1519 1096 1561 1125 et

93 1161 150 1191 τι,
183 1143 256 1182 sed
282 1155 487 1184 commate
508 1155 646 1186 tamen
672 1147 801 1184 solito
825 1147 994 1187 omisso
1042 1145 1121 1185 Sed
1148 1149 1215 1184 vel
1236 1146 1329 1184 sine
1353 1148 1438 1183 ulla
1460 1142 1559 1182 libri

95 1201 225 1238 ullius
248 1202 503 1240 auctmitate
528 1202 843 1241 reseiibendum
874 1213 960 1241 erat
985 1221 1065 1252 οτι,
1098 1217 1220 1241 sensu
1243 1203 1300 1239 ita
1324 1200 1558 1255 flagitante.

99 1253 281 1307 Τᾶληθὲς
299 1258 411 1298 enim
441 1257 688 1311 Subjectum
709 1269 771 1297 est
796 1259 837 1296 iu
865 1257 945 1312 εῧη,
940 1277 1043 1311 μαι,
1077 1273 1214 1311 neque
1242 1272 1342 1296 vero
1368 1258 1559 1306 omnino,

95 1313 381 1367 quodcunque
404 1313 454 1351 ab
479 1314 795 1368 antiquioribus
818 1315 1090 1369 philosophis
1114 1316 1225 1354 foite
1246 1315 1468 1353 inventum
1495 1313 1559 1353 vi-

95 1371 255 1409 deatur.
298 1371 456 1413 L1211w1

210 1426 315 1465 Ibid
354 1428 398 1466 Τί
425 1424 617 1479 εὕρηται)
656 1430 701 1470 Τι’
727 1426 886 1482 εὕρηται
909 1426 1012 1481 πρὸς
1031 1426 1185 1479 αὗτῶν;
1218 1424 1291 1482 ἔγω
1316 1446 1358 1480 μ
1348 1442 1386 1465 v
1410 1442 1484 1466 Ουκ
1509 1421 1560 1465 (ἲν

95 1480 306 1536 ὄιιόσαιμι,
340 1484 408 1522 καί
436 1500 496 1524 τοι
526 1482 635 1525 πόσα
665 1484 760 1525 ἄλλα
781 1496 858 1527 etc
918 1485 1136 1523 Excidere
1157 1500 1181 1521 1
1191 1484 1330 1523 omina
1354 1495 1561 1533 persona-

96 1555 209 1589 rum,
244 1539 467 1578 videlicet:
497 1542 534 1580 τί
551 1539 713 1594 εὓρηται
736 1541 838 1592 πρὸς
858 1538 1013 1592 αὖτῶνς
1046 1546 1186 1584 EPM.
1206 1538 1308 1595 Ἐ)ὠ
1327 1539 1396 1592 μὲν
1418 1555 1492 1578 ουκ
1511 1536 1561 1577 ἂν

95 1592 298 1648 υιιόσαιμι.
343 1601 478 1637 AYK
516 1600 597 1637 Καί
635 1615 694 1638 τοι
730 1596 836 1639 πόσα
865 1596 974 1638 ἄλλα.
1018 1598 1226 1637 MAnctn.
1302 1597 1559 1646 conjectura

95 1653 281 1692 Mamilia·
303 1653 363 1691 ita
389 1653 496 1690 mihi
526 1668 623 1692 vera
644 1654 758 1702 visa,
790 1664 838 1692 ut
868 1654 975 1692 mihi
1006 1668 1091 1692 non
1126 1653 1420 1707 temperatim,
1454 1651 1557 1702 quin

95 1710 140 1746 in
164 1718 410 1748 contextum
439 1709 668 1762 reciperem
702 1710 946 1750 deficientes
965 1711 1008 1747 in
1033 1709 1140 1750 Edd.
1169 1724 1393 1762 personas,
1428 1707 1557 1743 maxi-

94 1780 183 1813 me,
218 1780 311 1803 cum
344 1764 449 1803 Cod.
471 1766 535 1803 Μ.
561 1767 671 1803 viam
702 1766 754 1804 ad
777 1766 825 1804 id·
852 1766 1031 1805 muniat.
1092 1767 1148 1803 Et
1176 1768 1316 1804 minus
1335 1774 1430 1817 apte
1455 1763 1558 1799 alio-

97 1822 172 1871 qui
197 1821 339 1860 eadem
372 1835 553 1876 pe1sona
580 1821 860 1877 interrogaret
894 1837 940 1860 ac
976 1822 1261 1871 responderet.
1325 1822 1429 1859 Cum
1457 1832 1557 1856 vero

95 1877 282 1918 IUarciZii
298 1881 566 1929 conjecturae
594 1878 871 1930 responderet
892 1878 1001 1917 Cod.
1022 1877 1086 1916 M.
1113 1879 1250 1916 solitis
1273 1878 1358 1915 suis
1385 1875 1557 1928 punctis

96 1933 322 1988 designans
363 1934 622 1977 Hermotimi
659 1949 904 1986 personam,
926 1949 1126 1989 eamque
1170 1934 1289 1987 sequi
1330 1931 1556 1972 lectionem

96 1989 396 2039 decrevissem,
430 1991 667 2029 necessario
699 2001 740 2031 et
770 1991 1012 2044 proximum
1038 1996 1170 2031 ΛΤΚ.
1197 2006 1247 2030 ex
1277 1987 1469 2029 Mamilio
1496 2000 1559 2024 ie-

99 2045 345 2097 cipiendum
369 2056 479 2095 erat,
513 2047 593 2085 etsi
619 2047 765 2086 Codex
799 2047 861 2085 ibi
889 2062 975 2086 non
1001 2046 1235 2094 addiceiet3
1269 2060 1364 2084 nam
1394 2044 1428 2082 si
1449 2043 1557 2081 hano

99 2102 355 2152 omisissem,
389 2117 502 2141 nova
526 2104 724 2143 confusio
753 2114 842 2142 orta
865 2105 990 2143 foret.
1038 2104 1201 2142 mez.

211 2158 313 2197 Ῑῖαᾶ.
335 2162 361 2196 l
386 2163 426 2200 9.
461 2163 597 2200 EPM
625 2155 729 2223 Ἐγω
748 2160 818 2212 μὲν
848 2159 920 2202 οὐκ
943 2156 993 2201 ἂν
1015 2155 1215 2212 ομόσαιμι.
1250 2160 1384 2200 ΛΤΚ.
1397 2164 1416 2209 )
1437 2155 1554 2209 Ερμ.

100 2214 295 2267 nonoscit
322 2215 385 2252 M.
422 2229 541 2269 quem
585 2216 672 2253 suis
702 2217 892 2267 punctis,
938 2231 1014 2270 pro
1045 2230 1160 2255 more
1195 2215 1421 2268 designat.
1463 2211 1553 2252 Sed

95 2279 134 2312 Λ
126 2247 228 2312 ΓἹΓΚ.
251 2269 359 2309 idem
387 2270 493 2308 Cod.
517 2285 602 2309 non
633 2271 784 2318 habet3
819 2274 1054 2313 sententiae
1084 2282 1223 2311 tamen
1254 2272 1302 2343 id
1321 2267 1556 2331 necessario·

95 2328 333 2381 postulanti
362 2325 587 2365 reddimus.
620 2329 707 2367 Sor
715 2343 786 2368 ,w

214 2384 404 2434 120495.
435 2387 552 2427 1-13
598 2386 692 2424 Και
735 2383 793 2425 σύ
823 2401 904 2437 uqa
943 2383 1074 2438 π’ῥός
1103 2389 1251 2426 τοῦτο
1284 2385 1408 2436 dea]
1433 2385 1556 2423 Haec

101 2440 228 2479 verba
262 2417 389 2478 facile
421 2441 528 2479 falso
560 2441 652 2489 capi
686 2451 861 2491 iussunt
888 2440 937 2478 ab
972 2456 1046 2508 eo,
1082 2441 1154 2493 qui
1192 2440 1293 2492 πρὸς
1322 2445 1437 2482 τοῦτο
1462 2451 1552 2478 cnm

103 2495 177 2547 όοα
198 2499 444 2549 conjungat,
470 2507 509 2534 et
530 2495 675 2534 reddat
703 2496 755 2533 acl
772 2497 857 2539 Ιιοέ·
884 2497 909 2533 ἱ.
934 2511 967 2535 e.
990 2500 1154 2550 insuper,
1172 2509 1383 2550 praetcrea.
1426 2495 1556 2549 Quod

105 2553 273 2604 quidem
296 2552 485 2591 accidexe
510 2567 593 2589 non
617 2562 756 2604 potest
779 2554 816 2590 ei
823 2553 918 2604 ,qui
940 2554 1045 2590 sciat
1069 2563 1305 2607 teneatque,
1327 2554 1407 2592 vim
1435 2552 1555 2590 istam

107 2609 286 2659 nxprimi
311 2610 490 2647 formula
515 2607 617 2658 πρὸς
645 2605 794 2660 τούτω,
827 2612 892 2647 vel
915 2605 1083 2656 τούτοις.
1145 2610 1181 2647 Υ
1186 2623 1297 2647 emm
1319 2609 1443 2649 etiam
1463 2612 1556 2646 cal-

106 2664 275 2713 lidiori,
307 2666 343 2702 si
376 2665 514 2702 minus
548 2665 603 2703 sit
628 2673 838 2710 attentus,-
857 2659 976 2703 idem
1011 2664 1199 2704 accidere
1230 2675 1393 2716 potest,
1427 2682 1554 2720 quum

109 2723 236 2773 vulgo
261 2720 304 2758 in
326 2720 431 2763 Edd
457 2731 552 2775 post
584 2726 696 2763 τοῦτο
718 2723 829 2760 nullu
862 2735 1030 2774 prorsus
1065 2720 1287 2760 distinctio
1307 2723 1554 2776 ametistus,
