1834 3188
299 193 541 233 QUOMODO
579 191 826 223 HISTORIA
862 191 938 222 sm·
975 190 1173 223 cONscR.
1334 180 1434 226 223

48 294 182 346 ἐπάξει
211 293 255 337 τὸ
292 291 480 347 δεύτερον
507 288 697 345 ἐχόμενον
728 285 877 340 αὐτοῦ,
931 290 1000 331 καὶ
1025 286 1202 338 ἆλύσεως
1227 287 1363 344 τρόπῳ
1383 292 1554 342 ¹¹)p.64..

50 364 407 418 συνηρμοσμένον,
441 358 495 409 ὥς
523 358 577 414 μή
610 357 903 410 διακεκόφθαι,
943 359 1040 412 μηδὲ
1061 356 1263 413 διηγήσεις
1285 358 1436 408 πολλὰς

50 432 173 483 εἶναι,
205 427 390 482 ἆλλήλαις
417 429 736 484 παρακειμένας,
770 425 854 468 ἄλλ’
887 423 946 468 ἇεὶ
972 425 1014 468 τὸ
1036 432 1195 481 πρῶτον
1216 432 1274 485 τῷ
1299 429 1436 470 δευτέ-

54 519 134 558 ρῳ,
168 499 219 554 μὴ
242 503 416 556 γειτνιᾷν
448 497 577 551 μόνον
596 526 607 543 ,
640 493 738 538 ἄλλα
763 497 831 538 καὶ
853 501 1086 544 κοινωνεῖν,
1120 497 1187 537 καὶ
1214 492 1438 549 ἀνακεκρᾶ-

54 577 153 612 σθαι
173 567 271 610 κατᾶ
301 566 349 610 τᾶ
369 565 485 622 ἕίκρα.
553 565 677 619 Τάχος
708 567 770 607 ἐπὶ
800 570 898 606 πᾶσι
926 562 1143 617 χρήσιμον,
1175 567 1241 607 καὶ
1272 563 1608 619 μάλισταΡ·65.56

54 641 90 681 εἰ
110 636 162 692 μὴ
184 635 336 690 ἀπορία
358 635 436 677 τῶν
461 637 624 678 λεκτέων
650 636 734 686 εἴη·
777 635 843 674 καὶ
873 637 990 675 τοῦτο
1018 636 1114 687 πορί
1138 641 1253 675 εσθαι
1282 631 1355 688 χρὴ
1384 632 1439 687 μὴ

53 713 244 757 τοςοῦτον
265 704 343 747 cin&
364 711 444 747 τῶν
465 703 671 759 ὀνομάτων
691 699 719 755 ἢ
746 700 958 754 ῥημάτων,
1000 700 1097 743 ὅσον
1116 700 1195 743 oin&
1216 707 1295 743 τῶν
1315 719 1442 757 πραγ-

55 775 203 830 μάτων.
236 775 333 828 λέγω
362 774 424 826 δὲ,
458 777 492 815 εἰ
512 773 737 827 παραθέοις
766 771 837 823 μὲν
869 768 917 811 τὰ
948 769 1071 824 μικροὶ
1093 771 1157 811 καὶ
1177 762 1297 821 ἧττον
1314 767 1443 824 οἰναγ-

56 850 166 893 καῖα,
199 844 326 898 λέγοις
345 838 378 884 δ’
401 845 549 890 ἱκανῶς
564 838 612 882 τοὶ
633 839 810 894 μεγάλαῖ
842 843 994 892 μᾶλλον
1012 838 1053 880 δὲ
1070 840 1136 879 καὶ
1153 839 1445 891 παραλειπτέον

57 909 198 954 πολλά.
241 905 334 951 ου’δὲ
361 908 436 963 γὰρ
469 906 523 962 ἢν
553 910 686 965 ἑστιᾷς
713 905 810 955 τούς
832 910 1003 960 φίλους,
1035 908 1103 948 καὶ
1121 904 1253 947 πάντα
1271 900 1298 963 ᾗ
1317 923 1446 959 παρε-

58 979 330 1032 σκευασμένα,
363 975 428 1018 διὰ
448 981 564 1019 τοῦτο
588 979 629 1019 ἐν
649 978 785 1031 μέσοις
810 982 895 1024 τοῖς
923 977 1120 1029 πέμμασι,
1161 976 1228 1015 καὶ
1264 980 1349 1022 τοῖς
1380 971 1448 1028 ὀρ-

58 1049 178 1098 νέοις,
205 1048 270 1087 καὶ
287 1043 434 1087 λοπάσι
453 1044 677 1095 τοςαύταις,
701 1047 769 1088 καὶ
790 1046 907 1086 συσὶν
924 1040 1091 1099 ἀγρίοις,
1111 1044 1179 1085 καὶ
1199 1048 1372 1098 λαγωοῖς
1392 1045 1448 1092 ⁰),

59 1119 129 1160 καὶ
146 1114 433 1170 ὑπογαστρίοις
453 1114 497 1169 P)
513 1147 523 1165 ‚
556 1117 625 1157 καὶ
649 1116 853 1168 σαπέρδην
876 1110 1060 1166 ἐνθήσεις
1077 1115 1120 1162 q)
1137 1144 1147 1163 ‚
1181 1114 1248 1154 καὶ
1268 1114 1381 1160 ἔτνος
1395 1114 1449 1161 ι“),

63 1187 101 1228 εἷ’
118 1202 155 1226 τι
169 1186 210 1236 ⁵)
241 1181 403 1225 κάκεῖνο
426 1179 736 1237 παρεσκεύαστο·
767 1179 977 1235 ἀμελήσεις
997 1182 1038 1223 δὲ
1056 1186 1134 1223 τῶν
1155 1178 1448 1235 εὐτελεστέρων.

66 1251 258 1296 Memora
279 1251 320 1293 δὲ
342 1253 630 1305 σωφρονητέον
653 1253 694 1293 ἐν
716 1257 802 1300 ταῖς
822 1256 900 1292 τῶν
922 1247 1057 1301 δρῶν,
1089 1247 1117 1303 ἢ
1137 1254 1297 1302 τειχῶν,
1327 1246 1356 1301 ἢ
1377 1264 1450 1289 πο-

63 1326 198 1376 ταμῶν
218 1322 464 1374 ἑρμηνείαις,
498 1317 550 1369 ὥς
570 1319 624 1374 μὴ
649 1318 819 1372 δύναμιν
838 1316 968 1375 λόγων
989 1313 1267 1372 ἀπειροκάλως
1287 1333 1454 1371 παρεπι-

1476 1252 1534 1295 57

111 1454 161 1496 n)
187 1450 373 1496 τρόπῳ]
400 1449 567 1494 ,,τρο’πον
586 1452 628 1485 L.
656 1451 836 1494 Vulgatae
852 1449 1126 1492 adstipulantur
1144 1450 1173 1481 J.
1196 1447 1248 1480 1ῗί-
1271 1448 1319 1480 Η.
1342 1447 1458 1481 Par.“

159 1500 202 1539 o)
240 1500 468 1541 λαγωοῖς]
503 1500 684 1542 ,,λαγῳοῖς
722 1508 806 1529 cum
844 1502 986 1539 puncto
1023 1495 1236 1537 subscripto
1279 1494 1338 1526 W.
1375 1493 1456 1525 sine

156 1550 298 1589 puncto
323 1543 415 1575 Edd.
445 1545 474 1575 J.
495 1544 548 1576 Iv'l.
574 1546 618 1576 H.
642 1547 724 1575 Par.
746 1545 845 1575 etc.⁴‘
906 1545 953 1585 p)
981 1537 1354 1585 ὑπογαστρίοις]
1382 1535 1458 1581 „ii-

156 1590 390 1634 πογαστρίων
410 1591 478 1623 L.‘·¹
528 1591 573 1634 q)
601 1588 853 1633 ἐνθήσεις]
881 1585 1059 1631 ,ἐπιθήσει
1078 1589 1133 1622 W.
1181 1586 1286 1619 Nihil
1307 1590 1459 1618 mutant

159 1637 255 1670 Edd.
282 1637 395 1668 vett.“
442 1638 486 1679 r)
519 1634 678 1680 ἔτνος]
707 1635 804 1671 ἕτνοι
824 1637 865 1667 Β.
886 1646 918 1677 3.
969 1636 1009 1677 s)
1037 1634 1084 1669 εἴ
1102 1633 1167 1677 τι]
1196 1633 1287 1675 „Sic
1309 1632 1403 1665 Edd.
1423 1636 1460 1664 et

158 1684 213 1716 Μ.
239 1679 258 1717 ὅ
272 1707 281 1722 ,
295 1695 331 1716 τι
357 1689 483 1716 tamen
511 1682 552 1716 in
572 1694 614 1716 eo
633 1683 736 1728 prius
764 1683 910 1725 fuerat,
935 1681 974 1714 id
996 1681 1097 1726 quod
1118 1681 1157 1714 in
1183 1680 1213 1712 J.
1234 1690 1382 1724 quoque
1401 1678 1460 1710 le-

155 1729 300 1774 gitur.“

74 1844 115 1875 et
133 1834 267 1888 primo
289 1834 478 1886 perfecto
503 1833 735 1873 secundum

72 1892 139 1930 illi
180 1891 408 1930 cohaerens
450 1891 649 1942 inducet,
694 1901 738 1930 et

73 1958 246 1987 catenae
286 1949 421 1986 instar
458 1959 738 2002 coagmenta-

73 2015 178 2054 tum,
211 2014 258 2042 ut
283 2020 488 2057 nusquam
507 2005 736 2044 intercida-

75 2070 167 2110 tur,
200 2075 338 2113 neque
359 2065 512 2100 multae
530 2064 616 2100 sint
638 2077 738 2100 nar-

77 2117 263 2155 rationes
295 2121 419 2156 altera
447 2120 566 2156 alteri
593 2118 740 2171 adjec-

79 2182 170 2219 tae,
205 2173 275 2211 sed
305 2187 464 2225 semper
495 2175 613 2226 prius
636 2190 741 2227 pos-

80 2229 229 2267 teriori
265 2243 348 2266 non
386 2228 574 2267 vicinum
614 2232 739 2280 modo

81 2286 135 2323 sit
154 2318 163 2335 ‚
198 2284 266 2324 sed
294 2285 569 2335 continuum,
613 2297 651 2324 et
674 2303 742 2326 ex·

82 2342 224 2380 tremis
244 2344 322 2379 suis
348 2342 616 2392 permixtum.
666 2343 743 2382 Ce.

82 2398 226 2436 leritas
248 2399 366 2435 utilis
391 2398 431 2434 in
459 2398 668 2447 omnibus,
703 2408 744 2437 et

84 2455 263 2491 maxime
287 2455 320 2491 si
346 2469 429 2492 non
454 2455 507 2491 sit
531 2454 745 2492 dicendo-

86 2524 175 2547 rum
200 2511 402 2562 penuria:
438 2525 570 2562 eaque
601 2524 745 2561 paran-

91 2564 139 2602 da
161 2580 243 2605 non
269 2576 432 2605 tantum
456 2581 474 2604 a
500 2567 746 2605 nominibus

91 2631 161 2659 aut
185 2623 346 2672 verbis,
382 2634 583 2676 quantum
611 2623 659 2661 ab
687 2625 749 2676 ip-

90 2677 146 2714 sis
172 2678 315 2718 rebus:
358 2680 441 2719 hoc
467 2690 602 2719 autem
628 2680 748 2729 dico,

89 2733 124 2771 si
143 2747 359 2785 percurras
383 2751 512 2790 parva
535 2747 576 2776 et
606 2737 747 2775 minus

795 1831 1057 1879 necessaria,
1097 1833 1198 1871 satis
1222 1843 1362 1870 autem
1391 1829 1463 1868 di-‘

797 1904 864 1928 cas
892 1889 941 1926 de
966 1890 1144 1941 magnis,
1208 1889 1323 1942 Quin
1350 1890 1465 1925 mul-

795 1957 836 1985 ta
861 1946 987 1986 etiam
1011 1945 1258 1984 omittenda.
1311 1945 1464 1995 Neque

796 2003 910 2042 enim
953 2003 988 2040 si
1043 2001 1211 2054 quando
1253 2001 1461 2040 convivio

796 2059 955 2112 accipis
978 2059 1159 2108 amicos,
1196 2058 1351 2111 paratis
1376 2072 1464 2095 om-

800 2116 952 2163 nibus,
987 2126 1208 2167 propterea
1241 2116 1350 2153 inter
1372 2127 1465 2151 me-

800 2173 866 2211 dia
916 2172 1112 2221 bellaria,
1164 2182 1205 2211 et
1250 2171 1464 2218 aviculas,

800 2241 841 2268 et
866 2238 930 2268 tot
954 2229 1144 2281 patinas,
1178 2239 1219 2268 et
1242 2241 1388 2280 apr05‚
1423 2234 1467 2264 et

799 2289 986 2338 lepores,
1022 2296 1062 2323 et
1093 2287 1282 2333 sumina,
1317 2296 1468 2334 saper—

804 2342 896 2379 ‹larn
941 2357 1111 2394 quoque
1152 2354 1367 2392 appones,
1425 2346 1467 2376 et

805 2399 968 2446 fabam,
1002 2399 1036 2436 si
1069 2413 1146 2451 qua
1173 2398 1296 2436 etiam
1322 2403 1467 2446 parata

804 2454 883 2503 sit3
917 2468 1057 2491 verum
1083 2455 1233 2491 viliora
1260 2452 1464 2504 negliges.

804 2510 996 2547 Maxime
1017 2524 1115 2548 vero
1137 2509 1276 2547 sobrie
1301 2521 1467 2546 versan-

808 2565 903 2603 dum
938 2575 999 2603 est
1030 2566 1071 2602 in
1108 2565 1340 2613 montium,
1395 2571 1469 2602 aut

807 2623 1035 2670 moenium,
1068 2632 1138 2659 aut
1156 2620 1374 2659 fluminum
1398 2619 1468 2657 de-

808 2678 1138 2730 scriptionibus,
1184 2693 1235 2718 ne
1271 2677 1469 2731 imperite

808 2750 854 2775 ac
877 2749 1072 2788 perverse
1095 2735 1177 2774 vim
1203 2734 1374 2774 dicendi
1401 2746 1466 2772 os-
