<?xml version="1.0" encoding="UTF-8"?>
<!DOCTYPE html PUBLIC "-//W3C//DTD XHTML 1.0 Transitional//EN"
    "http://www.w3.org/TR/xhtml1/DTD/xhtml1-transitional.dtd">
<html xmlns="http://www.w3.org/1999/xhtml" xml:lang="en" lang="en">
 <head>
  <title>
</title>
<meta http-equiv="Content-Type" content="text/html;charset=utf-8" />
  <meta name='ocr-system' content='tesseract 3.04.00' />
  <meta name='ocr-capabilities' content='ocr_page ocr_carea ocr_par ocr_line ocrx_word'/>
</head>
<body>
  <div class='ocr_page' id='page_1' title='image "./operagraecaetlat04luciuoft_0750.png"; bbox 0 0 1834 3188; ppageno 0'>
   <div class='ocr_carea' id='block_1_1' title="bbox 287 198 1406 244">
    <p class='ocr_par' dir='ltr' id='par_1_1' title="bbox 287 198 1406 244">
     <span class='ocr_line' id='line_1_1' title="bbox 287 198 1406 244; baseline -0.006 0"><span class='ocrx_word' id='word_1_1' title='bbox 287 198 385 244; x_wconf 84' lang='lat'><strong>698</strong></span> <span class='ocrx_word' id='word_1_2' title='bbox 649 205 1406 237; x_wconf 71' lang='lat' dir='ltr'><strong>AnnorArroNEs</strong></span> 
     </span>
    </p>
   </div>
   <div class='ocr_carea' id='block_1_2' title="bbox 259 304 1756 2786">
    <p class='ocr_par' dir='ltr' id='par_1_2' title="bbox 267 304 1756 1553">
     <span class='ocr_line' id='line_1_2' title="bbox 284 304 1752 360; baseline 0.001 -14"><span class='ocrx_word' id='word_1_3' title='bbox 284 309 464 347; x_wconf 75' lang='lat' dir='ltr'><strong>GUYET.</strong></span> <span class='ocrx_word' id='word_1_4' title='bbox 522 305 640 344; x_wconf 82' lang='lat' dir='ltr'><strong>Male</strong></span> <span class='ocrx_word' id='word_1_5' title='bbox 669 305 903 357; x_wconf 83' lang='lat' dir='ltr'><strong>interpreS,</strong></span> <span class='ocrx_word' id='word_1_6' title='bbox 935 305 1004 358; x_wconf 76' lang='lat' dir='ltr'><strong>qui</strong></span> <span class='ocrx_word' id='word_1_7' title='bbox 1032 304 1276 359; x_wconf 73' lang='lat' dir='ltr'><em>tyrannidem</em></span> <span class='ocrx_word' id='word_1_8' title='bbox 1306 306 1551 360; x_wconf 67' lang='lat' dir='ltr'><strong>adfectantes</strong></span> <span class='ocrx_word' id='word_1_9' title='bbox 1578 325 1597 346; x_wconf 87' lang='lat' dir='ltr'><strong>c</strong></span> <span class='ocrx_word' id='word_1_10' title='bbox 1625 308 1752 348; x_wconf 71' lang='lat' dir='ltr'><strong>medio</strong></span> 
     </span>
     <span class='ocr_line' id='line_1_3' title="bbox 284 361 1750 418; baseline 0 -14"><span class='ocrx_word' id='word_1_11' title='bbox 284 364 457 404; x_wconf 75' lang='lat' dir='ltr'><strong>tollebat.</strong></span> <span class='ocrx_word' id='word_1_12' title='bbox 533 361 639 410; x_wconf 88' lang='grc' dir='ltr'><strong><em>Τους</em></strong></span> <span class='ocrx_word' id='word_1_13' title='bbox 668 362 1041 416; x_wconf 81' lang='grc' dir='ltr'><strong><em>τυραννουμένους,</em></strong></span> <span class='ocrx_word' id='word_1_14' title='bbox 1087 361 1169 400; x_wconf 91' lang='lat' dir='ltr'><strong>hoc</strong></span> <span class='ocrx_word' id='word_1_15' title='bbox 1202 373 1289 409; x_wconf 88' lang='lat' dir='ltr'><strong>est,</strong></span> <span class='ocrx_word' id='word_1_16' title='bbox 1336 364 1540 418; x_wconf 61' lang='lat' dir='ltr'><strong>tyrannide</strong></span> <span class='ocrx_word' id='word_1_17' title='bbox 1573 377 1750 407; x_wconf 70' lang='lat' dir='ltr'><strong>voratos.</strong></span> 
     </span>
     <span class='ocr_line' id='line_1_4' title="bbox 280 416 1752 472; baseline -0.001 -11"><span class='ocrx_word' id='word_1_18' title='bbox 280 423 475 461; x_wconf 73' lang='lat' dir='ltr'><strong>MENAG.</strong></span> <span class='ocrx_word' id='word_1_19' title='bbox 541 419 644 467; x_wconf 78' lang='grc' dir='ltr'><strong>Τοῦς</strong></span> <span class='ocrx_word' id='word_1_20' title='bbox 663 419 1013 472; x_wconf 79' lang='grc' dir='ltr'><strong><em>τυοαννουμὲνους</em></strong></span> <span class='ocrx_word' id='word_1_21' title='bbox 1034 416 1240 460; x_wconf 78' lang='grc' dir='ltr'><strong><em>ἐκκόπτων</em></strong></span> <span class='ocrx_word' id='word_1_22' title='bbox 1260 434 1353 457; x_wconf 88' lang='lat' dir='ltr'><strong>cum</strong></span> <span class='ocrx_word' id='word_1_23' title='bbox 1375 420 1414 458; x_wconf 88' lang='lat' dir='ltr'><strong>J.</strong></span> <span class='ocrx_word' id='word_1_24' title='bbox 1436 420 1590 461; x_wconf 78' lang='lat' dir='ltr'><strong>habere</strong></span> <span class='ocrx_word' id='word_1_25' title='bbox 1609 421 1670 460; x_wconf 83' lang='lat' dir='ltr'><strong>Fl.</strong></span> <span class='ocrx_word' id='word_1_26' title='bbox 1693 422 1752 462; x_wconf 83' lang='grc' dir='ltr'><strong>Η.</strong></span> 
     </span>
     <span class='ocr_line' id='line_1_5' title="bbox 282 475 1755 529; baseline -0.001 -12"><span class='ocrx_word' id='word_1_27' title='bbox 282 489 325 517; x_wconf 89' lang='lat' dir='ltr'><strong>et</strong></span> <span class='ocrx_word' id='word_1_28' title='bbox 347 478 391 517; x_wconf 86' lang='lat' dir='ltr'><strong>S.</strong></span> <span class='ocrx_word' id='word_1_29' title='bbox 417 486 586 515; x_wconf 82' lang='lat' dir='ltr'><strong>notarat</strong></span> <span class='ocrx_word' id='word_1_30' title='bbox 621 475 806 516; x_wconf 73' lang='lat' dir='ltr'><strong>Salanus</strong></span> <span class='ocrx_word' id='word_1_31' title='bbox 865 476 994 514; x_wconf 88' lang='lat' dir='ltr'>Forte</span> <span class='ocrx_word' id='word_1_32' title='bbox 1024 475 1159 529; x_wconf 82' lang='lat' dir='ltr'><strong>igitur</strong></span> <span class='ocrx_word' id='word_1_33' title='bbox 1187 476 1312 514; x_wconf 80' lang='lat' dir='ltr'><strong>aliam</strong></span> <span class='ocrx_word' id='word_1_34' title='bbox 1346 477 1560 529; x_wconf 79' lang='lat' dir='ltr'><strong>quaesivit</strong></span> <span class='ocrx_word' id='word_1_35' title='bbox 1592 477 1755 517; x_wconf 89' lang='lat' dir='ltr'><strong>lectio-</strong></span> 
     </span>
     <span class='ocr_line' id='line_1_6' title="bbox 281 532 1754 589; baseline 0.001 -17"><span class='ocrx_word' id='word_1_36' title='bbox 281 548 401 574; x_wconf 87' lang='lat' dir='ltr'><strong>nem:</strong></span> <span class='ocrx_word' id='word_1_37' title='bbox 449 548 546 572; x_wconf 85' lang='lat' dir='ltr'><strong>nam</strong></span> <span class='ocrx_word' id='word_1_38' title='bbox 576 532 766 572; x_wconf 78' lang='lat' dir='ltr'><strong>Erasmus</strong></span> <span class='ocrx_word' id='word_1_39' title='bbox 796 542 1002 581; x_wconf 82' lang='lat' dir='ltr'><strong>verterat,</strong></span> <span class='ocrx_word' id='word_1_40' title='bbox 1045 533 1294 586; x_wconf 71' lang='lat' dir='ltr'><em>tyrannidem</em></span> <span class='ocrx_word' id='word_1_41' title='bbox 1323 533 1589 589; x_wconf 51' lang='lat' dir='ltr'><strong>atffectantes,</strong></span> <span class='ocrx_word' id='word_1_42' title='bbox 1635 534 1754 588; x_wconf 85' lang='lat' dir='ltr'><strong>quod</strong></span> 
     </span>
     <span class='ocr_line' id='line_1_7' title="bbox 281 589 1756 644; baseline 0.002 -14"><span class='ocrx_word' id='word_1_43' title='bbox 281 606 371 630; x_wconf 90' lang='lat' dir='ltr'><strong>non</strong></span> <span class='ocrx_word' id='word_1_44' title='bbox 395 589 548 638; x_wconf 81' lang='lat' dir='ltr'><strong>video,</strong></span> <span class='ocrx_word' id='word_1_45' title='bbox 583 590 658 642; x_wconf 89' lang='lat' dir='ltr'><strong>qui</strong></span> <span class='ocrx_word' id='word_1_46' title='bbox 678 605 771 628; x_wconf 90' lang='lat' dir='ltr'><strong>cum</strong></span> <span class='ocrx_word' id='word_1_47' title='bbox 793 589 958 628; x_wconf 82' lang='lat' dir='ltr'><strong>Graeco</strong></span> <span class='ocrx_word' id='word_1_48' title='bbox 981 589 1111 627; x_wconf 86' lang='lat' dir='ltr'><strong>verbo</strong></span> <span class='ocrx_word' id='word_1_49' title='bbox 1143 600 1378 644; x_wconf 57' lang='lat' dir='ltr'><strong>congruam</strong></span> <span class='ocrx_word' id='word_1_50' title='bbox 1414 591 1514 643; x_wconf 83' lang='lat' dir='ltr'><strong>quia</strong></span> <span class='ocrx_word' id='word_1_51' title='bbox 1534 596 1756 644; x_wconf 81' lang='grc' dir='ltr'><strong><em>τυραννοῦ·</em></strong></span> 
     </span>
     <span class='ocr_line' id='line_1_8' title="bbox 279 645 1751 701; baseline -0.002 -14"><span class='ocrx_word' id='word_1_52' title='bbox 279 665 351 700; x_wconf 78' lang='grc' dir='ltr'><strong>μαι</strong></span> <span class='ocrx_word' id='word_1_53' title='bbox 371 647 539 700; x_wconf 81' lang='lat' dir='ltr'><strong>passive</strong></span> <span class='ocrx_word' id='word_1_54' title='bbox 560 649 669 686; x_wconf 85' lang='lat' dir='ltr'><strong>solet</strong></span> <span class='ocrx_word' id='word_1_55' title='bbox 696 645 861 698; x_wconf 80' lang='lat' dir='ltr'><strong>accipi,</strong></span> <span class='ocrx_word' id='word_1_56' title='bbox 893 655 940 684; x_wconf 91' lang='lat' dir='ltr'><strong>ut</strong></span> <span class='ocrx_word' id='word_1_57' title='bbox 959 647 1104 698; x_wconf 90' lang='lat' dir='ltr'><strong>paullo</strong></span> <span class='ocrx_word' id='word_1_58' title='bbox 1126 655 1245 696; x_wconf 82' lang='lat' dir='ltr'><strong>ante,</strong></span> <span class='ocrx_word' id='word_1_59' title='bbox 1277 647 1543 701; x_wconf 73' lang='grc' dir='ltr'><strong><em>ἐτυραννεῖτο.</em></strong></span> <span class='ocrx_word' id='word_1_60' title='bbox 1603 648 1663 687; x_wconf 89' lang='lat' dir='ltr'><strong>Ut</strong></span> <span class='ocrx_word' id='word_1_61' title='bbox 1683 663 1751 701; x_wconf 85' lang='lat' dir='ltr'><strong>ap.</strong></span> 
     </span>
     <span class='ocr_line' id='line_1_9' title="bbox 279 702 1755 757; baseline 0.002 -14"><span class='ocrx_word' id='word_1_62' title='bbox 279 706 399 745; x_wconf 86' lang='lat' dir='ltr'><strong>Dion.</strong></span> <span class='ocrx_word' id='word_1_63' title='bbox 424 702 528 743; x_wconf 82' lang='lat' dir='ltr'><strong>Hal.</strong></span> <span class='ocrx_word' id='word_1_64' title='bbox 555 702 634 742; x_wconf 94' lang='lat' dir='ltr'><strong>IX.</strong></span> <span class='ocrx_word' id='word_1_65' title='bbox 657 718 696 756; x_wconf 90' lang='lat' dir='ltr'><strong>p.</strong></span> <span class='ocrx_word' id='word_1_66' title='bbox 718 708 813 747; x_wconf 88' lang='grc'><strong>601.</strong></span> <span class='ocrx_word' id='word_1_67' title='bbox 835 707 901 747; x_wconf 84' lang='lat'><strong>37.</strong></span> <span class='ocrx_word' id='word_1_68' title='bbox 929 704 1240 757; x_wconf 76' lang='grc' dir='ltr'><strong><em>βασιλευομένης</em></strong></span> <span class='ocrx_word' id='word_1_69' title='bbox 1266 720 1306 745; x_wconf 80' lang='grc' dir='ltr'><strong>τε</strong></span> <span class='ocrx_word' id='word_1_70' title='bbox 1333 705 1401 746; x_wconf 79' lang='grc' dir='ltr'><strong>καὶ</strong></span> <span class='ocrx_word' id='word_1_71' title='bbox 1426 705 1755 757; x_wconf 81' lang='grc' dir='ltr'><strong><em>τυραννουμένης</em></strong></span> 
     </span>
     <span class='ocr_line' id='line_1_10' title="bbox 278 758 1751 813; baseline -0.001 -10"><span class='ocrx_word' id='word_1_72' title='bbox 278 766 352 813; x_wconf 81' lang='grc' dir='ltr'><strong>τῆς</strong></span> <span class='ocrx_word' id='word_1_73' title='bbox 379 758 545 809; x_wconf 83' lang='grc' dir='ltr'><strong><em>πόλεως.</em></strong></span> <span class='ocrx_word' id='word_1_74' title='bbox 605 760 767 799; x_wconf 83' lang='lat' dir='ltr'><strong>Iterum</strong></span> <span class='ocrx_word' id='word_1_75' title='bbox 798 758 877 799; x_wconf 91' lang='lat' dir='ltr'><strong>XI.</strong></span> <span class='ocrx_word' id='word_1_76' title='bbox 906 774 947 812; x_wconf 92' lang='lat' dir='ltr'><strong>p.</strong></span> <span class='ocrx_word' id='word_1_77' title='bbox 971 764 1068 803; x_wconf 81' lang='lat'><strong>721.</strong></span> <span class='ocrx_word' id='word_1_78' title='bbox 1104 765 1171 805; x_wconf 80' lang='lat'><strong>23.</strong></span> <span class='ocrx_word' id='word_1_79' title='bbox 1203 769 1245 799; x_wconf 89' lang='lat' dir='ltr'><strong>et</strong></span> <span class='ocrx_word' id='word_1_80' title='bbox 1274 760 1392 799; x_wconf 86' lang='lat' dir='ltr'><strong>alibi.</strong></span> <span class='ocrx_word' id='word_1_81' title='bbox 1454 761 1679 802; x_wconf 73' lang='lat' dir='ltr'><strong>Herodian.</strong></span> <span class='ocrx_word' id='word_1_82' title='bbox 1703 763 1751 812; x_wconf 91' lang='lat' dir='ltr'><strong>I,</strong></span> 
     </span>
     <span class='ocr_line' id='line_1_11' title="bbox 281 816 1756 880; baseline -0.003 -18"><span class='ocrx_word' id='word_1_83' title='bbox 281 825 358 868; x_wconf 82' lang='lat'><strong>16,</strong></span> <span class='ocrx_word' id='word_1_84' title='bbox 386 824 424 861; x_wconf 86' lang='lat'><strong>1.</strong></span> <span class='ocrx_word' id='word_1_85' title='bbox 456 826 498 856; x_wconf 89' lang='lat' dir='ltr'><strong>et</strong></span> <span class='ocrx_word' id='word_1_86' title='bbox 533 816 594 855; x_wconf 86' lang='lat' dir='ltr'><strong>sic</strong></span> <span class='ocrx_word' id='word_1_87' title='bbox 625 816 782 869; x_wconf 87' lang='lat' dir='ltr'><strong>passim</strong></span> <span class='ocrx_word' id='word_1_88' title='bbox 815 816 930 880; x_wconf 80' lang='lat' dir='ltr'><strong>apud</strong></span> <span class='ocrx_word' id='word_1_89' title='bbox 960 817 1081 858; x_wconf 85' lang='lat' dir='ltr'><strong>alios.</strong></span> <span class='ocrx_word' id='word_1_90' title='bbox 1142 817 1224 857; x_wconf 87' lang='lat' dir='ltr'><strong>Sed</strong></span> <span class='ocrx_word' id='word_1_91' title='bbox 1253 817 1392 856; x_wconf 87' lang='lat' dir='ltr'><strong>media</strong></span> <span class='ocrx_word' id='word_1_92' title='bbox 1424 817 1561 857; x_wconf 85' lang='lat' dir='ltr'><strong>forma</strong></span> <span class='ocrx_word' id='word_1_93' title='bbox 1587 818 1756 871; x_wconf 88' lang='lat' dir='ltr'><strong>accepit</strong></span> 
     </span>
     <span class='ocr_line' id='line_1_12' title="bbox 276 871 1752 929; baseline -0.001 -15"><span class='ocrx_word' id='word_1_94' title='bbox 276 876 432 914; x_wconf 80' lang='lat' dir='ltr'><strong>Erasm.</strong></span> <span class='ocrx_word' id='word_1_95' title='bbox 474 873 788 921; x_wconf 72' lang='lat' dir='ltr'><strong>Concedfflem,</strong></span> <span class='ocrx_word' id='word_1_96' title='bbox 828 873 865 912; x_wconf 84' lang='lat' dir='ltr'><strong>si</strong></span> <span class='ocrx_word' id='word_1_97' title='bbox 897 888 919 912; x_wconf 86' lang='lat' dir='ltr'>a</span> <span class='ocrx_word' id='word_1_98' title='bbox 943 871 1172 927; x_wconf 73' lang='grc' dir='ltr'><strong><em>τυραννιᾶω</em></strong></span> <span class='ocrx_word' id='word_1_99' title='bbox 1200 874 1430 913; x_wconf 83' lang='lat' dir='ltr'><strong>formatum</strong></span> <span class='ocrx_word' id='word_1_100' title='bbox 1459 885 1590 925; x_wconf 89' lang='lat' dir='ltr'><strong>esset,</strong></span> <span class='ocrx_word' id='word_1_101' title='bbox 1634 874 1752 929; x_wconf 87' lang='lat' dir='ltr'><strong>quod</strong></span> 
     </span>
     <span class='ocr_line' id='line_1_13' title="bbox 279 929 1751 1000; baseline -0.001 -30"><span class='ocrx_word' id='word_1_102' title='bbox 279 930 522 1000; x_wconf 54' lang='lat' dir='ltr'><strong>tyannidem</strong></span> <span class='ocrx_word' id='word_1_103' title='bbox 553 929 713 987; x_wconf 59' lang='lat' dir='ltr'><strong>adfecto</strong></span> <span class='ocrx_word' id='word_1_104' title='bbox 740 929 924 984; x_wconf 85' lang='lat' dir='ltr'><strong>signific.</strong></span> <span class='ocrx_word' id='word_1_105' title='bbox 986 929 1068 970; x_wconf 87' lang='lat' dir='ltr'><strong>Sed</strong></span> <span class='ocrx_word' id='word_1_106' title='bbox 1100 929 1205 984; x_wconf 89' lang='lat' dir='ltr'><strong>quid</strong></span> <span class='ocrx_word' id='word_1_107' title='bbox 1226 932 1263 969; x_wconf 89' lang='lat' dir='ltr'><strong>si</strong></span> <span class='ocrx_word' id='word_1_108' title='bbox 1292 945 1369 983; x_wconf 90' lang='lat' dir='ltr'><strong>pro</strong></span> <span class='ocrx_word' id='word_1_109' title='bbox 1405 929 1610 973; x_wconf 78' lang='grc' dir='ltr'><strong><em>ἐκκόπτων</em></strong></span> <span class='ocrx_word' id='word_1_110' title='bbox 1631 935 1751 998; x_wconf 42' lang='lat' dir='ltr'><strong>&#39;lega-</strong></span> 
     </span>
     <span class='ocr_line' id='line_1_14' title="bbox 278 986 1754 1043; baseline 0.001 -17"><span class='ocrx_word' id='word_1_111' title='bbox 278 1003 371 1027; x_wconf 87' lang='lat' dir='ltr'><strong>mus</strong></span> <span class='ocrx_word' id='word_1_112' title='bbox 395 987 623 1043; x_wconf 69' lang='grc' dir='ltr'><strong><em>ἐγκόπτων,</em></strong></span> <span class='ocrx_word' id='word_1_113' title='bbox 655 997 705 1025; x_wconf 88' lang='lat' dir='ltr'><strong>ut</strong></span> <span class='ocrx_word' id='word_1_114' title='bbox 725 987 1018 1042; x_wconf 81' lang='lat' dir='ltr'><strong>significetur,</strong></span> <span class='ocrx_word' id='word_1_115' title='bbox 1051 987 1163 1026; x_wconf 85' lang='lat' dir='ltr'><strong>filius</strong></span> <span class='ocrx_word' id='word_1_116' title='bbox 1184 986 1378 1026; x_wconf 87' lang='lat' dir='ltr'><strong>subditos</strong></span> <span class='ocrx_word' id='word_1_117' title='bbox 1403 988 1592 1039; x_wconf 86' lang='lat' dir='ltr'><strong>arcebat,</strong></span> <span class='ocrx_word' id='word_1_118' title='bbox 1622 990 1754 1043; x_wconf 80' lang='lat' dir='ltr'><strong>impe-</strong></span> 
     </span>
     <span class='ocr_line' id='line_1_15' title="bbox 279 1043 1756 1098; baseline -0.001 -14"><span class='ocrx_word' id='word_1_119' title='bbox 279 1045 413 1084; x_wconf 71' lang='lat' dir='ltr'><strong>Aiebat</strong></span> <span class='ocrx_word' id='word_1_120' title='bbox 430 1061 561 1084; x_wconf 73' lang='lat' dir='ltr'><em>amum</em></span> <span class='ocrx_word' id='word_1_121' title='bbox 582 1043 775 1094; x_wconf 79' lang='lat' dir='ltr'><strong>consilia,</strong></span> <span class='ocrx_word' id='word_1_122' title='bbox 809 1053 852 1082; x_wconf 90' lang='lat' dir='ltr'><strong>et</strong></span> <span class='ocrx_word' id='word_1_123' title='bbox 872 1044 934 1082; x_wconf 90' lang='lat' dir='ltr'><strong>sic</strong></span> <span class='ocrx_word' id='word_1_124' title='bbox 956 1043 1110 1082; x_wconf 87' lang='lat' dir='ltr'><strong>melior</strong></span> <span class='ocrx_word' id='word_1_125' title='bbox 1128 1044 1209 1083; x_wconf 89' lang='lat' dir='ltr'><strong>erit</strong></span> <span class='ocrx_word' id='word_1_126' title='bbox 1227 1043 1435 1098; x_wconf 82' lang='lat' dir='ltr'><strong>gradatio.</strong></span> <span class='ocrx_word' id='word_1_127' title='bbox 1497 1045 1633 1084; x_wconf 81' lang='lat' dir='ltr'><strong>Verba</strong></span> <span class='ocrx_word' id='word_1_128' title='bbox 1658 1060 1756 1097; x_wconf 85' lang='lat' dir='ltr'><strong>pro-</strong></span> 
     </span>
     <span class='ocr_line' id='line_1_16' title="bbox 276 1097 1750 1155; baseline -0.001 -15"><span class='ocrx_word' id='word_1_129' title='bbox 276 1103 394 1141; x_wconf 82' lang='lat' dir='ltr'>xime</span> <span class='ocrx_word' id='word_1_130' title='bbox 419 1101 664 1155; x_wconf 79' lang='lat' dir='ltr'><strong>sequentia,</strong></span> <span class='ocrx_word' id='word_1_131' title='bbox 698 1098 718 1141; x_wconf 81' lang='grc' dir='ltr'><em>ὅ</em></span> <span class='ocrx_word' id='word_1_132' title='bbox 741 1117 836 1149; x_wconf 85' lang='grc' dir='ltr'><strong><em>τους</em></strong></span> <span class='ocrx_word' id='word_1_133' title='bbox 867 1097 1202 1154; x_wconf 79' lang='grc' dir='ltr'><strong><em>ἐπιβουλεύοντας</em></strong></span> <span class='ocrx_word' id='word_1_134' title='bbox 1223 1102 1385 1154; x_wconf 79' lang='grc' dir='ltr'><strong><em>φοβῶν,</em></strong></span> <span class='ocrx_word' id='word_1_135' title='bbox 1417 1101 1603 1141; x_wconf 76' lang='lat' dir='ltr'><strong>Erasmus</strong></span> <span class='ocrx_word' id='word_1_136' title='bbox 1622 1102 1750 1140; x_wconf 83' lang='lat' dir='ltr'><strong>etiam</strong></span> 
     </span>
     <span class='ocr_line' id='line_1_17' title="bbox 278 1155 1756 1212; baseline 0 -16"><span class='ocrx_word' id='word_1_137' title='bbox 278 1157 517 1197; x_wconf 83' lang='lat' dir='ltr'><strong>infeliciter</strong></span> <span class='ocrx_word' id='word_1_138' title='bbox 536 1155 799 1208; x_wconf 83' lang='lat' dir='ltr'><strong>reddiderat,</strong></span> <span class='ocrx_word' id='word_1_139' title='bbox 820 1160 888 1212; x_wconf 81' lang='lat' dir='ltr'><strong>qui</strong></span> <span class='ocrx_word' id='word_1_140' title='bbox 906 1157 1349 1212; x_wconf 61' lang='lat' dir='ltr'><strong>insidiasfiwmidabat.</strong></span> <span class='ocrx_word' id='word_1_141' title='bbox 1392 1157 1472 1197; x_wconf 86' lang='lat' dir='ltr'><strong>Sed</strong></span> <span class='ocrx_word' id='word_1_142' title='bbox 1495 1161 1616 1210; x_wconf 87' lang='lat' dir='ltr'><strong>plura</strong></span> <span class='ocrx_word' id='word_1_143' title='bbox 1640 1160 1756 1209; x_wconf 82' lang='lat' dir='ltr'><strong>ejus-</strong></span> 
     </span>
     <span class='ocr_line' id='line_1_18' title="bbox 275 1213 1750 1268; baseline -0.001 -14"><span class='ocrx_word' id='word_1_144' title='bbox 275 1214 395 1254; x_wconf 89' lang='lat' dir='ltr'><strong>modi</strong></span> <span class='ocrx_word' id='word_1_145' title='bbox 421 1214 626 1268; x_wconf 84' lang='lat' dir='ltr'><strong>juvenilis</strong></span> <span class='ocrx_word' id='word_1_146' title='bbox 656 1214 866 1254; x_wconf 88' lang='lat' dir='ltr'><strong>versionis</strong></span> <span class='ocrx_word' id='word_1_147' title='bbox 895 1213 1090 1268; x_wconf 68' lang='grc' dir='ltr'><strong>τεκμήρια</strong></span> <span class='ocrx_word' id='word_1_148' title='bbox 1117 1214 1265 1252; x_wconf 90' lang='lat' dir='ltr'><strong>insunt</strong></span> <span class='ocrx_word' id='word_1_149' title='bbox 1295 1214 1400 1253; x_wconf 89' lang='lat' dir='ltr'><strong>huic</strong></span> <span class='ocrx_word' id='word_1_150' title='bbox 1432 1214 1750 1264; x_wconf 83' lang='lat' dir='ltr'><strong>dissertationi,</strong></span> 
     </span>
     <span class='ocr_line' id='line_1_19' title="bbox 275 1269 1752 1326; baseline 0.002 -16"><span class='ocrx_word' id='word_1_151' title='bbox 275 1285 398 1326; x_wconf 80' lang='lat' dir='ltr'><strong>quam</strong></span> <span class='ocrx_word' id='word_1_152' title='bbox 421 1280 470 1309; x_wconf 91' lang='lat' dir='ltr'><strong>ut</strong></span> <span class='ocrx_word' id='word_1_153' title='bbox 488 1271 649 1325; x_wconf 90' lang='lat' dir='ltr'><strong>ubique</strong></span> <span class='ocrx_word' id='word_1_154' title='bbox 669 1285 716 1310; x_wconf 81' lang='lat' dir='ltr'><strong>ea</strong></span> <span class='ocrx_word' id='word_1_155' title='bbox 737 1270 929 1311; x_wconf 82' lang='lat' dir='ltr'><strong>indicare</strong></span> <span class='ocrx_word' id='word_1_156' title='bbox 953 1286 1060 1324; x_wconf 89' lang='lat' dir='ltr'><strong>opus</strong></span> <span class='ocrx_word' id='word_1_157' title='bbox 1081 1271 1148 1310; x_wconf 90' lang='lat' dir='ltr'><strong>sit.</strong></span> <span class='ocrx_word' id='word_1_158' title='bbox 1182 1271 1526 1311; x_wconf 68' lang='lat' dir='ltr'><strong>R121Tz.Rei1zii</strong></span> <span class='ocrx_word' id='word_1_159' title='bbox 1546 1269 1752 1326; x_wconf 81' lang='grc' dir='ltr'><strong><em>ἐγκόπτων</em></strong></span> 
     </span>
     <span class='ocr_line' id='line_1_20' title="bbox 273 1325 1747 1382; baseline 0.002 -16"><span class='ocrx_word' id='word_1_160' title='bbox 273 1343 352 1368; x_wconf 86' lang='lat' dir='ltr'><strong>nec</strong></span> <span class='ocrx_word' id='word_1_161' title='bbox 376 1342 483 1381; x_wconf 89' lang='lat' dir='ltr'><strong>opus</strong></span> <span class='ocrx_word' id='word_1_162' title='bbox 504 1337 591 1377; x_wconf 86' lang='lat' dir='ltr'><strong>est,</strong></span> <span class='ocrx_word' id='word_1_163' title='bbox 623 1341 702 1366; x_wconf 86' lang='lat' dir='ltr'><strong>nec</strong></span> <span class='ocrx_word' id='word_1_164' title='bbox 723 1330 877 1380; x_wconf 85' lang='lat' dir='ltr'><strong>placet.</strong></span> <span class='ocrx_word' id='word_1_165' title='bbox 932 1325 1229 1370; x_wconf 64' lang='grc' dir='ltr'><strong><em>Ἐκκόπτεινᾙ.</em></strong></span> <span class='ocrx_word' id='word_1_166' title='bbox 1250 1330 1279 1366; x_wconf 92' lang='lat' dir='ltr'><strong>l</strong></span> <span class='ocrx_word' id='word_1_167' title='bbox 1299 1327 1448 1367; x_wconf 83' lang='lat' dir='ltr'><strong>eodem</strong></span> <span class='ocrx_word' id='word_1_168' title='bbox 1472 1342 1624 1379; x_wconf 82' lang='lat' dir='ltr'><strong>sensu,</strong></span> <span class='ocrx_word' id='word_1_169' title='bbox 1659 1342 1747 1382; x_wconf 87' lang='lat' dir='ltr'><strong>quo</strong></span> 
     </span>
     <span class='ocr_line' id='line_1_21' title="bbox 271 1360 1748 1438; baseline 0 -14"><span class='ocrx_word' id='word_1_170' title='bbox 271 1399 398 1438; x_wconf 87' lang='lat' dir='ltr'><strong>supra</strong></span> <span class='ocrx_word' id='word_1_171' title='bbox 423 1385 520 1424; x_wconf 88' lang='lat' dir='ltr'><strong>Ver.</strong></span> <span class='ocrx_word' id='word_1_172' title='bbox 545 1360 661 1424; x_wconf 74' lang='lat' dir='ltr'><strong>H’ist.</strong></span> <span class='ocrx_word' id='word_1_173' title='bbox 681 1385 727 1433; x_wconf 88' lang='lat' dir='ltr'><strong>I,</strong></span> <span class='ocrx_word' id='word_1_174' title='bbox 759 1389 829 1429; x_wconf 80' lang='lat'><strong>39.</strong></span> <span class='ocrx_word' id='word_1_175' title='bbox 856 1381 1010 1433; x_wconf 76' lang='grc' dir='ltr'><strong><em>πάντας</em></strong></span> <span class='ocrx_word' id='word_1_176' title='bbox 1039 1383 1168 1438; x_wconf 74' lang='grc' dir='ltr'><strong><em>ἒῖοδην</em></strong></span> <span class='ocrx_word' id='word_1_177' title='bbox 1195 1383 1450 1438; x_wconf 77' lang='grc' dir='ltr'><strong><em>ἐξεκόψαμεν.</em></strong></span> <span class='ocrx_word' id='word_1_178' title='bbox 1512 1360 1748 1424; x_wconf 83' lang='lat' dir='ltr'><strong>Gradatio-</strong></span> 
     </span>
     <span class='ocr_line' id='line_1_22' title="bbox 271 1441 1747 1519; baseline 0.001 -40"><span class='ocrx_word' id='word_1_179' title='bbox 271 1456 367 1480; x_wconf 86' lang='lat' dir='ltr'><strong>nem</strong></span> <span class='ocrx_word' id='word_1_180' title='bbox 391 1451 531 1481; x_wconf 90' lang='lat' dir='ltr'><strong>autem</strong></span> <span class='ocrx_word' id='word_1_181' title='bbox 559 1455 639 1494; x_wconf 84' lang='lat' dir='ltr'><strong>ego</strong></span> <span class='ocrx_word' id='word_1_182' title='bbox 668 1455 723 1481; x_wconf 90' lang='lat' dir='ltr'><strong>ne</strong></span> <span class='ocrx_word' id='word_1_183' title='bbox 755 1450 846 1481; x_wconf 91' lang='lat' dir='ltr'><strong>tum</strong></span> <span class='ocrx_word' id='word_1_184' title='bbox 881 1441 1052 1496; x_wconf 88' lang='lat' dir='ltr'><strong>quidem</strong></span> <span class='ocrx_word' id='word_1_185' title='bbox 1076 1444 1121 1480; x_wconf 91' lang='lat' dir='ltr'><strong>in</strong></span> <span class='ocrx_word' id='word_1_186' title='bbox 1143 1442 1184 1484; x_wconf 92' lang='lat' dir='ltr'><strong>h</strong></span> <span class='ocrx_word' id='word_1_187' title='bbox 1212 1444 1242 1482; x_wconf 92' lang='lat' dir='ltr'><strong>l.</strong></span> <span class='ocrx_word' id='word_1_188' title='bbox 1264 1441 1415 1493; x_wconf 79' lang='lat' dir='ltr'><strong>video,</strong></span> <span class='ocrx_word' id='word_1_189' title='bbox 1448 1455 1577 1497; x_wconf 91' lang='lat' dir='ltr'><strong>quum</strong></span> <span class='ocrx_word' id='word_1_190' title='bbox 1593 1441 1747 1519; x_wconf 81' lang='lat' dir='ltr'><strong>legeris</strong></span> 
     </span>
     <span class='ocr_line' id='line_1_23' title="bbox 267 1495 689 1553; baseline -0.01 -12"><span class='ocrx_word' id='word_1_191' title='bbox 267 1495 486 1553; x_wconf 76' lang='grc' dir='ltr'><strong><em>ἐγκόπτων</em></strong></span> <span class='ocrx_word' id='word_1_192' title='bbox 527 1498 689 1538; x_wconf 78' lang='lat' dir='ltr'><strong>LE11M.</strong></span> 
     </span>
    </p>

    <p class='ocr_par' dir='ltr' id='par_1_3' title="bbox 259 1552 1747 2674">
     <span class='ocr_line' id='line_1_24' title="bbox 384 1552 1744 1609; baseline -0.005 -10"><span class='ocrx_word' id='word_1_193' title='bbox 384 1554 489 1594; x_wconf 64' lang='lat' dir='ltr'><strong>Emi.</strong></span> <span class='ocrx_word' id='word_1_194' title='bbox 510 1556 539 1594; x_wconf 87' lang='lat' dir='ltr'><strong>l·</strong></span> <span class='ocrx_word' id='word_1_195' title='bbox 562 1558 602 1598; x_wconf 91' lang='lat'><strong>5·</strong></span> <span class='ocrx_word' id='word_1_196' title='bbox 642 1552 696 1596; x_wconf 89' lang='lat' dir='ltr'>O</span> <span class='ocrx_word' id='word_1_197' title='bbox 725 1552 823 1603; x_wconf 71' lang='grc' dir='ltr'><strong><em>τους</em></strong></span> <span class='ocrx_word' id='word_1_198' title='bbox 851 1554 1031 1609; x_wconf 77' lang='grc' dir='ltr'><strong><em>ἐφήβους</em></strong></span> <span class='ocrx_word' id='word_1_199' title='bbox 1069 1552 1290 1607; x_wconf 79' lang='grc' dir='ltr'><strong><em>α’νασπῶν)</em></strong></span> <span class='ocrx_word' id='word_1_200' title='bbox 1328 1555 1416 1593; x_wconf 77' lang='lat' dir='ltr'><strong>Vix</strong></span> <span class='ocrx_word' id='word_1_201' title='bbox 1447 1553 1625 1592; x_wconf 89' lang='lat' dir='ltr'><strong>dubium</strong></span> <span class='ocrx_word' id='word_1_202' title='bbox 1661 1563 1744 1604; x_wconf 80' lang='lat' dir='ltr'><strong>est⁷</strong></span> 
     </span>
     <span class='ocr_line' id='line_1_25' title="bbox 272 1610 1747 1666; baseline 0.001 -18"><span class='ocrx_word' id='word_1_203' title='bbox 272 1611 378 1665; x_wconf 89' lang='lat' dir='ltr'><strong>quin</strong></span> <span class='ocrx_word' id='word_1_204' title='bbox 400 1610 510 1649; x_wconf 85' lang='lat' dir='ltr'><strong>illud</strong></span> <span class='ocrx_word' id='word_1_205' title='bbox 541 1625 674 1664; x_wconf 79' lang='lat' dir='ltr'><strong>genus</strong></span> <span class='ocrx_word' id='word_1_206' title='bbox 708 1611 892 1664; x_wconf 82' lang='lat' dir='ltr'><strong>injuriae</strong></span> <span class='ocrx_word' id='word_1_207' title='bbox 919 1622 1113 1661; x_wconf 85' lang='lat' dir='ltr'><strong>notetur,</strong></span> <span class='ocrx_word' id='word_1_208' title='bbox 1148 1626 1232 1666; x_wconf 90' lang='lat' dir='ltr'><strong>quo</strong></span> <span class='ocrx_word' id='word_1_209' title='bbox 1259 1611 1569 1650; x_wconf 84' lang='lat' dir='ltr'><strong>adolescentuli</strong></span> <span class='ocrx_word' id='word_1_210' title='bbox 1589 1613 1657 1649; x_wconf 88' lang='lat' dir='ltr'><strong>vel</strong></span> <span class='ocrx_word' id='word_1_211' title='bbox 1679 1625 1747 1649; x_wconf 83' lang='lat' dir='ltr'><strong>ca-</strong></span> 
     </span>
     <span class='ocr_line' id='line_1_26' title="bbox 269 1666 1746 1721; baseline -0.001 -14"><span class='ocrx_word' id='word_1_212' title='bbox 269 1679 460 1707; x_wconf 82' lang='lat' dir='ltr'><strong>strantur</strong></span> <span class='ocrx_word' id='word_1_213' title='bbox 481 1670 608 1720; x_wconf 86' lang='lat' dir='ltr'><strong>plane</strong></span> <span class='ocrx_word' id='word_1_214' title='bbox 624 1701 635 1717; x_wconf 91' lang='lat'><em>‚</em></span> <span class='ocrx_word' id='word_1_215' title='bbox 666 1670 735 1707; x_wconf 88' lang='lat' dir='ltr'><strong>vel</strong></span> <span class='ocrx_word' id='word_1_216' title='bbox 757 1668 900 1707; x_wconf 91' lang='lat' dir='ltr'><strong>nervis</strong></span> <span class='ocrx_word' id='word_1_217' title='bbox 924 1679 1034 1708; x_wconf 84' lang='lat' dir='ltr'><strong>certe</strong></span> <span class='ocrx_word' id='word_1_218' title='bbox 1058 1667 1254 1707; x_wconf 71' lang='lat' dir='ltr'><strong>convulsis</strong></span> <span class='ocrx_word' id='word_1_219' title='bbox 1278 1677 1351 1706; x_wconf 82' lang='lat' dir='ltr'><strong>aut</strong></span> <span class='ocrx_word' id='word_1_220' title='bbox 1373 1667 1572 1706; x_wconf 86' lang='lat' dir='ltr'><strong>contritis</strong></span> <span class='ocrx_word' id='word_1_221' title='bbox 1593 1666 1644 1704; x_wconf 85' lang='lat' dir='ltr'><strong>ad</strong></span> <span class='ocrx_word' id='word_1_222' title='bbox 1669 1681 1746 1721; x_wconf 80' lang='lat' dir='ltr'><strong>ge-</strong></span> 
     </span>
     <span class='ocr_line' id='line_1_27' title="bbox 269 1698 1743 1777; baseline 0 -15"><span class='ocrx_word' id='word_1_223' title='bbox 269 1724 504 1764; x_wconf 81' lang='lat' dir='ltr'><strong>nerandum</strong></span> <span class='ocrx_word' id='word_1_224' title='bbox 535 1723 775 1762; x_wconf 81' lang='lat' dir='ltr'><strong>redduntur</strong></span> <span class='ocrx_word' id='word_1_225' title='bbox 805 1724 1042 1765; x_wconf 83' lang='lat' dir='ltr'><strong>inhabiles:</strong></span> <span class='ocrx_word' id='word_1_226' title='bbox 1073 1734 1354 1777; x_wconf 81' lang='lat' dir='ltr'><strong>tyrannorum</strong></span> <span class='ocrx_word' id='word_1_227' title='bbox 1387 1737 1520 1776; x_wconf 78' lang='lat' dir='ltr'><strong>opus,</strong></span> <span class='ocrx_word' id='word_1_228' title='bbox 1554 1698 1693 1776; x_wconf 63' lang='lat' dir='ltr'><strong>quodU</strong></span> <span class='ocrx_word' id='word_1_229' title='bbox 1692 1724 1743 1762; x_wconf 83' lang='lat' dir='ltr'><strong>ab</strong></span> 
     </span>
     <span class='ocr_line' id='line_1_28' title="bbox 270 1779 1741 1837; baseline 0.001 -17"><span class='ocrx_word' id='word_1_230' title='bbox 270 1781 463 1821; x_wconf 86' lang='lat' dir='ltr'><strong>Orientis</strong></span> <span class='ocrx_word' id='word_1_231' title='bbox 484 1779 656 1835; x_wconf 84' lang='lat' dir='ltr'><strong>regibus</strong></span> <span class='ocrx_word' id='word_1_232' title='bbox 681 1779 882 1822; x_wconf 86' lang='lat' dir='ltr'><strong>didicere.</strong></span> <span class='ocrx_word' id='word_1_233' title='bbox 944 1783 1060 1820; x_wconf 89' lang='lat' dir='ltr'><strong>Huic</strong></span> <span class='ocrx_word' id='word_1_234' title='bbox 1086 1797 1128 1820; x_wconf 88' lang='lat' dir='ltr'><strong>re</strong></span> <span class='ocrx_word' id='word_1_235' title='bbox 1154 1789 1298 1833; x_wconf 79' lang='lat' dir='ltr'><strong>aptum</strong></span> <span class='ocrx_word' id='word_1_236' title='bbox 1318 1795 1407 1819; x_wconf 89' lang='lat' dir='ltr'><strong>esse</strong></span> <span class='ocrx_word' id='word_1_237' title='bbox 1430 1780 1600 1819; x_wconf 85' lang='lat' dir='ltr'><strong>verbum</strong></span> <span class='ocrx_word' id='word_1_238' title='bbox 1621 1786 1741 1837; x_wconf 69' lang='grc' dir='ltr'><strong><em>σπιῖν,</em></strong></span> 
     </span>
     <span class='ocr_line' id='line_1_29' title="bbox 266 1835 1743 1891; baseline 0 -14"><span class='ocrx_word' id='word_1_239' title='bbox 266 1839 436 1877; x_wconf 81' lang='lat' dir='ltr'><strong>faciunt</strong></span> <span class='ocrx_word' id='word_1_240' title='bbox 460 1837 668 1891; x_wconf 77' lang='lat' dir='ltr'><strong>spadones.</strong></span> <span class='ocrx_word' id='word_1_241' title='bbox 701 1836 802 1875; x_wconf 87' lang='lat' dir='ltr'><strong>Vid.</strong></span> <span class='ocrx_word' id='word_1_242' title='bbox 831 1837 914 1876; x_wconf 91' lang='lat' dir='ltr'><strong>viri</strong></span> <span class='ocrx_word' id='word_1_243' title='bbox 938 1837 1056 1876; x_wconf 79' lang='lat' dir='ltr'><strong>doCti</strong></span> <span class='ocrx_word' id='word_1_244' title='bbox 1079 1837 1175 1877; x_wconf 84' lang='lat' dir='ltr'><strong>adl.</strong></span> <span class='ocrx_word' id='word_1_245' title='bbox 1203 1842 1296 1881; x_wconf 79' lang='grc'><em>128.</em></span> <span class='ocrx_word' id='word_1_246' title='bbox 1320 1836 1372 1875; x_wconf 85' lang='lat' dir='ltr'><strong>de</strong></span> <span class='ocrx_word' id='word_1_247' title='bbox 1395 1837 1445 1875; x_wconf 86' lang='lat' dir='ltr'><strong>V.</strong></span> <span class='ocrx_word' id='word_1_248' title='bbox 1470 1837 1512 1878; x_wconf 86' lang='lat' dir='ltr'><strong>S.</strong></span> <span class='ocrx_word' id='word_1_249' title='bbox 1574 1835 1655 1876; x_wconf 82' lang='lat' dir='ltr'><strong>Sed</strong></span> <span class='ocrx_word' id='word_1_250' title='bbox 1678 1847 1743 1877; x_wconf 86' lang='lat' dir='ltr'><strong>est</strong></span> 
     </span>
     <span class='ocr_line' id='line_1_30' title="bbox 265 1891 1740 1947; baseline -0.001 -14"><span class='ocrx_word' id='word_1_251' title='bbox 265 1895 392 1934; x_wconf 83' lang='lat' dir='ltr'><strong>etiam</strong></span> <span class='ocrx_word' id='word_1_252' title='bbox 427 1893 541 1947; x_wconf 85' lang='lat' dir='ltr'><strong>apud</strong></span> <span class='ocrx_word' id='word_1_253' title='bbox 572 1892 671 1943; x_wconf 75' lang='grc' dir='ltr'><strong>τούς</strong></span> <span class='ocrx_word' id='word_1_254' title='bbox 700 1891 723 1936; x_wconf 89' lang='lat'><strong>0‘</strong></span> <span class='ocrx_word' id='word_1_255' title='bbox 751 1893 881 1935; x_wconf 53' lang='lat' dir='ltr'><strong>Levia</strong></span> <span class='ocrx_word' id='word_1_256' title='bbox 916 1894 1168 1945; x_wconf 77' lang='lat' dir='ltr'><strong>XX11,24</strong></span> <span class='ocrx_word' id='word_1_257' title='bbox 1202 1912 1277 1935; x_wconf 89' lang='grc' dir='ltr'><strong>απ</strong></span> <span class='ocrx_word' id='word_1_258' title='bbox 1263 1895 1532 1947; x_wconf 82' lang='grc' dir='ltr'><strong><em>εσπασμένον,</em></strong></span> <span class='ocrx_word' id='word_1_259' title='bbox 1566 1908 1740 1946; x_wconf 87' lang='lat' dir='ltr'><strong>respon-</strong></span> 
     </span>
     <span class='ocr_line' id='line_1_31' title="bbox 265 1951 1738 2020; baseline 0.001 -31"><span class='ocrx_word' id='word_1_260' title='bbox 265 1951 367 1990; x_wconf 87' lang='lat' dir='ltr'><strong>dens</strong></span> <span class='ocrx_word' id='word_1_261' title='bbox 389 1957 446 2008; x_wconf 78' lang='grc' dir='ltr'><strong>τῷ</strong></span> <span class='ocrx_word' id='word_1_262' title='bbox 466 1961 585 2002; x_wconf 57' lang='grc' dir='ltr'><strong>Μή»,</strong></span> <span class='ocrx_word' id='word_1_263' title='bbox 608 1961 734 2020; x_wconf 84' lang='lat' dir='ltr'><strong>atque</strong></span> <span class='ocrx_word' id='word_1_264' title='bbox 757 1955 813 2006; x_wconf 77' lang='grc' dir='ltr'><strong>τῷ</strong></span> <span class='ocrx_word' id='word_1_265' title='bbox 830 1954 979 1992; x_wconf 79' lang='grc' dir='ltr'><strong><em>θλαδία</em></strong></span> <span class='ocrx_word' id='word_1_266' title='bbox 1008 1961 1050 1991; x_wconf 89' lang='lat' dir='ltr'><strong>et</strong></span> <span class='ocrx_word' id='word_1_267' title='bbox 1070 1952 1361 2020; x_wconf 79' lang='grc' dir='ltr'><strong><em>ἕκτεθλιμμένῳ</em></strong></span> <span class='ocrx_word' id='word_1_268' title='bbox 1383 1961 1424 1990; x_wconf 88' lang='lat' dir='ltr'><strong>et</strong></span> <span class='ocrx_word' id='word_1_269' title='bbox 1438 1952 1598 2006; x_wconf 79' lang='grc' dir='ltr'><strong><em>ἐκτομία</em></strong></span> <span class='ocrx_word' id='word_1_270' title='bbox 1615 1953 1738 2004; x_wconf 83' lang='lat' dir='ltr'><strong>junc-</strong></span> 
     </span>
     <span class='ocr_line' id='line_1_32' title="bbox 263 1984 1740 2072; baseline -0.001 -26"><span class='ocrx_word' id='word_1_271' title='bbox 263 2018 369 2048; x_wconf 87' lang='lat' dir='ltr'><strong>tum.</strong></span> <span class='ocrx_word' id='word_1_272' title='bbox 415 1984 585 2047; x_wconf 78' lang='lat' dir='ltr'><strong>‘’Habet</strong></span> <span class='ocrx_word' id='word_1_273' title='bbox 605 1996 848 2056; x_wconf 62' lang='grc' dir='ltr'><strong><em>οἷποσπάδας</em></strong></span> <span class='ocrx_word' id='word_1_274' title='bbox 880 2008 1048 2059; x_wconf 75' lang='lat' dir='ltr'><strong>Suiclas,</strong></span> <span class='ocrx_word' id='word_1_275' title='bbox 1078 2026 1171 2057; x_wconf 86' lang='grc' dir='ltr'><strong><em>τους</em></strong></span> <span class='ocrx_word' id='word_1_276' title='bbox 1192 2005 1549 2072; x_wconf 59' lang='lat' dir='ltr'><strong>amoenaosse&#39;vra93</strong></span> <span class='ocrx_word' id='word_1_277' title='bbox 1581 2008 1740 2061; x_wconf 82' lang='lat' dir='ltr'><strong>quibus</strong></span> 
     </span>
     <span class='ocr_line' id='line_1_33' title="bbox 262 2063 1738 2133; baseline 0 -27"><span class='ocrx_word' id='word_1_278' title='bbox 262 2065 408 2119; x_wconf 78' lang='lat' dir='ltr'><strong>jungit</strong></span> <span class='ocrx_word' id='word_1_279' title='bbox 438 2063 751 2133; x_wconf 80' lang='grc' dir='ltr'><strong><em>ἆποσπάδοντας</em></strong></span> <span class='ocrx_word' id='word_1_280' title='bbox 780 2063 876 2113; x_wconf 71' lang='grc' dir='ltr'><strong><em>τοὺς</em></strong></span> <span class='ocrx_word' id='word_1_281' title='bbox 904 2063 1197 2114; x_wconf 82' lang='grc' dir='ltr'><strong><em>αποκοπὲντας</em></strong></span> <span class='ocrx_word' id='word_1_282' title='bbox 1261 2064 1383 2118; x_wconf 80' lang='lat' dir='ltr'><strong>Quae</strong></span> <span class='ocrx_word' id='word_1_283' title='bbox 1412 2078 1506 2103; x_wconf 88' lang='lat' dir='ltr'><strong>cum</strong></span> <span class='ocrx_word' id='word_1_284' title='bbox 1537 2065 1598 2103; x_wconf 77' lang='lat' dir='ltr'><strong>ita</strong></span> <span class='ocrx_word' id='word_1_285' title='bbox 1630 2064 1738 2115; x_wconf 83' lang='lat' dir='ltr'><strong>sint,</strong></span> 
     </span>
     <span class='ocr_line' id='line_1_34' title="bbox 261 2118 1739 2176; baseline 0 -17"><span class='ocrx_word' id='word_1_286' title='bbox 261 2121 488 2176; x_wconf 80' lang='lat' dir='ltr'><strong>legendum</strong></span> <span class='ocrx_word' id='word_1_287' title='bbox 525 2131 632 2174; x_wconf 88' lang='lat' dir='ltr'><strong>puto</strong></span> <span class='ocrx_word' id='word_1_288' title='bbox 667 2140 688 2164; x_wconf 92' lang='grc' dir='ltr'><strong><em>ο</em></strong></span> <span class='ocrx_word' id='word_1_289' title='bbox 720 2138 817 2170; x_wconf 83' lang='grc' dir='ltr'><strong><em>τους</em></strong></span> <span class='ocrx_word' id='word_1_290' title='bbox 848 2118 1029 2175; x_wconf 78' lang='grc' dir='ltr'><strong><em>ἔφηβους</em></strong></span> <span class='ocrx_word' id='word_1_291' title='bbox 1058 2121 1276 2171; x_wconf 65' lang='grc' dir='ltr'><strong><em>ἀποσπῶν,</em></strong></span> <span class='ocrx_word' id='word_1_292' title='bbox 1310 2131 1352 2160; x_wconf 83' lang='lat' dir='ltr'><strong>et</strong></span> <span class='ocrx_word' id='word_1_293' title='bbox 1379 2120 1656 2172; x_wconf 79' lang='lat' dir='ltr'><strong>vertendum,</strong></span> <span class='ocrx_word' id='word_1_294' title='bbox 1688 2130 1739 2159; x_wconf 74' lang='lat' dir='ltr'><strong>ut</strong></span> 
     </span>
     <span class='ocr_line' id='line_1_35' title="bbox 261 2177 1736 2232; baseline -0.001 -16"><span class='ocrx_word' id='word_1_295' title='bbox 261 2178 413 2230; x_wconf 87' lang='lat' dir='ltr'><strong>posui,</strong></span> <span class='ocrx_word' id='word_1_296' title='bbox 453 2188 587 2232; x_wconf 86' lang='lat' dir='ltr'><strong>utque</strong></span> <span class='ocrx_word' id='word_1_297' title='bbox 618 2179 840 2217; x_wconf 79' lang='lat' dir='ltr'><strong>Erasmus</strong></span> <span class='ocrx_word' id='word_1_298' title='bbox 828 2193 909 2231; x_wconf 76' lang='lat' dir='ltr'><strong>jam</strong></span> <span class='ocrx_word' id='word_1_299' title='bbox 942 2189 1166 2232; x_wconf 83' lang='lat' dir='ltr'><strong>posuerat,</strong></span> <span class='ocrx_word' id='word_1_300' title='bbox 1214 2194 1235 2216; x_wconf 83' lang='lat' dir='ltr'>a</span> <span class='ocrx_word' id='word_1_301' title='bbox 1266 2192 1352 2231; x_wconf 86' lang='lat' dir='ltr'><strong>quo</strong></span> <span class='ocrx_word' id='word_1_302' title='bbox 1384 2177 1616 2218; x_wconf 87' lang='lat' dir='ltr'><strong>discessum</strong></span> <span class='ocrx_word' id='word_1_303' title='bbox 1647 2192 1736 2216; x_wconf 91' lang='lat' dir='ltr'><strong>non</strong></span> 
     </span>
     <span class='ocr_line' id='line_1_36' title="bbox 261 2230 1738 2288; baseline -0.001 -14"><span class='ocrx_word' id='word_1_304' title='bbox 261 2235 472 2286; x_wconf 88' lang='lat' dir='ltr'><strong>oportuit</strong></span> <span class='ocrx_word' id='word_1_305' title='bbox 534 2234 665 2288; x_wconf 83' lang='lat' dir='ltr'><strong>Quod</strong></span> <span class='ocrx_word' id='word_1_306' title='bbox 685 2236 721 2273; x_wconf 90' lang='lat' dir='ltr'><strong>si</strong></span> <span class='ocrx_word' id='word_1_307' title='bbox 745 2230 934 2288; x_wconf 75' lang='grc' dir='ltr'><strong><em>ἆνασπᾷν</em></strong></span> <span class='ocrx_word' id='word_1_308' title='bbox 961 2235 1107 2275; x_wconf 85' lang='lat' dir='ltr'><strong>eodem</strong></span> <span class='ocrx_word' id='word_1_309' title='bbox 1132 2235 1259 2274; x_wconf 87' lang='lat' dir='ltr'><strong>modo</strong></span> <span class='ocrx_word' id='word_1_310' title='bbox 1282 2234 1418 2287; x_wconf 82' lang='lat' dir='ltr'><strong>accipi</strong></span> <span class='ocrx_word' id='word_1_311' title='bbox 1440 2249 1563 2286; x_wconf 88' lang='lat' dir='ltr'><strong>posse</strong></span> <span class='ocrx_word' id='word_1_312' title='bbox 1585 2234 1738 2275; x_wconf 82' lang='lat' dir='ltr'><strong>doceat</strong></span> 
     </span>
     <span class='ocr_line' id='line_1_37' title="bbox 261 2291 1736 2345; baseline -0.001 -15"><span class='ocrx_word' id='word_1_313' title='bbox 261 2291 446 2344; x_wconf 85' lang='lat' dir='ltr'><strong>aliquis,</strong></span> <span class='ocrx_word' id='word_1_314' title='bbox 478 2292 720 2331; x_wconf 85' lang='lat' dir='ltr'><strong>mutatione</strong></span> <span class='ocrx_word' id='word_1_315' title='bbox 743 2294 868 2344; x_wconf 88' lang='lat' dir='ltr'><strong>plane</strong></span> <span class='ocrx_word' id='word_1_316' title='bbox 891 2307 996 2345; x_wconf 80' lang='lat' dir='ltr'><strong>opus</strong></span> <span class='ocrx_word' id='word_1_317' title='bbox 1020 2307 1107 2332; x_wconf 90' lang='lat' dir='ltr'><strong>non</strong></span> <span class='ocrx_word' id='word_1_318' title='bbox 1130 2292 1271 2331; x_wconf 78' lang='lat' dir='ltr'><strong>fuerit.</strong></span> <span class='ocrx_word' id='word_1_319' title='bbox 1329 2291 1480 2345; x_wconf 83' lang='lat' dir='ltr'><strong>Neque</strong></span> <span class='ocrx_word' id='word_1_320' title='bbox 1501 2300 1664 2340; x_wconf 82' lang='lat' dir='ltr'><strong>tamen,</strong></span> <span class='ocrx_word' id='word_1_321' title='bbox 1699 2291 1736 2328; x_wconf 86' lang='lat' dir='ltr'><strong>si</strong></span> 
     </span>
     <span class='ocr_line' id='line_1_38' title="bbox 262 2344 1736 2403; baseline 0 -17"><span class='ocrx_word' id='word_1_322' title='bbox 262 2348 334 2386; x_wconf 86' lang='lat' dir='ltr'><strong>cui</strong></span> <span class='ocrx_word' id='word_1_323' title='bbox 365 2347 448 2387; x_wconf 85' lang='lat' dir='ltr'><strong>ista</strong></span> <span class='ocrx_word' id='word_1_324' title='bbox 479 2347 758 2400; x_wconf 81' lang='lat' dir='ltr'><strong>displiceant,</strong></span> <span class='ocrx_word' id='word_1_325' title='bbox 792 2348 1066 2388; x_wconf 86' lang='lat' dir='ltr'><strong>vehementer</strong></span> <span class='ocrx_word' id='word_1_326' title='bbox 1095 2348 1447 2403; x_wconf 78' lang='lat' dir='ltr'><strong>repugnaverim,</strong></span> <span class='ocrx_word' id='word_1_327' title='bbox 1481 2348 1517 2386; x_wconf 88' lang='lat' dir='ltr'><strong>si</strong></span> <span class='ocrx_word' id='word_1_328' title='bbox 1548 2344 1736 2389; x_wconf 76' lang='grc' dir='ltr'><strong><em>ἆνασπᾶν</em></strong></span> 
     </span>
     <span class='ocr_line' id='line_1_39' title="bbox 260 2404 1736 2458; baseline 0 -16"><span class='ocrx_word' id='word_1_329' title='bbox 260 2405 445 2444; x_wconf 84' lang='lat' dir='ltr'><strong>retinere</strong></span> <span class='ocrx_word' id='word_1_330' title='bbox 465 2405 597 2455; x_wconf 82' lang='lat' dir='ltr'><strong>velit,</strong></span> <span class='ocrx_word' id='word_1_331' title='bbox 629 2414 670 2445; x_wconf 87' lang='lat' dir='ltr'><strong>et</strong></span> <span class='ocrx_word' id='word_1_332' title='bbox 689 2405 961 2458; x_wconf 75' lang='lat' dir='ltr'><strong>interpretarl</strong></span> <span class='ocrx_word' id='word_1_333' title='bbox 982 2407 1229 2455; x_wconf 70' lang='lat' dir='ltr'><strong>contrahere</strong></span> <span class='ocrx_word' id='word_1_334' title='bbox 1262 2405 1338 2443; x_wconf 77' lang='lat' dir='ltr'><strong>sibi</strong></span> <span class='ocrx_word' id='word_1_335' title='bbox 1358 2404 1587 2458; x_wconf 70' lang='lat' dir='ltr'><strong>adjungere,</strong></span> <span class='ocrx_word' id='word_1_336' title='bbox 1622 2406 1736 2458; x_wconf 81' lang='lat' dir='ltr'><strong>quasi</strong></span> 
     </span>
     <span class='ocr_line' id='line_1_40' title="bbox 259 2460 1733 2512; baseline 0.001 -15"><span class='ocrx_word' id='word_1_337' title='bbox 259 2477 434 2512; x_wconf 73' lang='lat' dir='ltr'><strong>sursum,</strong></span> <span class='ocrx_word' id='word_1_338' title='bbox 455 2464 497 2501; x_wconf 82' lang='lat' dir='ltr'><strong>in</strong></span> <span class='ocrx_word' id='word_1_339' title='bbox 517 2477 644 2501; x_wconf 80' lang='lat' dir='ltr'><strong>arcem</strong></span> <span class='ocrx_word' id='word_1_340' title='bbox 664 2477 799 2507; x_wconf 81' lang='lat' dir='ltr'><strong>suam,</strong></span> <span class='ocrx_word' id='word_1_341' title='bbox 823 2463 985 2501; x_wconf 65' lang='lat' dir='ltr'><strong>trahere.</strong></span> <span class='ocrx_word' id='word_1_342' title='bbox 1018 2464 1156 2504; x_wconf 74' lang='lat' dir='ltr'><strong>GESN.</strong></span> <span class='ocrx_word' id='word_1_343' title='bbox 1218 2463 1336 2500; x_wconf 79' lang='lat' dir='ltr'><strong>Haec</strong></span> <span class='ocrx_word' id='word_1_344' title='bbox 1357 2460 1471 2499; x_wconf 83' lang='lat' dir='ltr'><strong>haud</strong></span> <span class='ocrx_word' id='word_1_345' title='bbox 1497 2460 1624 2500; x_wconf 91' lang='lat' dir='ltr'><strong>dubie</strong></span> <span class='ocrx_word' id='word_1_346' title='bbox 1645 2475 1733 2498; x_wconf 89' lang='lat' dir='ltr'><strong>non</strong></span> 
     </span>
     <span class='ocr_line' id='line_1_41' title="bbox 261 2517 1731 2572; baseline 0.001 -19"><span class='ocrx_word' id='word_1_347' title='bbox 261 2517 348 2553; x_wconf 82' lang='lat' dir='ltr'><strong>suit</strong></span> <span class='ocrx_word' id='word_1_348' title='bbox 371 2518 559 2556; x_wconf 87' lang='lat' dir='ltr'><strong>auctoris</strong></span> <span class='ocrx_word' id='word_1_349' title='bbox 583 2533 724 2569; x_wconf 84' lang='lat' dir='ltr'><strong>mens,</strong></span> <span class='ocrx_word' id='word_1_350' title='bbox 757 2518 830 2557; x_wconf 86' lang='lat' dir='ltr'><strong>sed</strong></span> <span class='ocrx_word' id='word_1_351' title='bbox 849 2519 920 2557; x_wconf 86' lang='lat' dir='ltr'><strong>illa</strong></span> <span class='ocrx_word' id='word_1_352' title='bbox 946 2521 1116 2571; x_wconf 87' lang='lat' dir='ltr'><strong>potius</strong></span> <span class='ocrx_word' id='word_1_353' title='bbox 1150 2533 1274 2572; x_wconf 86' lang='lat' dir='ltr'><strong>quam</strong></span> <span class='ocrx_word' id='word_1_354' title='bbox 1307 2517 1448 2557; x_wconf 76' lang='lat' dir='ltr'><strong>Gesner</strong></span> <span class='ocrx_word' id='word_1_355' title='bbox 1442 2534 1494 2556; x_wconf 80' lang='lat' dir='ltr'><strong>us</strong></span> <span class='ocrx_word' id='word_1_356' title='bbox 1515 2526 1636 2556; x_wconf 84' lang='lat' dir='ltr'><strong>antea</strong></span> <span class='ocrx_word' id='word_1_357' title='bbox 1661 2531 1731 2555; x_wconf 86' lang='lat' dir='ltr'><strong>ex-</strong></span> 
     </span>
     <span class='ocr_line' id='line_1_42' title="bbox 262 2573 1728 2630; baseline 0.001 -20"><span class='ocrx_word' id='word_1_358' title='bbox 262 2584 480 2623; x_wconf 73' lang='lat' dir='ltr'><strong>posuerat.</strong></span> <span class='ocrx_word' id='word_1_359' title='bbox 543 2575 667 2614; x_wconf 87' lang='lat' dir='ltr'><strong>Unde</strong></span> <span class='ocrx_word' id='word_1_360' title='bbox 690 2590 784 2613; x_wconf 91' lang='lat' dir='ltr'><strong>cum</strong></span> <span class='ocrx_word' id='word_1_361' title='bbox 807 2590 857 2615; x_wconf 89' lang='lat' dir='ltr'><strong>eo</strong></span> <span class='ocrx_word' id='word_1_362' title='bbox 878 2578 1013 2630; x_wconf 80' lang='lat' dir='ltr'><strong>legam</strong></span> <span class='ocrx_word' id='word_1_363' title='bbox 1035 2574 1251 2625; x_wconf 73' lang='grc' dir='ltr'><strong><em>ἀποσπῶν,</em></strong></span> <span class='ocrx_word' id='word_1_364' title='bbox 1285 2584 1326 2614; x_wconf 89' lang='lat' dir='ltr'><strong>et</strong></span> <span class='ocrx_word' id='word_1_365' title='bbox 1344 2574 1567 2613; x_wconf 88' lang='lat' dir='ltr'><strong>scriberem</strong></span> <span class='ocrx_word' id='word_1_366' title='bbox 1586 2573 1728 2624; x_wconf 87' lang='lat' dir='ltr'><strong>etiam,</strong></span> 
     </span>
     <span class='ocr_line' id='line_1_43' title="bbox 263 2628 1452 2674; baseline 0.001 -7"><span class='ocrx_word' id='word_1_367' title='bbox 263 2628 347 2667; x_wconf 85' lang='lat' dir='ltr'><strong>nisi</strong></span> <span class='ocrx_word' id='word_1_368' title='bbox 369 2645 513 2670; x_wconf 84' lang='lat' dir='ltr'><strong>omnes</strong></span> <span class='ocrx_word' id='word_1_369' title='bbox 540 2631 675 2670; x_wconf 91' lang='lat' dir='ltr'><strong>libri</strong></span> <span class='ocrx_word' id='word_1_370' title='bbox 664 2646 708 2669; x_wconf 82' lang='lat'><strong>111</strong></span> <span class='ocrx_word' id='word_1_371' title='bbox 732 2630 925 2673; x_wconf 71' lang='grc' dir='ltr'><strong><em>ἀνασπῶν</em></strong></span> <span class='ocrx_word' id='word_1_372' title='bbox 946 2634 1252 2674; x_wconf 84' lang='lat' dir='ltr'><strong>consentirent.</strong></span> <span class='ocrx_word' id='word_1_373' title='bbox 1296 2632 1452 2671; x_wconf 80' lang='lat' dir='ltr'><strong>LrnM.</strong></span> 
     </span>
    </p>

    <p class='ocr_par' dir='ltr' id='par_1_4' title="bbox 264 2685 1731 2786">
     <span class='ocr_line' id='line_1_44' title="bbox 349 2685 1731 2784; baseline -0.005 -51.87"><span class='ocrx_word' id='word_1_374' title='bbox 349 2685 472 2784; x_wconf 37' lang='lat' dir='ltr'><strong>PE&amp;</strong></span> <span class='ocrx_word' id='word_1_375' title='bbox 465 2693 581 2732; x_wconf 79' lang='lat'><strong>..328</strong></span> <span class='ocrx_word' id='word_1_376' title='bbox 600 2691 708 2733; x_wconf 88' lang='lat'><strong>1.11.</strong></span> <span class='ocrx_word' id='word_1_377' title='bbox 746 2686 832 2741; x_wconf 73' lang='grc' dir='ltr'><strong>οὐ)</strong></span> <span class='ocrx_word' id='word_1_378' title='bbox 862 2690 930 2728; x_wconf 79' lang='lat' dir='ltr'><strong>Ita</strong></span> <span class='ocrx_word' id='word_1_379' title='bbox 950 2691 1060 2730; x_wconf 80' lang='lat' dir='ltr'><strong>Mss.</strong></span> <span class='ocrx_word' id='word_1_380' title='bbox 1084 2692 1220 2745; x_wconf 79' lang='lat' dir='ltr'><strong>Regg</strong></span> <span class='ocrx_word' id='word_1_381' title='bbox 1243 2692 1365 2733; x_wconf 85' lang='lat'><strong>2954.</strong></span> <span class='ocrx_word' id='word_1_382' title='bbox 1388 2696 1429 2728; x_wconf 82' lang='lat' dir='ltr'><strong>et</strong></span> <span class='ocrx_word' id='word_1_383' title='bbox 1447 2690 1571 2731; x_wconf 83' lang='lat'>3011</span> <span class='ocrx_word' id='word_1_384' title='bbox 1602 2687 1731 2742; x_wconf 75' lang='lat' dir='ltr'><strong>vulg.</strong></span> 
     </span>
     <span class='ocr_line' id='line_1_45' title="bbox 264 2736 493 2786; baseline -0.009 -2"><span class='ocrx_word' id='word_1_385' title='bbox 264 2736 367 2786; x_wconf 77' lang='grc' dir='ltr'><strong><em>ουδὲ</em></strong></span> <span class='ocrx_word' id='word_1_386' title='bbox 438 2758 493 2783; x_wconf 77' lang='lat'><strong>11²</strong></span> 
     </span>
    </p>
   </div>
  </div>
 </body>
</html>
