1834 3188
284 222 384 271 518
642 234 1394 267 Anno'rnrlonns

289 348 412 388 quem
434 333 642 373 delectum
674 334 844 372 mittant
865 332 915 371 ad
951 331 1210 381 Zamolxin,
1249 332 1446 384 πέμπουσι
1479 333 1544 371 vel
1573 328 1748 385 εἷποπὲμ-

287 407 410 434 πουσι
425 391 534 442 παρὰ
559 390 629 433 τὸν
646 388 867 446 Ζάμολξιν,
901 386 1167 441 ἐντελλόμεναι
1193 391 1273 429 τῶν
1297 385 1345 429 ἂν
1365 385 1549 430 ἑκάστοτε
1567 389 1746 430 δέωνται.

291 449 387 486 Hoc
411 448 555 499 itaque
581 449 623 485 in
649 448 846 486 versione
866 455 1035 485 secutus
1062 459 1165 483 sum,
1227 445 1400 483 Deinde
1431 445 1556 484 verba
1587 447 1650 486 ἐπὶ
1682 451 1752 498 τῆς

288 502 478 552 Ἑλλάὸος
498 504 673 541 omnino
701 502 1050 556 praecedentibus
1079 505 1225 556 jungo.
1286 501 1403 555 Quid
1429 501 1576 541 enim?
1619 501 1751 542 disce·

293 576 391 600 rene
415 560 622 601 debebant
637 559 854 606 homines,
888 561 1155 611 Areopagum
1177 567 1217 598 et
1238 558 1426 597 Athenas
1449 573 1538 599 esse
1560 559 1604 597 in
1624 559 1755 598 Grae.v

295 617 390 658 cia?
424 632 475 657 an
501 616 649 666 illud,
676 616 894 655 barbarum
931 615 1146 657 hominem
1177 624 1218 654 et
1247 614 1446 666 Scytharn
1475 630 1553 669 pro
1584 616 1750 666 Heroe,

295 688 371 727 pro
393 673 594 714 auxiliari
619 673 821 716 Graeciae
843 673 1041 721 numine,
1083 671 1127 709 in
1152 671 1329 710 Graecia
1354 671 1581 726 agnitum?
1615 673 1752 713 GEsN.

296 730 399 768 Abit
420 744 440 768 a
468 729 852 771 Gesner-{sententia
881 728 1037 771 Wessel.
1065 727 1115 766 ad
1142 728 1264 769 Diod.
1287 729 1369 767 δίο.
1392 730 1423 770 l.
1447 743 1485 781 p.
1510 731 1604 773 105.
1625 743 1667 769 n.
1685 735 1753 774 32.

296 796 337 826 et
372 782 687 836 ἀπαθανατίζειν
717 787 881 838 probat.
915 787 1076 827 mez.
1137 786 1207 827 De
1243 784 1520 836 Zamolxide,
1553 786 1756 824 Getarum

293 844 564 895 legislatore,
595 844 1010 896 praete1·Dffen03-ium
1031 856 1154 895 supra
1184 842 1399 886 laudatum
1420 851 1598 895 egerunt
1628 841 1756 882 etiam

299 899 526 953 Wesseting.
559 899 611 941 ad
634 899 880 944 IIeroclotil.
903 903 927 937 1.
957 909 998 938 et
1030 900 1080 937 [Γ
1111 898 1276 937 Anville
1306 898 1349 935 in
1384 898 1758 938 Commentatione

295 970 366 994 sur
385 960 423 996 la
450 957 598 995 nation
624 955 695 996 des
718 957 845 994 Getes
869 966 909 995 et
930 970 1001 994 sur
1023 958 1061 994 le
1085 955 1262 997 Pontife
1283 954 1411 993 adore
1432 953 1531 992 ches
1552 965 1662 994 cette
1684 969 1756 993 na·

296 1012 392 1052 tion
411 1013 454 1050 in
475 1014 605 1055 BIem.
631 1012 681 1053 de
701 1014 729 1053 l’
748 1012 877 1053 Acad.
903 1012 975 1053 des
994 1012 1125 1053 Inscr.
1149 1011 1295 1062 XXV,
1318 1016 1386 1055 34.
1407 1026 1465 1066 sq.
1497 1013 1655 1051 Lnnm.

409 1125 512 1167 Eacl.
535 1129 563 1168 1.
591 1130 654 1171 10.
688 1123 804 1167 Ἀλλά
834 1148 889 1156 —
919 1124 1083 1172 ἔδοξεν)
1118 1118 1234 1165 Ἀλλόι
1262 1125 1329 1165 καὶ
1350 1121 1588 1175 Ἀθηναίοις
1615 1125 1761 1173 ἐξεῖναι

296 1188 504 1225 θεοποιεῖν
521 1181 614 1232 τοὺς
634 1181 802 1231 Σκύθας
824 1183 886 1224 ἐπὶ
905 1186 974 1233 τῆς
988 1178 1194 1229 Ἑλλάδος.
1228 1179 1328 1222 κατὰ
1356 1179 1425 1221 τὸν
1444 1179 1582 1233 λοιμὸν
1600 1180 1670 1222 τὸν
1698 1183 1761 1233 μέ-

298 1257 372 1294 γαν
390 1242 536 1290 ἔδοξεν,
598 1240 667 1278 Sic
690 1239 921 1293 distinguit
942 1237 1266 1285 Bourdelottana,
1301 1248 1343 1276 et
1360 1237 1658 1280 interpretatio
1683 1238 1762 1277 Ob·

298 1299 428 1350 sopoei
445 1307 506 1335 est
521 1328 532 1347 ‚
562 1296 630 1336 secl
647 1295 952 1340 Atheniensibus
977 1310 1127 1349 quoque
1150 1293 1300 1332 licitum
1325 1304 1378 1332 est
1397 1296 1435 1332 in
1464 1293 1633 1333 Graecia
1655 1294 1764 1347 Scy-

299 1354 385 1392 thas
409 1352 676 1407 Deosfacere.
740 1352 825 1408 Quo
851 1363 1017 1403 tempore
1041 1366 1157 1390 saeva
1180 1350 1403 1404 pestilentia
1430 1349 1599 1404 populus
1626 1351 1704 1390 A'⁷
1724 1368 1762 1380 ·-

299 1412 439 1449 niensis
472 1409 748 1466 infestabatur.
808 1407 1043 1448 Benedictus
1082 1409 1139 1444 ita
1179 1407 1363 1445 minavit
1410 1407 1760 1456 distinctionem,

298 1466 391 1512 τοὺς
411 1465 591 1514 Σκύθας.
625 1467 688 1508 ἐπὶ
713 1471 784 1517 τῆς
810 1462 1002 1513 Ἑλλάδος
1025 1462 1147 1513 κατὰ,
1191 1474 1356 1501 vertens
1390 1473 1525 1501 tamen
1541 1493 1551 1513 ,
1595 1463 1766 1517 Scythas

302 1524 339 1561 in
359 1521 526 1561 Graecia
547 1525 648 1563 Deos
660 1522 818 1577 facere.
883 1521 968 1572 Quo
989 1532 1156 1573 tempor-e
1171 1535 1284 1558 saeva
1302 1519 1524 1572 pestilentia
1538 1519 1766 1572 grassaba—

304 1590 365 1617 tur
383 1579 562 1618 Athenis.
624 1578 750 1618 Unde
771 1588 960 1630 apparet,
992 1586 1195 1629 quantum
1215 1575 1299 1612 sibi
1324 1576 1562 1626 permiserit
1587 1585 1768 1627 uterque

305 1635 533 1687 interpres,
567 1650 659 1678 cum
682 1644 723 1673 et
748 1633 797 1671 de
819 1636 980 1686 populo
1007 1631 1260 1670 Atheniensi
1287 1631 1395 1669 nihil
1419 1631 1563 1669 dicant
1586 1631 1766 1681 Graeca,

304 1700 344 1730 et
367 1691 616 1731 tantundem
639 1691 688 1730 de
707 1690 911 1729 Benedicti
932 1688 1130 1726 Athenis.
1189 1688 1314 1727 Certe
1337 1687 1504 1740 quidem
1531 1688 1572 1724 in
1596 1702 1641 1726 ea
1665 1687 1766 1726 urbe

306 1750 415 1785 luem
442 1759 664 1800 grassatam
688 1761 811 1786 nemo
837 1747 894 1784 ita
927 1759 1075 1784 coecus
1102 1754 1186 1793 est,
1222 1745 1295 1797 qui
1328 1758 1415 1782 non
1450 1744 1552 1781 satis
1579 1759 1631 1783 ex
1661 1744 1769 1782 serie

309 1803 515 1841 orationis
537 1804 689 1843 videat.
750 1801 834 1843 Sed
855 1817 907 1840 an
928 1812 1151 1854 propterea
1171 1815 1256 1838 non
1276 1800 1401 1839 etiam
1425 1801 1567 1851 potuit
1589 1799 1768 1853 grassari

307 1870 422 1898 extra
445 1861 588 1900 urbem
615 1861 728 1899 illam
753 1873 827 1911 per
849 1857 1067 1898 Graeciam
1085 1856 1104 1895 ⁸?
1148 1867 1187 1895 et
1216 1872 1308 1895 cum
1333 1866 1589 1910 grassaretur
1613 1856 1671 1894 ita
1697 1870 1770 1907 per

307 1917 543 1955 universam
567 1933 650 1956 non
675 1917 812 1954 minus
836 1915 1079 1960 Graeciam,
1114 1927 1234 1966 quam
1260 1912 1471 1961 Athenas,
1504 1927 1554 1950 an
1578 1927 1660 1950 non
1687 1926 1771 1964 po-

309 1973 392 2010 tuit
427 1973 642 2027 singulare
675 1972 899 2011 monstrari
932 1970 1159 2009 remedium
1194 1969 1288 2006 urbi
1315 1967 1604 2016 Athenarum,
1637 1982 1771 2020 aeque

308 2039 354 2066 ut
375 2030 471 2067 aliis
494 2030 673 2082 privatis
694 2028 867 2067 urbibus
882 2027 913 2066 ἲ·
933 2027 1070 2066 Nemo
1094 2025 1352 2064 contrarium
1373 2024 1545 2063 dixerit.
1576 2025 1635 2063 Et
1654 2038 1771 2078 pror-

310 2100 377 2124 sus
404 2089 485 2124 tale
511 2087 667 2123 factum
694 2094 947 2123 memoratur
973 2082 1022 2120 ab
1047 2081 1367 2134 Harpocratione
1389 2080 1621 2134 ἰηἍβαρις.
1677 2081 1771 2122 Jam

312 2142 435 2180 verba
463 2143 533 2180 illa
565 2144 627 2184 ἐπὶ
656 2146 725 2194 τῆς
745 2137 935 2187 Ἑλλάδος
968 2138 1185 2191 pertinent
1227 2137 1406 2175 omnino
1439 2137 1489 2174 ad
1523 2137 1770 2190 sequentia,

312 2198 465 2251 quibus
486 2199 719 2237 rectissime
748 2197 1014 2235 conveniunt
1031 2224 1039 2240 ,
1074 2209 1165 2233 cum
1190 2192 1543 2246 praecedentibus
1568 2192 1774 2232 adhaere-

313 2265 384 2292 ant
404 2269 572 2307 prorsus
596 2254 708 2307 quod
734 2253 783 2291 ad
808 2252 1012 2304 syntaxin
1041 2250 1289 2301 κακοζήλως,
1323 2254 1393 2300 (et
1424 2250 1518 2302 quis
1545 2249 1657 2288 dicet
1679 2243 1773 2290 θεό-

312 2318 444 2352 ποιεῖν
466 2313 528 2353 ἐπὶ
549 2308 873 2363 τῆς”Ελλάδος,·)
907 2306 1023 2360 quod
1041 2307 1094 2346 ad
1117 2323 1198 2346 rein
1222 2308 1368 2358 ipsam,
1402 2305 1643 2360 nugaciter;
1677 2319 1772 2342 cum

316 2367 592 2406 Athenienses
619 2377 831 2419 nequeant
855 2369 1082 2412 θεοποιεῖν,
1116 2364 1201 2402 nisi
1236 2364 1279 2400 in
1304 2363 1520 2401 territorio
1553 2375 1654 2399 suo:
1692 2375 1773 2400 ne-

314 2438 392 2476 que
412 2424 594 2463 Lucieno
613 2422 886 2462 contrarietas
907 2421 950 2458 iu
972 2421 1040 2458 his
1060 2420 1247 2474 quaesita
1269 2428 1354 2467 est,
1387 2418 1457 2458 sed
1478 2419 1521 2456 in
1542 2415 1711 2467 Scythis
1730 2426 1773 2456 et

314 2479 664 2518 Atheniensibus.
704 2480 850 2519 GRON.
910 2478 1073 2515 Horum
1099 2476 1148 2516 de
1173 2475 1308 2515 verbis
1330 2476 1395 2516 ἐπὶ
1413 2479 1482 2530 τῆς
1500 2471 1687 2520 Ἑλλάδος
1709 2476 1772 2523 ju-

316 2534 548 2573 dicatorum
573 2536 821 2575 tenuitatem
847 2534 947 2572 satis
968 2533 1164 2585 aperiunt
1186 2547 1317 2584 pauca
1342 2531 1497 2571 Gesneri
1515 2529 1651 2569 verba.
1686 2529 1771 2567 Ne-

318 2604 396 2641 que
420 2591 545 2630 hodie
570 2594 694 2632 facile
715 2592 871 2638 fuerit,
907 2590 979 2643 qui
1002 2589 1206 2628 Benedicti
1227 2588 1456 2626 mutationi
1479 2584 1773 2624 distinctionis

317 2647 454 2683 album
486 2649 658 2699 adjiciat
687 2651 920 2697 calculurn3
954 2646 1195 2698 praesertim
1229 2659 1320 2681 cum
1345 2643 1385 2680 in
1413 2640 1631 2690 omnibus,
1665 2655 1773 2693 quos

319 2705 539 2750 consului,
573 2705 688 2742 libris
723 2705 846 2742 verba
886 2704 965 2740 ista
1007 2700 1352 2752 praecedentibus
1381 2701 1525 2749 juncta
1557 2697 1774 2751 reperian-

319 2766 401 2795 tur.
465 2761 596 2799 Recte
623 2760 749 2798 vertit
772 2760 957 2798 lja-linus:
997 2775 1048 2797 αα
1067 2760 1145 2796 scin
1172 2757 1289 2796 meme
1315 2754 1361 2793 tle
1382 2753 1424 2793 la
1463 2753 1594 2796 Grcvc.
1661 2752 1773 2795 Wiel.
