1834 3188
285 181 386 225 396
632 193 1399 228 ADNo'rA'rloNEs

283 289 501 329 contemni
521 289 693 336 debeat,
726 290 833 348 quin
857 292 955 344 quia
975 290 1226 342 ridiculum,
1255 290 1398 331 studio
1417 290 1676 331 adfectatum
1695 292 1747 332 ab

281 347 467 386 Luciano
499 346 633 386 videri
664 348 814 400 possit.
874 348 1077 399 Interim,
1120 349 1220 402 quia
1246 362 1333 387 non
1365 350 1673 400 necessarium,
1706 359 1749 389 et

280 402 367 441 viri
392 402 549 442 eruditi
569 402 641 441 hic
660 413 702 443 et
726 403 826 442 alibi
849 406 930 455 jam
959 405 1061 443 satis
1090 418 1349 457 exposuere,
1382 403 1487 459 quid
1508 406 1565 444 sit
1592 407 1635 447 ἐν
1663 410 1750 462 χρῷ

277 461 466 513 κουρίας,
500 459 611 497 nihil
630 460 812 511 amplius
833 459 981 498 dicam.
1011 461 1174 502 Rm'rz.
1456 459 1458 463 ’

392 516 496 554 Ibicl.
532 512 660 556 Οὐδὲν
679 513 831 568 ἆβρόν)
861 516 978 556 Nihil
996 520 1037 556 in
1055 518 1115 556 lzis
1135 517 1266 559 molle.
1297 519 1444 558 BROD.

392 571 496 611 Eacl.
521 574 548 611 1.
572 576 609 615 4.
637 567 706 621 Ἐς
725 569 768 612 τὸ
787 568 1047 628 ἀδιάφορον)
1078 575 1292 613 Nimirum
1311 574 1354 617 τὸ
1377 571 1607 626 ἀδιάφορον
1629 575 1744 614 illam

282 627 550 681 quorundam
577 627 785 667 rationem
816 638 962 676 notat,
1005 630 1160 684 quibus
1191 645 1337 683 parum
1370 640 1443 669 aut
1475 630 1586 669 nihil
1619 645 1745 670 curae

280 694 366 732 est,
402 683 505 737 quid
529 683 579 723 de
601 698 644 722 se
665 684 862 737 judicent
885 686 981 735 alii,
1026 686 1132 725 nudi
1169 701 1220 725 an
1254 686 1425 736 vestiti,
1469 685 1552 725 hoc
1582 701 1634 725 an
1666 687 1743 726 illo

278 739 407 782 modo
437 740 583 778 vestiti
605 740 827 791 incedant,
861 743 944 780 soli
964 743 1051 781 sint
1070 758 1122 781 an
1143 743 1188 780 in
1209 744 1305 782 foro
1322 743 1342 782 ἱ)
1374 760 1513 798 susque
1537 743 1656 797 deque
1674 744 1744 781 lza-

279 796 367 834 bent
391 799 546 844 omnia,
583 810 706 849 quam
731 797 864 849 ipsam
897 799 1121 837 formulam
1151 814 1204 839 ex
1233 801 1489 839 Graecorum
1523 796 1745 853 ἅδιαφορίᾳ

276 853 585 904 interpretatur
613 852 762 892 Gellius
779 854 908 905 XVI,
941 860 979 898 9.
1012 856 1151 909 Igitur
1169 866 1354 895 extrema
1375 865 1476 893 sunt
1492 855 1595 893 hinc
1616 856 1745 893 Aris-

275 907 547 961 tippeorum,
581 919 629 947 ut
652 909 734 948 hoc
761 919 875 960 utar,
915 913 1140 959 mollities,
1187 912 1288 950 hinc
1321 912 1487 963 Cynica
1520 912 1745 965 negligen-

276 964 364 1011 tia,
398 974 441 1004 et
466 963 606 1004 cu'ltus
635 967 797 1016 omnis,
839 976 968 1021 atque
1003 968 1136 1007 alieni
1168 968 1273 1008 adeo
1301 968 1459 1022 judicii
1487 977 1742 1008 contemtus.

275 1020 413 1061 GESN.

386 1076 489 1119 Εαᾶ.
514 1079 541 1116 l.
570 1083 635 1121 12.
673 1075 745 1119 'Ev
773 1084 856 1133 χρῷ
883 1075 910 1131 ἦ
939 1078 1094 1134 κουρᾶ)
1134 1080 1195 1118 Ut
1226 1090 1350 1118 antea
1380 1081 1422 1122 ἕν
1449 1085 1533 1137 χρῷ
1557 1082 1740 1134 κουρίας.

274 1132 391 1184 Quid
412 1134 562 1187 legerit
585 1135 628 1171 in
658 1134 724 1172 his
747 1137 853 1174 locis
886 1136 1119 1188 interpres,
1161 1150 1249 1174 non
1281 1135 1434 1187 video,
1476 1152 1571 1174 nam
1603 1135 1742 1176 Stoici

274 1189 382 1227 dicti
408 1191 450 1230 ἐν
475 1194 558 1245 χρῷ
574 1192 757 1242 κουρίαι,
790 1194 919 1240 tonsi,
953 1203 1037 1231 cute
1056 1204 1175 1231 tenus.
1216 1192 1336 1244 ‚Ipse
1358 1207 1458 1231 vero
1486 1192 1606 1246 longa
1626 1207 1740 1232 coma

270 1245 522 1295 venerandos,
552 1247 721 1300 prolixa
741 1250 780 1286 in
805 1251 934 1300 capite
957 1251 1164 1297 caesaries,
1190 1248 1360 1300 capillus
1377 1249 1601 1302 prolixior,
1634 1248 1741 1287 ubi-

273 1316 356 1354 que
381 1302 519 1343 vertit.
581 1304 650 1342 De
673 1303 739 1341 his
758 1304 937 1343 Juvenal.
961 1305 1047 1344 Sat.
1070 1310 1107 1348 2.
1131 1316 1248 1358 atque
1267 1305 1477 1357 supercilio
1507 1306 1656 1344 brevior
1673 1321 1739 1344 co-

269 1376 368 1398 mae.
438 1359 556 1397 Haec
596 1360 795 1399 monebat
835 1361 1014 1399 Senator
1042 1361 1215 1400 Clariss.
1255 1360 1472 1414 Goclofred.
1506 1361 1736 1413 ῙΙἸαίιιγηιιε.

268 1415 383 1453 Dixi
410 1414 489 1452 hac
510 1414 560 1453 de
582 1430 624 1454 re
648 1426 784 1456 antea.
846 1417 1024 1456 Bomio.
1084 1418 1136 1456 In
1170 1417 1450 1469 sequentibus
1477 1418 1638 1456 verbis:
1669 1418 1738 1459 καὶ

268 1469 371 1525 πρὸς
395 1471 438 1512 τὸ
472 1469 614 1512 λοιπὸν
649 1470 726 1525 ἄρα
758 1474 906 1526 ἔχωμεν
945 1475 1104 1515 τουτονὶ
1135 1473 1289 1514 κανόνα
1318 1473 1624 1524 Subjunctivus
1659 1475 1737 1511 of-

268 1527 411 1567 fendit
439 1527 647 1570 Belinum.
681 1529 765 1565 vim
798 1533 887 1582 ejus
912 1543 998 1568 non
1034 1531 1293 1582 capientem,
1336 1542 1459 1581 quam
1494 1543 1572 1568 nec
1598 1528 1735 1567 Gesne-

269 1600 353 1632 rus,
388 1593 578 1621 vertens:
612 1584 819 1634 habemns,
855 1584 1101 1625 fidelissime
1127 1585 1346 1636 expressit.
1404 1585 1606 1639 Intellige
1626 1583 1735 1637 βού-

266 1645 347 1687 λει,
383 1649 423 1677 et
444 1649 582 1678 verte:
614 1643 719 1678 visne
738 1642 841 1681 hanc
872 1642 1082 1680 habeamus
1113 1640 1320 1693 regulam?
1360 1640 1495 1693 Quam
1524 1642 1734 1679 rationem

266 1710 391 1733 nemo
415 1696 542 1733 facile
564 1705 610 1733 ut
635 1696 871 1736 inauditam
893 1698 1140 1748 mirabitur,
1174 1712 1252 1736 nec
1274 1696 1648 1738 inconvenientem
1669 1700 1734 1748 ju-

268 1751 428 1788 dicabit
461 1767 552 1789 cum
587 1753 883 1804 sequentibus:
927 1756 992 1794 καὶ
1012 1753 1084 1806 χρὴ
1108 1764 1187 1793 etc.
1250 1754 1525 1806 Quapropter
1552 1753 1732 1790 nimium

268 1807 539 1846 Sclzmiederns
561 1808 702 1846 facilis
725 1824 819 1862 erga
842 1810 1023 1849 Belinum
1050 1811 1158 1859 fuit,
1194 1824 1323 1863 quum
1346 1809 1482 1862 ἕξομεν
1503 1809 1619 1847 iuius
1637 1822 1732 1848 mo—

265 1865 363 1902 nitu
387 1879 408 1902 e
431 1862 537 1904 Cod.
558 1868 681 1908 2954.
702 1865 746 1902 in
773 1875 934 1904 textum
957 1867 1176 1916 reciperet.
1216 1867 1375 1905 LEHM.

378 1920 476 1972 Peg.
501 1925 566 1963 28.
590 1923 618 1961 l.
646 1927 680 1964 1.
715 1925 878 1970 Παίζεις
897 1921 1000 1976 πρὸς
1020 1922 1091 1976 μὲ)
1129 1923 1186 1959 Et
1210 1921 1315 1960 haec
1347 1922 1405 1959 ita
1423 1921 1506 1973 legi
1526 1921 1570 1958 in
1607 1921 1644 1959 J.
1671 1921 1730 1962 ῙἹῙ.

265 1986 306 2014 et
333 1976 390 2015 Fl.
424 1976 702 2015 adnotaverat
731 1978 925 2030 Sola11u35
957 1979 1077 2032 quasi
1109 1978 1391 2016 variationem
1423 1977 1619 2016 invenire
1651 1992 1731 2029 op-

263 2043 386 2071 taret.
448 2031 528 2070 Sed
554 2043 594 2071 et
617 2032 676 2071 sic
698 2037 898 2087 leguntur
918 2036 961 2072 in
985 2036 1043 2074 A.
1071 2040 1105 2076 1.
1127 2035 1220 2073 Par.
1244 2043 1285 2072 et
1306 2034 1347 2072 S.
1378 2033 1478 2071 Nisi
1506 2032 1622 2085 quod
1653 2033 1728 2071 ali-

261 2097 325 2128 ter
344 2088 388 2125 in
419 2088 615 2126 omnibus
646 2091 795 2142 scripti
824 2092 912 2128 sint
942 2100 1163 2138 accentus,
1205 2093 1355 2142 legunt
1385 2089 1497 2127 enim
1532 2086 1633 2141 πρός
1657 2095 1726 2142 με,

262 2145 473 2183 enclitice.
534 2144 663 2198 Quod
686 2156 823 2185 tamen
847 2162 940 2185 cum
964 2156 1184 2185 accentum
1207 2144 1441 2183 canonibus
1467 2144 1726 2195 adversetur,

259 2201 541 2249 mutavimus,
577 2211 618 2239 et
638 2216 765 2253 porro
788 2203 1069 2248 mutabimus,
1102 2217 1188 2241 non
1212 2202 1395 2253 amplius
1420 2201 1470 2240 de
1492 2201 1560 2238 his
1586 2202 1726 2239 minu-

260 2258 332 2294 tiis
360 2257 594 2296 monituri:
625 2259 726 2297 licet
761 2259 904 2297 studio
937 2260 1234 2312 reliquerimus
1260 2258 1369 2297 idem
1396 2272 1430 2297 c.
1459 2263 1494 2299 1.
1520 2256 1568 2295 de
1585 2258 1722 2297 Mero.

261 2313 383 2354 cond.
407 2312 641 2365 ἐξηγόρευον
673 2313 776 2368 πρός
798 2330 866 2367 με·
906 2330 1000 2353 nam
1026 2315 1289 2368 praepositio
1319 2328 1404 2352 non
1437 2313 1618 2361 adsumit
1650 2327 1724 2351 ac-

260 2379 428 2406 centum
452 2371 700 2420 encliticae‚
735 2372 778 2408 in
807 2385 891 2424 quo
914 2382 1053 2411 tamen
1086 2372 1240 2410 millies
1275 2379 1472 2423 peccatur
1509 2370 1554 2414 in
1585 2369 1721 2407 omni-

260 2423 337 2462 bus
360 2437 579 2465 auctorum
604 2427 741 2469 Editr.
767 2428 898 2477 (etsi,
932 2437 1058 2466 atona
1080 2430 1289 2481 particula
1309 2437 1534 2478 sequente,
1565 2439 1720 2463 accen-

261 2490 348 2517 tum
373 2481 584 2522 invertere
609 2484 671 2522 fas
693 2484 772 2532 sit,
807 2494 878 2532 ut,
913 2481 993 2526 α’πό
1012 2501 1071 2531 τε,
1107 2487 1169 2526 ἐπί
1190 2486 1271 2533 τε.)
1310 2481 1392 2522 Sed
1426 2480 1541 2519 aliud
1572 2491 1720 2520 noster

262 2538 476 2586 quaesisse
500 2539 695 2588 videtur,
729 2540 894 2592 phrasis
925 2555 1074 2592 nempe
1096 2542 1159 2578 illi
1196 2540 1368 2579 insolita
1395 2537 1642 2576 videbatur:
1676 2546 1721 2576 at

261 2605 346 2628 non
373 2603 459 2641 est,
493 2595 582 2639 vid‘
606 2597 813 2649 Aristopll,
833 2598 945 2636 plut,
970 2601 1091 2641 1056,
1117 2610 1242 2646 supra
1262 2599 1289 2633 l.
1317 2610 1349 2633 e.
1371 2597 1450 2646 jam
1478 2592 1718 2632 adductum.

262 2648 319 2684 1⁴:t
345 2648 529 2688 Nostrum
553 2653 666 2691 infra
697 2654 858 2693 Soloec.
881 2668 971 2706 cap.
994 2659 1031 2696 6.
1054 2668 1114 2705 pr.
1147 2653 1308 2692 Rurrz.
1368 2650 1468 2688 Non
1492 2653 1627 2688 solum
1650 2651 1719 2689 De

261 2704 395 2742 Mero.
419 2704 555 2746 Cond.
586 2723 620 2748 o.
648 2714 684 2751 1.
709 2708 812 2762 πρός
831 2726 898 2762 με,
932 2719 978 2747 ut
1010 2718 1192 2748 veterem
1222 2707 1494 2759 scripturam,
1535 2706 1720 2745 servavit
