1834 3188
277 196 375 241 710
634 204 1383 244 AnNo'rA‘rrortE's

277 306 486 346 conferas
505 305 675 346 interim
698 321 822 361 supra
846 321 881 348 c.
907 314 946 354 6.
979 308 1048 352 ἐπ’
1072 312 1233 353 ἐκείνων
1253 311 1291 357 ὁὲ-
1313 308 1431 354 οὔδὲν
1459 319 1642 358 τοιοῦτον
1669 312 1737 369 vj).-

277 364 422 412 πίζετο.
454 364 612 402 LnnM.
636 404 638 409 ,

389 418 492 457 Eacl.
512 422 540 458 l.
566 425 629 463 12.
662 418 804 474 Πρὸς)
833 422 902 461 Sic
923 423 1132 476 rescripsi.
1192 423 1243 462 In
1268 425 1482 478 impressis
1501 424 1634 479 παρὰ,
1665 442 1736 469 ex-

279 485 400 529 cepta
427 475 533 517 Junt.
559 490 663 530 quae
679 479 767 530 περὶ
787 479 935 529 habet,
967 480 1081 532 quod
1103 481 1146 518 in
1163 481 1210 523 P,
1232 481 1356 520 etiam
1379 492 1529 522 exstat.
1561 483 1733 524 SOLAN.

387 532 491 571 Ibisl.
542 535 621 574 Καὶ
650 533 760 587 παρὰ
791 534 896 588 τὴν)
949 537 1033 575 Hic
1071 539 1191 575 locus
1232 537 1396 593 integer
1426 553 1514 579 non
1548 539 1734 579 videtur.

280 589 458 629 Gurzr.
489 588 582 629 Jam
604 601 742 629 tamen
765 606 816 630 ex
837 592 980 632 Solani
999 592 1297 633 emendatione
1318 596 1483 650 integer
1501 595 1735 638 videbitur.
1776 616 1785 621 “

279 646 445 684 ΒΕΙΤΖ.

387 702 483 756 Pag·
503 706 599 746 341.
621 705 648 741 l·
676 707 713 745 1.
739 700 855 757 ‘'Yqo’
881 702 1032 755 αὑτοῦ)
1062 703 1171 759 ‘Yqo’
1196 702 1322 748 αὐτοῦ
1344 717 1433 748 erat
1453 708 1499 747 in
1518 707 1611 749 Par.
1653 707 1736 748 Sed

275 773 329 797 ex
351 758 446 811 ipso
468 755 548 812 ὕφ’
569 759 672 798 satis
694 771 893 815 apparet,
934 777 1022 802 eam
1055 773 1097 803 et
1127 760 1251 806 αὑτοῦ
1286 763 1502 819 adspirare
1531 765 1734 806 voluisse.

274 815 439 854 Rm‘rz.
760 823 762 827 ’

386 871 490 914 ΕαιΖ.
514 875 542 911 l·
569 878 633 917 12.
667 875 826 927 Παντὶ)
858 877 962 931 Leg.
987 875 1115 932 πάντη
1135 881 1266 920 τοῦτο,
1302 879 1477 918 GUYET.

388 928 490 971 Ead.
509 932 536 971 l.
559 935 622 974 13.
658 934 882 984 Νομίσατε)
907 930 1159 988 Ἐνομίσατε.
1190 935 1369 978 GUYET.
1434 929 1520 976 Οὖκ
1538 929 1628 977 ἆντὶ
1649 933 1738 978 τοῦ-

272 1003 345 1028 του
376 1011 423 1014 -
445 987 687 1040 ’ἕνομίσατε)
718 989 833 1039 Fuit,
865 1005 957 1028 cum
984 1001 1174 1043 putarem
1197 990 1421 1045 legendum
1443 991 1619 1041 πάντως.
1651 991 1736 1033 Sed

273 1041 465 1082 nondum
495 1043 557 1082 sic
591 1044 692 1083 satis
724 1059 851 1085 sanus
879 1057 967 1085 erat
995 1050 1128 1086 locus.
1187 1048 1315 1086 Nunc
1346 1058 1484 1086 autem
1516 1049 1735 1088 verissima

274 1098 381 1137 mihi
410 1098 604 1150 videtur,
648 1115 772 1154 quam
811 1103 856 1140 in
883 1111 1047 1142 textum
1076 1104 1239 1157 recepi,
1273 1103 1528 1145 emendatio.
1566 1105 1734 1146 SOLAN.
1785 1150 1788 1151 ⁷

276 1155 391 1209 Quia
409 1157 629 1210 sequentia
650 1156 773 1196 verba
797 1159 938 1197 omnia
962 1174 1084 1198 suum
1104 1169 1375 1214 augmentum
1399 1159 1574 1211 habent,
1605 1161 1733 1201 etiam

273 1210 318 1249 iu
350 1211 432 1250 hoc
465 1212 593 1252 verbo
625 1212 903 1266 addidissem,
947 1216 1065 1269 quod
1095 1227 1137 1256 et
1166 1216 1302 1256 Solam.
1337 1217 1381 1254 in
1419 1216 1528 1258 Junt,
1559 1218 1732 1259 fecerat.

270 1268 400 1307 Licet
424 1267 539 1307 haud
570 1270 788 1309 immemor
808 1272 885 1309 sim
909 1287 1077 1323 eorum,
1123 1288 1230 1327 quae
1259 1286 1383 1326 supra
1409 1287 1496 1311 non
1526 1277 1652 1314 semel
1680 1273 1735 1314 de

272 1334 501 1378 augmento
530 1326 688 1365 frustra
719 1326 884 1380 adjecto
919 1328 1112 1368 dixerim.
1174 1330 1331 1369 Verum
1365 1329 1464 1382 quia
1502 1329 1654 1369 Gesner.
1688 1329 1735 1369 id

272 1380 527 1433 imperativo
547 1381 674 1421 modo
698 1384 876 1437 accepit,
907 1385 1020 1424 nihil
1041 1387 1204 1425 mutavi
1276 1385 1357 1425 Sed
1382 1386 1416 1423 si
1443 1386 1548 1439 quid
1569 1395 1735 1425 mutan-

273 1436 394 1485 dum,
429 1439 566 1491 possis
590 1439 715 1477 etiarn
741 1443 942 1493 νομίσαιτε
963 1445 1124 1497 legere,
1155 1451 1204 1480 ut
1233 1442 1310 1489 sit,
1341 1441 1607 1494 iuclicassetis3
1639 1457 1735 1481 nam

271 1495 338 1532 vel
357 1493 443 1546 sic,
474 1498 543 1534 vel
570 1497 777 1548 ἕνομίσατε
800 1498 1007 1552 legendo,
1042 1499 1353 1554 argumentatio
1374 1499 1549 1548 clarior,
1582 1509 1624 1539 et
1641 1514 1736 1539 sen·

271 1564 341 1588 sus
372 1551 504 1606 magis
534 1551 763 1592 cohaerens
798 1554 905 1593 mihi
939 1555 1120 1594 videtur.
1163 1556 1325 1596 Rmrz.
1385 1556 1480 1608 Ego
1509 1555 1731 1608 putabam,

269 1609 456 1658 νομίσατε
473 1608 820 1663 relinquendum,
854 1625 948 1648 cum
969 1612 1103 1664 ipsam
1126 1612 1347 1649 contineat
1364 1611 1617 1664 petitionem
1637 1626 1735 1664 pos-

272 1663 444 1702 sessoris
477 1663 634 1718 gladii,
676 1676 718 1705 et
749 1667 941 1718 protasin
970 1667 1352 1720 argumentationis
1386 1666 1522 1706 finiat.
1581 1667 1627 1706 Si
1649 1668 1733 1708 hoc

270 1722 407 1758 solum
440 1730 648 1772 peterem,
701 1721 902 1760 Gladium
935 1723 1170 1762 honorate:
1221 1737 1365 1762 nonne
1392 1724 1529 1776 ipsum
1562 1737 1734 1779 quoque

272 1774 492 1814 dominum
512 1779 624 1815 ultro
649 1777 813 1817 honore
833 1777 1090 1819 efficeretis?
1125 1779 1262 1819 Gnsx.
1461 1806 1464 1808 v

384 1833 483 1874 Εαιῑ.
502 1836 531 1871 l·
558 1836 625 1877 15.
651 1831 729 1875 Ἐν
752 1840 836 1883 τοῖς
859 1837 980 1891 ἱεροῖς
1001 1833 1143 1889 rhea.)
1174 1835 1276 1874 Non
1297 1844 1345 1874 ut
1366 1835 1456 1888 ipse
1475 1849 1644 1890 quoque
1666 1837 1730 1875 in-

269 1896 334 1928 ter
356 1889 475 1928 Deos
496 1889 701 1929 referatur
721 1890 913 1946 gladius3
946 1906 1196 1947 quamquam
1218 1891 1327 1944 apud
1360 1892 1537 1944 Scythas
1571 1896 1732 1932 cultum

272 1946 484 1985 acinacem
508 1946 711 1999 legimus:
744 1947 816 1986 sed
844 1950 1045 2002 quoniam
1078 1948 1128 1986 ad
1156 1947 1330 1986 donaria
1360 1948 1405 1986 in
1436 1950 1603 2002 templis
1635 1964 1734 1988 sus-

269 2015 424 2054 pensa,
460 2002 597 2054 (forte
619 2003 743 2043 etiarn
772 2005 870 2043 Deo
900 2005 1052 2054 alicui,
1091 2014 1139 2042 ut
1171 2005 1272 2046 Jovi
1304 2004 1457 2056 ultori,
1497 2015 1545 2044 ut
1571 2006 1731 2060 iwani,

271 2072 482 2110 appensus
503 2058 699 2112 gladius)
732 2074 825 2112 pars
849 2062 974 2100 etiarn
997 2064 1134 2099 cultus
1168 2069 1208 2100 et
1230 2060 1454 2115 religionis
1475 2061 1590 2101 illius
1615 2061 1732 2102 vide-

269 2123 341 2152 tur
362 2116 596 2168 pervenire.
658 2116 728 2157 Sic
749 2130 872 2169 supra
903 2117 1048 2158 Somn.
1080 2133 1112 2158 c.
1140 2122 1179 2161 8.
1211 2116 1408 2155 statuarii
1439 2117 1606 2158 nobiles
1637 2117 1732 2170 μετὰ

268 2176 350 2212 τῶν
372 2176 479 2213 θεῶν
498 2178 814 2225 προςκυυεῖσθαι
836 2172 1060 2224 dicuntur,
1095 2172 1209 2227 quod
1241 2188 1333 2211 cum
1356 2173 1538 2214 Phidiae
1561 2175 1733 2228 Jupiter

270 2226 494 2278 adoratur,
525 2229 651 2267 etiam
674 2230 767 2282 ipse
796 2230 950 2269 artifex
973 2230 1015 2267 in
1042 2240 1199 2283 partem
1229 2228 1406 2268 honoris
1426 2230 1595 2269 videtur
1614 2232 1733 2270 veni·

269 2298 325 2323 re.
358 2284 496 2323 Girsu.
559 2285 669 2325 Vide
689 2285 751 2323 ibi
773 2284 1106 2339 Adnqtationem
1126 2295 1326 2326 nostram.
1386 2287 1571 2339 Legitur
1589 2297 1728 2327 autern

270 2340 355 2380 ibi:
386 2345 708 2394 προςκυνοῦνται
732 2347 830 2395 γοῦν
854 2340 966 2383 οὑτοι
985 2341 1080 2395 μετσὶ
1101 2347 1178 2382 τῶν
1201 2348 1321 2384 θεῶν.
1381 2342 1507 2382 Unde
1530 2343 1726 2397 colligas,

269 2395 313 2436 h.
333 2400 361 2436 1.
381 2412 468 2436 non
491 2412 581 2438 esse
604 2412 699 2437 cum
729 2398 847 2439 Gorl.
881 2397 987 2437 Cod.
1023 2398 1250 2454 legendum
1287 2395 1452 2456 κςῖκεῖνο
1481 2413 1559 2452 pro
1589 2400 1727 2442 ἐκεῖνο.

268 2452 427 2494 LEHM.

381 2511 482 2565 Pag.
506 2516 602 2557 342.
626 2514 653 2552 1.
678 2517 717 2556 2.
756 2509 1100 2565 Τιτρωσκόμενος)
1127 2511 1216 2550 Hic
1251 2509 1480 2550 desiderari
1506 2511 1677 2551 videtur
1706 2508 1730 2555 ὅ

267 2565 379 2614 υἱὸς,
421 2572 491 2608 vel
515 2566 536 2610 ὅ
560 2571 790 2617 νεανίσκος,
831 2579 880 2607 ut
909 2569 1115 2621 interpres
1140 2567 1354 2620 exposuit.
1388 2567 1564 2608 Gnrizr.
1623 2568 1727 2607 Non

269 2621 374 2661 adeo
408 2622 672 2664 desideratur
696 2625 807 2674 υἱὸς,
856 2628 925 2664 vel
954 2627 1189 2672 νεανίσκος,
1231 2637 1355 2677 quam
1387 2623 1644 2676 intelligitur
1673 2639 1726 2664 ex

269 2679 617 2720 antecedentibus
636 2690 679 2721 et
703 2681 1076 2736 consequentibus.
1110 2681 1256 2720 Nexus
1281 2680 1391 2719 enim
1415 2679 1620 2718 orationis
1646 2690 1722 2725 est,

266 2736 349 2777 ἐπεὶ
370 2733 445 2791 γὰρ
465 2736 760 2791 φονευόμενος,
793 2735 814 2780 ὁ
841 2738 909 2790 μὲν
928 2733 1154 2790 (ἔνεζῑῖόησεν.
1215 2735 1314 2776 Nisi
1339 2734 1459 2774 malis
1481 2749 1642 2776 mecum
1664 2751 1724 2776 zu·-
