<?xml version="1.0" encoding="UTF-8"?>
<!DOCTYPE html PUBLIC "-//W3C//DTD XHTML 1.0 Transitional//EN"
    "http://www.w3.org/TR/xhtml1/DTD/xhtml1-transitional.dtd">
<html xmlns="http://www.w3.org/1999/xhtml" xml:lang="en" lang="en">
 <head>
  <title>
</title>
<meta http-equiv="Content-Type" content="text/html;charset=utf-8" />
  <meta name='ocr-system' content='tesseract 3.04.00' />
  <meta name='ocr-capabilities' content='ocr_page ocr_carea ocr_par ocr_line ocrx_word'/>
</head>
<body>
  <div class='ocr_page' id='page_1' title='image "./operagraecaetlat04luciuoft_0298.png"; bbox 0 0 1834 3188; ppageno 0'>
   <div class='ocr_carea' id='block_1_1' title="bbox 372 158 1272 207">
    <p class='ocr_par' dir='ltr' id='par_1_1' title="bbox 372 158 1272 207">
     <span class='ocr_line' id='line_1_1' title="bbox 372 158 1272 207; baseline -0.003 -1"><span class='ocrx_word' id='word_1_1' title='bbox 372 158 475 207; x_wconf 74' lang='lat'><em>272</em></span> <span class='ocrx_word' id='word_1_2' title='bbox 865 170 1272 203; x_wconf 77' lang='lat' dir='ltr'>LUCIANI</span> 
     </span>
    </p>
   </div>
   <div class='ocr_carea' id='block_1_2' title="bbox 227 268 1771 1580">
    <p class='ocr_par' dir='ltr' id='par_1_2' title="bbox 227 268 1756 601">
     <span class='ocr_line' id='line_1_2' title="bbox 227 268 1756 327; baseline 0.001 -15"><span class='ocrx_word' id='word_1_3' title='bbox 227 282 266 318; x_wconf 78' lang='lat' dir='ltr'><em>P·</em></span> <span class='ocrx_word' id='word_1_4' title='bbox 281 284 356 319; x_wconf 83' lang='lat'>103-</span> <span class='ocrx_word' id='word_1_5' title='bbox 371 287 446 327; x_wconf 87' lang='grc' dir='ltr'><em>ρας</em></span> <span class='ocrx_word' id='word_1_6' title='bbox 465 269 690 325; x_wconf 81' lang='grc' dir='ltr'><em>τεταγμένοι</em></span> <span class='ocrx_word' id='word_1_7' title='bbox 711 271 760 320; x_wconf 71' lang='lat'><em>²²)</em></span> <span class='ocrx_word' id='word_1_8' title='bbox 773 299 787 317; x_wconf 82' lang='lat'><em>,</em></span> <span class='ocrx_word' id='word_1_9' title='bbox 817 272 954 311; x_wconf 72' lang='grc' dir='ltr'><em>πᾶσαν</em></span> <span class='ocrx_word' id='word_1_10' title='bbox 975 268 1252 311; x_wconf 75' lang='grc' dir='ltr'><strong><em>ἐπεδείκνυντο</em></strong></span> <span class='ocrx_word' id='word_1_11' title='bbox 1276 271 1535 326; x_wconf 79' lang='grc' dir='ltr'><em>προθυμίαν,</em></span> <span class='ocrx_word' id='word_1_12' title='bbox 1568 272 1756 326; x_wconf 84' lang='grc' dir='ltr'><em>ἐπεμβαί-</em></span> 
     </span>
     <span class='ocr_line' id='line_1_3' title="bbox 370 335 1753 394; baseline -0.001 -11"><span class='ocrx_word' id='word_1_13' title='bbox 370 357 508 388; x_wconf 90' lang='grc' dir='ltr'><em>νοντες</em></span> <span class='ocrx_word' id='word_1_14' title='bbox 528 335 596 389; x_wconf 75' lang='lat'>¹³),</span> <span class='ocrx_word' id='word_1_15' title='bbox 629 339 698 380; x_wconf 82' lang='grc' dir='ltr'><em>καὶ</em></span> <span class='ocrx_word' id='word_1_16' title='bbox 723 336 995 392; x_wconf 74' lang='grc' dir='ltr'><em>ἀναιροῦντες.</em></span> <span class='ocrx_word' id='word_1_17' title='bbox 1028 335 1186 391; x_wconf 77' lang='grc' dir='ltr'><em>ἐζώγρει</em></span> <span class='ocrx_word' id='word_1_18' title='bbox 1209 337 1250 379; x_wconf 77' lang='grc' dir='ltr'><em>δὲ</em></span> <span class='ocrx_word' id='word_1_19' title='bbox 1267 335 1412 388; x_wconf 83' lang='grc' dir='ltr'><em>οὗδείς.</em></span> <span class='ocrx_word' id='word_1_20' title='bbox 1444 338 1535 381; x_wconf 71' lang='grc' dir='ltr'><em>ἀντὶ</em></span> <span class='ocrx_word' id='word_1_21' title='bbox 1554 340 1594 382; x_wconf 78' lang='grc' dir='ltr'><em>δὲ</em></span> <span class='ocrx_word' id='word_1_22' title='bbox 1612 344 1753 394; x_wconf 79' lang='grc' dir='ltr'><em>χειρῶν</em></span> 
     </span>
     <span class='ocr_line' id='line_1_4' title="bbox 370 403 1755 463; baseline -0.003 -11"><span class='ocrx_word' id='word_1_23' title='bbox 370 413 546 463; x_wconf 77' lang='grc' dir='ltr'><em>σιδηρῶν</em></span> <span class='ocrx_word' id='word_1_24' title='bbox 559 440 570 458; x_wconf 90' lang='grc'>,</span> <span class='ocrx_word' id='word_1_25' title='bbox 602 405 835 454; x_wconf 79' lang='grc' dir='ltr'><em>πολύποδας</em></span> <span class='ocrx_word' id='word_1_26' title='bbox 854 403 1050 460; x_wconf 75' lang='grc' dir='ltr'><em>μεγάλους</em></span> <span class='ocrx_word' id='word_1_27' title='bbox 1070 406 1349 460; x_wconf 78' lang='grc' dir='ltr'><em>ἐκδεδεμένους</em></span> <span class='ocrx_word' id='word_1_28' title='bbox 1369 404 1552 461; x_wconf 73' lang='grc' dir='ltr'><em>εἷλλήλοις</em></span> <span class='ocrx_word' id='word_1_29' title='bbox 1571 410 1755 462; x_wconf 75' lang='grc' dir='ltr'><em>ἐπεῤῥίπ-</em></span> 
     </span>
     <span class='ocr_line' id='line_1_5' title="bbox 369 470 1750 532; baseline -0.004 -12"><span class='ocrx_word' id='word_1_30' title='bbox 369 496 467 520; x_wconf 89' lang='grc' dir='ltr'><em>τουν</em></span> <span class='ocrx_word' id='word_1_31' title='bbox 488 475 548 532; x_wconf 82' lang='lat'><em>⁰).</em></span> <span class='ocrx_word' id='word_1_32' title='bbox 583 478 625 518; x_wconf 85' lang='grc' dir='ltr'><em>οἷ</em></span> <span class='ocrx_word' id='word_1_33' title='bbox 646 475 688 516; x_wconf 81' lang='grc' dir='ltr'><em>δὲ</em></span> <span class='ocrx_word' id='word_1_34' title='bbox 704 471 1031 526; x_wconf 78' lang='grc' dir='ltr'><em>περιπλεκόμενοι</em></span> <span class='ocrx_word' id='word_1_35' title='bbox 1046 478 1096 529; x_wconf 76' lang='grc' dir='ltr'><em>τῇ</em></span> <span class='ocrx_word' id='word_1_36' title='bbox 1116 472 1190 530; x_wconf 73' lang='grc' dir='ltr'><em>ὕλῃ</em></span> <span class='ocrx_word' id='word_1_37' title='bbox 1205 506 1216 525; x_wconf 87' lang='grc'>,</span> <span class='ocrx_word' id='word_1_38' title='bbox 1249 482 1430 529; x_wconf 87' lang='grc' dir='ltr'><em>κατεῖχον</em></span> <span class='ocrx_word' id='word_1_39' title='bbox 1448 474 1522 528; x_wconf 81' lang='grc' dir='ltr'><em>τὴν</em></span> <span class='ocrx_word' id='word_1_40' title='bbox 1540 480 1668 527; x_wconf 84' lang='grc' dir='ltr'><em>νῆσον</em></span> <span class='ocrx_word' id='word_1_41' title='bbox 1689 470 1750 526; x_wconf 67' lang='grc' dir='ltr'><em>ιι).</em></span> 
     </span>
     <span class='ocr_line' id='line_1_6' title="bbox 369 537 1753 601; baseline -0.005 -12"><span class='ocrx_word' id='word_1_42' title='bbox 369 548 535 601; x_wconf 68' lang='grc' dir='ltr'><em>ἔβαλλον</em></span> <span class='ocrx_word' id='word_1_43' title='bbox 559 545 691 597; x_wconf 85' lang='grc' dir='ltr'><em>μέντοι</em></span> <span class='ocrx_word' id='word_1_44' title='bbox 713 542 778 583; x_wconf 83' lang='grc' dir='ltr'><em>καὶ</em></span> <span class='ocrx_word' id='word_1_45' title='bbox 808 542 1040 595; x_wconf 80' lang='grc' dir='ltr'><em>ἐτίτρωσκον</em></span> <span class='ocrx_word' id='word_1_46' title='bbox 1058 537 1234 597; x_wconf 74' lang='grc' dir='ltr'><em>ὀστρέοις</em></span> <span class='ocrx_word' id='word_1_47' title='bbox 1252 560 1293 586; x_wconf 89' lang='grc' dir='ltr'><em>τε</em></span> <span class='ocrx_word' id='word_1_48' title='bbox 1324 541 1644 598; x_wconf 68' lang='grc' dir='ltr'><em>ἁμαξοπληθέσι,</em></span> <span class='ocrx_word' id='word_1_49' title='bbox 1683 542 1753 583; x_wconf 80' lang='grc' dir='ltr'><em>καὶ</em></span> 
     </span>
    </p>

    <p class='ocr_par' dir='ltr' id='par_1_3' title="bbox 285 606 1771 1212">
     <span class='ocr_line' id='line_1_7' title="bbox 285 606 1750 669; baseline -0.004 -12"><span class='ocrx_word' id='word_1_50' title='bbox 285 623 342 663; x_wconf 78' lang='lat'><em>42</em></span> <span class='ocrx_word' id='word_1_51' title='bbox 370 613 561 669; x_wconf 76' lang='grc' dir='ltr'><em>σπόγγοις</em></span> <span class='ocrx_word' id='word_1_52' title='bbox 581 615 619 662; x_wconf 77' lang='lat' dir='ltr'><em>e)</em></span> <span class='ocrx_word' id='word_1_53' title='bbox 649 611 912 664; x_wconf 83' lang='grc' dir='ltr'><em>πλεθριαίοις.</em></span> <span class='ocrx_word' id='word_1_54' title='bbox 965 606 1125 666; x_wconf 76' lang='grc' dir='ltr'><em>Ἠγεΐτο</em></span> <span class='ocrx_word' id='word_1_55' title='bbox 1161 610 1204 653; x_wconf 83' lang='grc' dir='ltr'><em>δὲ</em></span> <span class='ocrx_word' id='word_1_56' title='bbox 1229 617 1308 654; x_wconf 82' lang='grc' dir='ltr'><em>τῶν</em></span> <span class='ocrx_word' id='word_1_57' title='bbox 1337 613 1429 665; x_wconf 78' lang='grc' dir='ltr'><em>μὲν,</em></span> <span class='ocrx_word' id='word_1_58' title='bbox 1463 611 1750 653; x_wconf 84' lang='grc' dir='ltr'><em>Αἰολοκένταυ-</em></span> 
     </span>
     <span class='ocr_line' id='line_1_8' title="bbox 368 675 1753 739; baseline -0.004 -14"><span class='ocrx_word' id='word_1_59' title='bbox 368 700 437 739; x_wconf 88' lang='grc' dir='ltr'><em>ρος</em></span> <span class='ocrx_word' id='word_1_60' title='bbox 450 715 461 734; x_wconf 87' lang='grc'>,</span> <span class='ocrx_word' id='word_1_61' title='bbox 492 685 572 722; x_wconf 77' lang='grc' dir='ltr'><em>τῶν</em></span> <span class='ocrx_word' id='word_1_62' title='bbox 592 679 655 729; x_wconf 80' lang='grc' dir='ltr'><em>δὲ,</em></span> <span class='ocrx_word' id='word_1_63' title='bbox 693 675 1006 731; x_wconf 83' lang='grc' dir='ltr'><em>Θαλασσοπότης</em></span> <span class='ocrx_word' id='word_1_64' title='bbox 1020 693 1029 704; x_wconf 84' lang='grc'><em>·</em></span> <span class='ocrx_word' id='word_1_65' title='bbox 1065 681 1130 722; x_wconf 85' lang='grc' dir='ltr'><em>καὶ</em></span> <span class='ocrx_word' id='word_1_66' title='bbox 1149 676 1252 733; x_wconf 78' lang='grc' dir='ltr'><em>μάχη</em></span> <span class='ocrx_word' id='word_1_67' title='bbox 1283 676 1420 728; x_wconf 73' lang='grc' dir='ltr'><em>αὐτοῖς</em></span> <span class='ocrx_word' id='word_1_68' title='bbox 1439 680 1640 734; x_wconf 78' lang='grc' dir='ltr'><em>ἐγεγένητο</em></span> <span class='ocrx_word' id='word_1_69' title='bbox 1655 710 1666 729; x_wconf 89' lang='grc'>,</span> <span class='ocrx_word' id='word_1_70' title='bbox 1699 675 1753 728; x_wconf 79' lang='grc' dir='ltr'><em>ὦς</em></span> 
     </span>
     <span class='ocr_line' id='line_1_9' title="bbox 367 744 1771 802; baseline -0.005 -8"><span class='ocrx_word' id='word_1_71' title='bbox 367 750 520 799; x_wconf 85' lang='grc' dir='ltr'><em>ἐδόκει,</em></span> <span class='ocrx_word' id='word_1_72' title='bbox 551 749 659 795; x_wconf 84' lang='grc' dir='ltr'><em>λείας</em></span> <span class='ocrx_word' id='word_1_73' title='bbox 676 748 791 789; x_wconf 75' lang='grc' dir='ltr'><em>ἕνεκα</em></span> <span class='ocrx_word' id='word_1_74' title='bbox 804 759 814 770; x_wconf 88' lang='grc'><em>·</em></span> <span class='ocrx_word' id='word_1_75' title='bbox 847 747 996 801; x_wconf 80' lang='grc' dir='ltr'><em>ἐλέγετο</em></span> <span class='ocrx_word' id='word_1_76' title='bbox 1015 744 1089 802; x_wconf 74' lang='grc' dir='ltr'><em>γὰρ</em></span> <span class='ocrx_word' id='word_1_77' title='bbox 1115 745 1137 789; x_wconf 79' lang='grc' dir='ltr'>ὁ</span> <span class='ocrx_word' id='word_1_78' title='bbox 1166 747 1477 801; x_wconf 85' lang='grc' dir='ltr'><em>Θαλασσοπότης</em></span> <span class='ocrx_word' id='word_1_79' title='bbox 1497 745 1644 795; x_wconf 74' lang='grc' dir='ltr'><em>πολλὰς</em></span> <span class='ocrx_word' id='word_1_80' title='bbox 1666 745 1771 802; x_wconf 68' lang='grc' dir='ltr'>ἆγὲ-,</span> 
     </span>
     <span class='ocr_line' id='line_1_10' title="bbox 365 808 1755 870; baseline -0.004 -9"><span class='ocrx_word' id='word_1_81' title='bbox 365 825 437 868; x_wconf 85' lang='grc' dir='ltr'><em>λας</em></span> <span class='ocrx_word' id='word_1_82' title='bbox 455 818 656 869; x_wconf 82' lang='grc' dir='ltr'><em>δελφίνων</em></span> <span class='ocrx_word' id='word_1_83' title='bbox 676 820 752 857; x_wconf 80' lang='grc' dir='ltr'><em>τοῦ</em></span> <span class='ocrx_word' id='word_1_84' title='bbox 766 815 1116 870; x_wconf 81' lang='grc' dir='ltr'><em>Αἰολοκενταύρου</em></span> <span class='ocrx_word' id='word_1_85' title='bbox 1145 817 1370 869; x_wconf 81' lang='grc' dir='ltr'><em>ἐληλακέναι</em></span> <span class='ocrx_word' id='word_1_86' title='bbox 1386 811 1423 865; x_wconf 75' lang='lat' dir='ltr'><em>f)</em></span> <span class='ocrx_word' id='word_1_87' title='bbox 1436 846 1448 865; x_wconf 87' lang='lat'>‚</span> <span class='ocrx_word' id='word_1_88' title='bbox 1484 811 1537 863; x_wconf 76' lang='grc' dir='ltr'><em>ὥς</em></span> <span class='ocrx_word' id='word_1_89' title='bbox 1560 808 1611 868; x_wconf 74' lang='grc' dir='ltr'><em>ἦν</em></span> <span class='ocrx_word' id='word_1_90' title='bbox 1630 810 1755 856; x_wconf 78' lang='grc' dir='ltr'><em>οἷκού-</em></span> 
     </span>
     <span class='ocr_line' id='line_1_11' title="bbox 367 879 1755 939; baseline -0.006 -9"><span class='ocrx_word' id='word_1_91' title='bbox 367 904 428 930; x_wconf 78' lang='grc' dir='ltr'><em>ειν</em></span> <span class='ocrx_word' id='word_1_92' title='bbox 452 881 746 928; x_wconf 82' lang='grc' dir='ltr'><em>ἐπικαλούντων</em></span> <span class='ocrx_word' id='word_1_93' title='bbox 770 879 975 935; x_wconf 69' lang='grc' dir='ltr'><em>ἀλλήλοις,</em></span> <span class='ocrx_word' id='word_1_94' title='bbox 1006 885 1075 925; x_wconf 88' lang='grc' dir='ltr'><em>καὶ</em></span> <span class='ocrx_word' id='word_1_95' title='bbox 1095 882 1143 925; x_wconf 75' lang='grc' dir='ltr'><em>τὰ</em></span> <span class='ocrx_word' id='word_1_96' title='bbox 1166 880 1342 939; x_wconf 75' lang='grc' dir='ltr'><em>ὀνόματα</em></span> <span class='ocrx_word' id='word_1_97' title='bbox 1358 887 1437 924; x_wconf 79' lang='grc' dir='ltr'><em>τῶν</em></span> <span class='ocrx_word' id='word_1_98' title='bbox 1459 882 1652 936; x_wconf 86' lang='grc' dir='ltr'><em>βασιλέων</em></span> <span class='ocrx_word' id='word_1_99' title='bbox 1671 882 1755 923; x_wconf 87' lang='grc' dir='ltr'><em>ἐπι-</em></span> 
     </span>
     <span class='ocr_line' id='line_1_12' title="bbox 367 948 1755 1010; baseline -0.003 -14"><span class='ocrx_word' id='word_1_100' title='bbox 367 954 597 1010; x_wconf 85' lang='grc' dir='ltr'><em>βοωμένων.</em></span> <span class='ocrx_word' id='word_1_101' title='bbox 629 952 738 1000; x_wconf 84' lang='grc' dir='ltr'><em>τέλος</em></span> <span class='ocrx_word' id='word_1_102' title='bbox 759 950 823 1002; x_wconf 78' lang='grc' dir='ltr'><em>δὲ,</em></span> <span class='ocrx_word' id='word_1_103' title='bbox 853 955 1020 993; x_wconf 75' lang='grc' dir='ltr'><em>νικῶσιν</em></span> <span class='ocrx_word' id='word_1_104' title='bbox 1043 954 1084 993; x_wconf 80' lang='grc' dir='ltr'><em>οἵ</em></span> <span class='ocrx_word' id='word_1_105' title='bbox 1101 956 1171 993; x_wconf 86' lang='grc' dir='ltr'><em>τοῦ</em></span> <span class='ocrx_word' id='word_1_106' title='bbox 1190 949 1555 1004; x_wconf 81' lang='grc' dir='ltr'><em>Αἰολοκενταύρου.</em></span> <span class='ocrx_word' id='word_1_107' title='bbox 1592 950 1661 991; x_wconf 83' lang='grc' dir='ltr'><em>καὶ</em></span> <span class='ocrx_word' id='word_1_108' title='bbox 1679 948 1755 1003; x_wconf 78' lang='grc' dir='ltr'><em>νή-</em></span> 
     </span>
     <span class='ocr_line' id='line_1_13' title="bbox 366 1015 1750 1073; baseline -0.004 -9"><span class='ocrx_word' id='word_1_109' title='bbox 366 1037 467 1070; x_wconf 85' lang='grc' dir='ltr'><em>σους</em></span> <span class='ocrx_word' id='word_1_110' title='bbox 485 1038 525 1062; x_wconf 89' lang='grc' dir='ltr'><em>τε</em></span> <span class='ocrx_word' id='word_1_111' title='bbox 550 1021 592 1070; x_wconf 86' lang='lat' dir='ltr'><em>g)</em></span> <span class='ocrx_word' id='word_1_112' title='bbox 623 1024 702 1061; x_wconf 76' lang='grc' dir='ltr'><em>τῶν</em></span> <span class='ocrx_word' id='word_1_113' title='bbox 726 1021 925 1072; x_wconf 85' lang='grc' dir='ltr'><em>πολεμίων</em></span> <span class='ocrx_word' id='word_1_114' title='bbox 953 1017 1225 1062; x_wconf 85' lang='grc' dir='ltr'><em>καταδύουσιν</em></span> <span class='ocrx_word' id='word_1_115' title='bbox 1254 1017 1360 1073; x_wconf 65' lang='grc' dir='ltr'><em>ἀμφὶ</em></span> <span class='ocrx_word' id='word_1_116' title='bbox 1380 1017 1450 1068; x_wconf 70' lang='grc' dir='ltr'><em>τοὶς</em></span> <span class='ocrx_word' id='word_1_117' title='bbox 1477 1015 1750 1070; x_wconf 82' lang='grc' dir='ltr'><em>πεντήκοντα,</em></span> 
     </span>
     <span class='ocr_line' id='line_1_14' title="bbox 363 1084 1754 1141; baseline -0.003 -10"><span class='ocrx_word' id='word_1_118' title='bbox 363 1091 432 1132; x_wconf 76' lang='grc' dir='ltr'><em>καὶ</em></span> <span class='ocrx_word' id='word_1_119' title='bbox 450 1085 610 1131; x_wconf 78' lang='grc' dir='ltr'><em>ἑκατόν·</em></span> <span class='ocrx_word' id='word_1_120' title='bbox 642 1088 709 1130; x_wconf 83' lang='grc' dir='ltr'><em>καὶ</em></span> <span class='ocrx_word' id='word_1_121' title='bbox 731 1084 852 1136; x_wconf 67' lang='grc' dir='ltr'><em>ἄλλας</em></span> <span class='ocrx_word' id='word_1_122' title='bbox 878 1092 984 1141; x_wconf 88' lang='grc' dir='ltr'><em>τρεῖς</em></span> <span class='ocrx_word' id='word_1_123' title='bbox 1001 1085 1273 1140; x_wconf 79' lang='grc' dir='ltr'><em>λαμβάνουσιν</em></span> <span class='ocrx_word' id='word_1_124' title='bbox 1304 1085 1441 1135; x_wconf 74' lang='grc' dir='ltr'><em>αὐτοῖς</em></span> <span class='ocrx_word' id='word_1_125' title='bbox 1468 1084 1678 1140; x_wconf 69' lang='grc' dir='ltr'><em>ἀνδράσιν.</em></span> <span class='ocrx_word' id='word_1_126' title='bbox 1710 1087 1754 1127; x_wconf 79' lang='grc' dir='ltr'><em>αἴ</em></span> 
     </span>
     <span class='ocr_line' id='line_1_15' title="bbox 365 1151 1751 1212; baseline -0.004 -11"><span class='ocrx_word' id='word_1_127' title='bbox 365 1158 407 1201; x_wconf 80' lang='grc' dir='ltr'><em>δὲ</em></span> <span class='ocrx_word' id='word_1_128' title='bbox 427 1158 581 1201; x_wconf 84' lang='grc' dir='ltr'><em>λοιπαὶ,</em></span> <span class='ocrx_word' id='word_1_129' title='bbox 614 1153 802 1211; x_wconf 85' lang='grc' dir='ltr'><em>πρύμναν</em></span> <span class='ocrx_word' id='word_1_130' title='bbox 832 1152 1129 1210; x_wconf 79' lang='grc' dir='ltr'><em>κρουσάμεναι,</em></span> <span class='ocrx_word' id='word_1_131' title='bbox 1174 1157 1346 1212; x_wconf 75' lang='grc' dir='ltr'><em>ἔφευγον</em></span> <span class='ocrx_word' id='word_1_132' title='bbox 1367 1151 1426 1207; x_wconf 80' lang='lat'><strong>¹¹).</strong></span> <span class='ocrx_word' id='word_1_133' title='bbox 1469 1157 1511 1197; x_wconf 84' lang='grc' dir='ltr'><em>οἵ</em></span> <span class='ocrx_word' id='word_1_134' title='bbox 1538 1155 1599 1206; x_wconf 84' lang='grc' dir='ltr'><em>δὲ,</em></span> <span class='ocrx_word' id='word_1_135' title='bbox 1639 1155 1751 1210; x_wconf 83' lang='grc' dir='ltr'><em>μέχρι</em></span> 
     </span>
    </p>

    <p class='ocr_par' dir='ltr' id='par_1_4' title="bbox 408 1255 1751 1580">
     <span class='ocr_line' id='line_1_16' title="bbox 408 1255 1751 1315; baseline -0.004 -21"><span class='ocrx_word' id='word_1_136' title='bbox 408 1260 454 1304; x_wconf 81' lang='lat' dir='ltr'><em>a)</em></span> <span class='ocrx_word' id='word_1_137' title='bbox 478 1255 710 1303; x_wconf 80' lang='grc' dir='ltr'><em>τεταγμέν</em></span> <span class='ocrx_word' id='word_1_138' title='bbox 724 1261 791 1299; x_wconf 91' lang='grc' dir='ltr'><em>οι]</em></span> <span class='ocrx_word' id='word_1_139' title='bbox 818 1256 1132 1315; x_wconf 83' lang='grc' dir='ltr'><em>παρατεταγμένοι</em></span> <span class='ocrx_word' id='word_1_140' title='bbox 1149 1270 1251 1303; x_wconf 73' lang='grc'>5011.</span> <span class='ocrx_word' id='word_1_141' title='bbox 1275 1258 1379 1292; x_wconf 86' lang='lat' dir='ltr'><strong>Gorl.</strong></span> <span class='ocrx_word' id='word_1_142' title='bbox 1403 1257 1503 1304; x_wconf 83' lang='lat' dir='ltr'>quod</span> <span class='ocrx_word' id='word_1_143' title='bbox 1524 1268 1601 1290; x_wconf 88' lang='lat' dir='ltr'><em>non</em></span> <span class='ocrx_word' id='word_1_144' title='bbox 1622 1256 1751 1300; x_wconf 80' lang='lat' dir='ltr'><strong>displi-</strong></span> 
     </span>
     <span class='ocr_line' id='line_1_17' title="bbox 454 1302 1748 1351; baseline -0.003 -12"><span class='ocrx_word' id='word_1_145' title='bbox 454 1305 534 1339; x_wconf 82' lang='lat' dir='ltr'><strong>cuit</strong></span> <span class='ocrx_word' id='word_1_146' title='bbox 555 1306 690 1338; x_wconf 77' lang='lat' dir='ltr'><strong>Belzno.</strong></span> <span class='ocrx_word' id='word_1_147' title='bbox 740 1306 789 1347; x_wconf 89' lang='lat' dir='ltr'><em>b)</em></span> <span class='ocrx_word' id='word_1_148' title='bbox 816 1302 1220 1348; x_wconf 79' lang='grc' dir='ltr'><em>ἐπεμβαίνοντες]</em></span> <span class='ocrx_word' id='word_1_149' title='bbox 1248 1303 1500 1351; x_wconf 76' lang='grc' dir='ltr'><em>ἐπιβαίνοντες</em></span> <span class='ocrx_word' id='word_1_150' title='bbox 1519 1313 1620 1348; x_wconf 87' lang='lat'>2954..</span> <span class='ocrx_word' id='word_1_151' title='bbox 1641 1314 1748 1347; x_wconf 77' lang='grc'>5011.</span> 
     </span>
     <span class='ocr_line' id='line_1_18' title="bbox 451 1349 1750 1408; baseline -0.002 -23"><span class='ocrx_word' id='word_1_152' title='bbox 451 1353 502 1396; x_wconf 89' lang='lat' dir='ltr'><em>c)</em></span> <span class='ocrx_word' id='word_1_153' title='bbox 530 1349 876 1396; x_wconf 70' lang='grc' dir='ltr'><em>ἐπερρίπτουν]</em></span> <span class='ocrx_word' id='word_1_154' title='bbox 907 1350 1151 1408; x_wconf 70' lang='grc' dir='ltr'><em>,,ἑπεῤῥίτουν</em></span> <span class='ocrx_word' id='word_1_155' title='bbox 1191 1351 1289 1384; x_wconf 81' lang='lat' dir='ltr'><strong>male</strong></span> <span class='ocrx_word' id='word_1_156' title='bbox 1317 1353 1360 1384; x_wconf 84' lang='lat' dir='ltr'><em>J.‘</em></span> <span class='ocrx_word' id='word_1_157' title='bbox 1449 1351 1496 1392; x_wconf 94' lang='lat' dir='ltr'><em>d)</em></span> <span class='ocrx_word' id='word_1_158' title='bbox 1522 1353 1750 1392; x_wconf 83' lang='grc' dir='ltr'><em>κατεῖχον</em></span> 
     </span>
     <span class='ocr_line' id='line_1_19' title="bbox 449 1395 1748 1452; baseline -0.002 -20"><span class='ocrx_word' id='word_1_159' title='bbox 449 1397 545 1452; x_wconf 78' lang='grc' dir='ltr'><em>τήν</em></span> <span class='ocrx_word' id='word_1_160' title='bbox 559 1399 728 1451; x_wconf 85' lang='grc' dir='ltr'><em>νῆσον]</em></span> <span class='ocrx_word' id='word_1_161' title='bbox 756 1411 834 1431; x_wconf 82' lang='grc' dir='ltr'><em>κατ.</em></span> <span class='ocrx_word' id='word_1_162' title='bbox 866 1395 982 1441; x_wconf 75' lang='grc' dir='ltr'><em>αὐτην</em></span> <span class='ocrx_word' id='word_1_163' title='bbox 1003 1396 1070 1442; x_wconf 78' lang='grc' dir='ltr'><em>τὴν</em></span> <span class='ocrx_word' id='word_1_164' title='bbox 1088 1399 1203 1441; x_wconf 82' lang='grc' dir='ltr'><em>νῆσον</em></span> <span class='ocrx_word' id='word_1_165' title='bbox 1230 1409 1333 1439; x_wconf 64' lang='grc'>5011.</span> <span class='ocrx_word' id='word_1_166' title='bbox 1355 1395 1454 1430; x_wconf 86' lang='lat' dir='ltr'><strong>unde</strong></span> <span class='ocrx_word' id='word_1_167' title='bbox 1471 1397 1548 1429; x_wconf 82' lang='lat' dir='ltr'><strong>Bel.</strong></span> <span class='ocrx_word' id='word_1_168' title='bbox 1568 1395 1649 1429; x_wconf 89' lang='lat' dir='ltr'><strong>vult</strong></span> <span class='ocrx_word' id='word_1_169' title='bbox 1669 1408 1748 1429; x_wconf 82' lang='grc' dir='ltr'><em>κατ’.</em></span> 
     </span>
     <span class='ocr_line' id='line_1_20' title="bbox 450 1440 1750 1497; baseline -0.004 -19"><span class='ocrx_word' id='word_1_170' title='bbox 450 1440 570 1497; x_wconf 71' lang='lat' dir='ltr'><em>0chva</em></span> <span class='ocrx_word' id='word_1_171' title='bbox 589 1443 650 1477; x_wconf 81' lang='grc' dir='ltr'><em>καὶ</em></span> <span class='ocrx_word' id='word_1_172' title='bbox 665 1441 732 1487; x_wconf 77' lang='grc' dir='ltr'><em>τήν</em></span> <span class='ocrx_word' id='word_1_173' title='bbox 749 1446 884 1487; x_wconf 80' lang='grc' dir='ltr'><em>νῆσον,</em></span> <span class='ocrx_word' id='word_1_174' title='bbox 911 1444 1109 1477; x_wconf 84' lang='lat' dir='ltr'>admodum</span> <span class='ocrx_word' id='word_1_175' title='bbox 1129 1445 1265 1485; x_wconf 79' lang='lat' dir='ltr'><strong>jejune.</strong></span> <span class='ocrx_word' id='word_1_176' title='bbox 1315 1444 1354 1483; x_wconf 82' lang='lat' dir='ltr'><strong>e)</strong></span> <span class='ocrx_word' id='word_1_177' title='bbox 1383 1440 1633 1486; x_wconf 83' lang='grc' dir='ltr'><em>σπόγγοις]</em></span> <span class='ocrx_word' id='word_1_178' title='bbox 1659 1441 1750 1484; x_wconf 80' lang='lat' dir='ltr'><strong>„Sic</strong></span> 
     </span>
     <span class='ocr_line' id='line_1_21' title="bbox 450 1488 1749 1523; baseline -0.003 0"><span class='ocrx_word' id='word_1_179' title='bbox 450 1492 563 1523; x_wconf 83' lang='lat' dir='ltr'><strong>etiam</strong></span> <span class='ocrx_word' id='word_1_180' title='bbox 585 1501 662 1522; x_wconf 86' lang='lat' dir='ltr'><strong>esse</strong></span> <span class='ocrx_word' id='word_1_181' title='bbox 678 1490 715 1522; x_wconf 85' lang='lat' dir='ltr'><em>in</em></span> <span class='ocrx_word' id='word_1_182' title='bbox 736 1490 765 1521; x_wconf 91' lang='lat' dir='ltr'><em>J.</em></span> <span class='ocrx_word' id='word_1_183' title='bbox 788 1490 839 1522; x_wconf 84' lang='lat' dir='ltr'><em>Il.</em></span> <span class='ocrx_word' id='word_1_184' title='bbox 862 1490 960 1522; x_wconf 86' lang='lat' dir='ltr'><strong>etH.</strong></span> <span class='ocrx_word' id='word_1_185' title='bbox 983 1496 1089 1522; x_wconf 85' lang='lat' dir='ltr'><strong>notat</strong></span> <span class='ocrx_word' id='word_1_186' title='bbox 1111 1490 1272 1522; x_wconf 59' lang='lat' dir='ltr'><em>solanus.</em></span> <span class='ocrx_word' id='word_1_187' title='bbox 1279 1489 1303 1508; x_wconf 85' lang='lat'><strong>“</strong></span> <span class='ocrx_word' id='word_1_188' title='bbox 1335 1489 1432 1521; x_wconf 65' lang='grc' dir='ltr'>(ἳωό.</span> <span class='ocrx_word' id='word_1_189' title='bbox 1454 1490 1560 1520; x_wconf 80' lang='lat' dir='ltr'><strong>Koen.</strong></span> <span class='ocrx_word' id='word_1_190' title='bbox 1584 1488 1630 1520; x_wconf 83' lang='lat' dir='ltr'><em>ad</em></span> <span class='ocrx_word' id='word_1_191' title='bbox 1661 1488 1749 1519; x_wconf 80' lang='lat' dir='ltr'><strong>Gre-</strong></span> 
     </span>
     <span class='ocr_line' id='line_1_22' title="bbox 446 1533 1747 1580; baseline -0.002 -13"><span class='ocrx_word' id='word_1_192' title='bbox 446 1549 525 1580; x_wconf 60' lang='grc' dir='ltr'><em>ἔον.</em></span> <span class='ocrx_word' id='word_1_193' title='bbox 550 1538 622 1568; x_wconf 83' lang='lat' dir='ltr'><em>Cor.</em></span> <span class='ocrx_word' id='word_1_194' title='bbox 648 1547 681 1578; x_wconf 89' lang='lat' dir='ltr'><em>p.</em></span> <span class='ocrx_word' id='word_1_195' title='bbox 702 1535 756 1576; x_wconf 68' lang='lat'><em>64.</em></span> <span class='ocrx_word' id='word_1_196' title='bbox 779 1537 876 1576; x_wconf 83' lang='lat' dir='ltr'><strong>conj.</strong></span> <span class='ocrx_word' id='word_1_197' title='bbox 896 1533 1060 1579; x_wconf 80' lang='grc' dir='ltr'><em>κόγχοις,</em></span> <span class='ocrx_word' id='word_1_198' title='bbox 1088 1535 1186 1580; x_wconf 84' lang='lat' dir='ltr'>quod</span> <span class='ocrx_word' id='word_1_199' title='bbox 1208 1534 1384 1578; x_wconf 79' lang='lat' dir='ltr'>expressit</span> <span class='ocrx_word' id='word_1_200' title='bbox 1403 1535 1574 1566; x_wconf 59' lang='lat' dir='ltr'><em>Massia).</em></span> <span class='ocrx_word' id='word_1_201' title='bbox 1597 1534 1747 1578; x_wconf 82' lang='lat' dir='ltr'><strong>impro—</strong></span> 
     </span>
    </p>
   </div>
   <div class='ocr_carea' id='block_1_3' title="bbox 447 1579 1745 1624">
    <p class='ocr_par' dir='ltr' id='par_1_5' title="bbox 447 1579 1745 1624">
     <span class='ocr_line' id='line_1_23' title="bbox 447 1579 1745 1624; baseline -0.002 -10"><span class='ocrx_word' id='word_1_202' title='bbox 447 1581 624 1615; x_wconf 80' lang='lat' dir='ltr'><strong>bantibus</strong></span> <span class='ocrx_word' id='word_1_203' title='bbox 648 1583 697 1612; x_wconf 76' lang='lat' dir='ltr'><em>Be</em></span> <span class='ocrx_word' id='word_1_204' title='bbox 697 1581 794 1622; x_wconf 68' lang='lat' dir='ltr'><strong>luzo,</strong></span> <span class='ocrx_word' id='word_1_205' title='bbox 823 1582 1023 1613; x_wconf 68' lang='lat' dir='ltr'><em>IVzelmdzo</em></span> <span class='ocrx_word' id='word_1_206' title='bbox 1051 1587 1087 1614; x_wconf 82' lang='lat' dir='ltr'><strong>et</strong></span> <span class='ocrx_word' id='word_1_207' title='bbox 1117 1581 1304 1624; x_wconf 65' lang='lat' dir='ltr'><em>Schaejkro</em></span> <span class='ocrx_word' id='word_1_208' title='bbox 1333 1580 1379 1613; x_wconf 81' lang='lat' dir='ltr'><em>ad</em></span> <span class='ocrx_word' id='word_1_209' title='bbox 1404 1579 1635 1620; x_wconf 81' lang='lat' dir='ltr'><strong>Greoor.l.1.</strong></span> <span class='ocrx_word' id='word_1_210' title='bbox 1688 1579 1745 1614; x_wconf 87' lang='lat' dir='ltr'><em>Cf.</em></span> 
     </span>
    </p>
   </div>
   <div class='ocr_carea' id='block_1_4' title="bbox 446 1624 1746 1717">
    <p class='ocr_par' dir='ltr' id='par_1_6' title="bbox 446 1624 1746 1717">
     <span class='ocr_line' id='line_1_24' title="bbox 446 1624 1746 1671; baseline -0.002 -12"><span class='ocrx_word' id='word_1_211' title='bbox 446 1628 583 1659; x_wconf 88' lang='lat' dir='ltr'><strong>Adnot.</strong></span> <span class='ocrx_word' id='word_1_212' title='bbox 644 1626 680 1669; x_wconf 85' lang='lat' dir='ltr'><em>f)</em></span> <span class='ocrx_word' id='word_1_213' title='bbox 708 1624 1020 1669; x_wconf 75' lang='grc' dir='ltr'><em>ἐληλακέναι]</em></span> <span class='ocrx_word' id='word_1_214' title='bbox 1048 1625 1267 1671; x_wconf 76' lang='grc' dir='ltr'><em>ἐμηλακέναι</em></span> <span class='ocrx_word' id='word_1_215' title='bbox 1288 1628 1404 1658; x_wconf 72' lang='lat' dir='ltr'><strong>Reilz.</strong></span> <span class='ocrx_word' id='word_1_216' title='bbox 1427 1636 1626 1669; x_wconf 79' lang='lat' dir='ltr'><em>operarum</em></span> <span class='ocrx_word' id='word_1_217' title='bbox 1643 1636 1746 1658; x_wconf 87' lang='lat' dir='ltr'><strong>erro-</strong></span> 
     </span>
     <span class='ocr_line' id='line_1_25' title="bbox 447 1671 1744 1717; baseline -0.004 -11"><span class='ocrx_word' id='word_1_218' title='bbox 447 1684 502 1706; x_wconf 80' lang='lat' dir='ltr'><strong>re.</strong></span> <span class='ocrx_word' id='word_1_219' title='bbox 575 1673 623 1717; x_wconf 87' lang='lat' dir='ltr'><em>g)</em></span> <span class='ocrx_word' id='word_1_220' title='bbox 648 1673 719 1714; x_wconf 78' lang='grc' dir='ltr'><em>τε]</em></span> <span class='ocrx_word' id='word_1_221' title='bbox 747 1673 847 1705; x_wconf 76' lang='lat' dir='ltr'><strong>deest</strong></span> <span class='ocrx_word' id='word_1_222' title='bbox 864 1673 901 1704; x_wconf 89' lang='grc'><em>111</em></span> <span class='ocrx_word' id='word_1_223' title='bbox 925 1683 1024 1716; x_wconf 74' lang='grc'>2054..</span> <span class='ocrx_word' id='word_1_224' title='bbox 1044 1681 1079 1705; x_wconf 87' lang='lat' dir='ltr'><strong>et</strong></span> <span class='ocrx_word' id='word_1_225' title='bbox 1096 1686 1197 1716; x_wconf 74' lang='lat'>3011.</span> <span class='ocrx_word' id='word_1_226' title='bbox 1220 1679 1255 1705; x_wconf 83' lang='lat' dir='ltr'><strong>et</strong></span> <span class='ocrx_word' id='word_1_227' title='bbox 1276 1672 1455 1704; x_wconf 85' lang='lat' dir='ltr'>omissum</span> <span class='ocrx_word' id='word_1_228' title='bbox 1476 1671 1564 1703; x_wconf 81' lang='lat' dir='ltr'><strong>adeo</strong></span> <span class='ocrx_word' id='word_1_229' title='bbox 1587 1683 1608 1704; x_wconf 87' lang='lat' dir='ltr'><strong>a</strong></span> <span class='ocrx_word' id='word_1_230' title='bbox 1629 1671 1744 1703; x_wconf 77' lang='grc' dir='ltr'><em>5ἰ-.Ῑωη</em></span> 
     </span>
    </p>
   </div>
   <div class='ocr_carea' id='block_1_5' title="bbox 447 1713 1747 1809">
    <p class='ocr_par' dir='ltr' id='par_1_7' title="bbox 447 1713 1745 1809">
     <span class='ocr_line' id='line_1_26' title="bbox 447 1713 1745 1774; baseline -0.001 -22"><span class='ocrx_word' id='word_1_231' title='bbox 447 1725 625 1752; x_wconf 84' lang='lat' dir='ltr'><strong>monente</strong></span> <span class='ocrx_word' id='word_1_232' title='bbox 642 1721 690 1749; x_wconf 99' lang='lat' dir='ltr'><strong><em>L</em></strong></span> <span class='ocrx_word' id='word_1_233' title='bbox 689 1718 778 1751; x_wconf 76' lang='lat' dir='ltr'><strong>lino.</strong></span> <span class='ocrx_word' id='word_1_234' title='bbox 807 1720 875 1752; x_wconf 82' lang='lat' dir='ltr'><strong>Sed</strong></span> <span class='ocrx_word' id='word_1_235' title='bbox 894 1719 1131 1753; x_wconf 80' lang='lat' dir='ltr'><strong>referendum</strong></span> <span class='ocrx_word' id='word_1_236' title='bbox 1153 1719 1197 1751; x_wconf 78' lang='lat' dir='ltr'><em>ad</em></span> <span class='ocrx_word' id='word_1_237' title='bbox 1217 1718 1416 1774; x_wconf 76' lang='lat' dir='ltr'>sequentia</span> <span class='ocrx_word' id='word_1_238' title='bbox 1426 1717 1488 1751; x_wconf 78' lang='grc' dir='ltr'><em>καὶ</em></span> <span class='ocrx_word' id='word_1_239' title='bbox 1509 1713 1620 1757; x_wconf 74' lang='grc' dir='ltr'><em>ἄλλας</em></span> <span class='ocrx_word' id='word_1_240' title='bbox 1636 1720 1745 1774; x_wconf 80' lang='grc' dir='ltr'><em>τρεῖς,</em></span> 
     </span>
     <span class='ocr_line' id='line_1_27' title="bbox 449 1761 1747 1809; baseline 0 -11"><span class='ocrx_word' id='word_1_241' title='bbox 449 1771 487 1798; x_wconf 81' lang='lat' dir='ltr'><em>et</em></span> <span class='ocrx_word' id='word_1_242' title='bbox 498 1764 757 1798; x_wconf 80' lang='lat' dir='ltr'><strong>retinendum:</strong></span> <span class='ocrx_word' id='word_1_243' title='bbox 784 1778 851 1797; x_wconf 84' lang='lat' dir='ltr'><strong>non</strong></span> <span class='ocrx_word' id='word_1_244' title='bbox 869 1765 980 1799; x_wconf 71' lang='lat' dir='ltr'><em>solum</em></span> <span class='ocrx_word' id='word_1_245' title='bbox 1003 1785 1050 1790; x_wconf 97' lang='lat'><strong>—</strong></span> <span class='ocrx_word' id='word_1_246' title='bbox 1073 1767 1134 1798; x_wconf 73' lang='lat' dir='ltr'><em>sed</em></span> <span class='ocrx_word' id='word_1_247' title='bbox 1155 1766 1273 1798; x_wconf 78' lang='lat' dir='ltr'><strong>etiam.</strong></span> <span class='ocrx_word' id='word_1_248' title='bbox 1319 1763 1369 1807; x_wconf 88' lang='lat' dir='ltr'><em>h)</em></span> <span class='ocrx_word' id='word_1_249' title='bbox 1398 1761 1631 1809; x_wconf 67' lang='grc' dir='ltr'><em>ἔφευγον]</em></span> <span class='ocrx_word' id='word_1_250' title='bbox 1654 1762 1747 1808; x_wconf 72' lang='grc' dir='ltr'><em>ε’-φυ</em></span> 
     </span>
    </p>
   </div>
   <div class='ocr_carea' id='block_1_6' title="bbox 346 1862 1020 2750">
    <p class='ocr_par' dir='ltr' id='par_1_8' title="bbox 346 1862 1020 2750">
     <span class='ocr_line' id='line_1_28' title="bbox 353 1862 1020 1915; baseline 0.003 -15"><span class='ocrx_word' id='word_1_251' title='bbox 353 1876 479 1915; x_wconf 80' lang='lat' dir='ltr'><strong>prora</strong></span> <span class='ocrx_word' id='word_1_252' title='bbox 521 1862 779 1901; x_wconf 77' lang='lat' dir='ltr'>alacritatem</span> <span class='ocrx_word' id='word_1_253' title='bbox 813 1862 1020 1902; x_wconf 85' lang='lat' dir='ltr'><strong>ostende-</strong></span> 
     </span>
     <span class='ocr_line' id='line_1_29' title="bbox 355 1919 1018 1966; baseline 0 -10"><span class='ocrx_word' id='word_1_254' title='bbox 355 1919 457 1957; x_wconf 88' lang='lat' dir='ltr'><strong>bant</strong></span> <span class='ocrx_word' id='word_1_255' title='bbox 485 1919 733 1966; x_wconf 75' lang='lat' dir='ltr'>maximam,</span> <span class='ocrx_word' id='word_1_256' title='bbox 767 1919 1018 1957; x_wconf 85' lang='lat' dir='ltr'><strong>transilien-</strong></span> 
     </span>
     <span class='ocr_line' id='line_1_30' title="bbox 352 1976 1015 2021; baseline 0.002 -9"><span class='ocrx_word' id='word_1_257' title='bbox 352 1983 415 2013; x_wconf 85' lang='lat' dir='ltr'><em>tes</em></span> <span class='ocrx_word' id='word_1_258' title='bbox 439 1976 483 2012; x_wconf 87' lang='lat' dir='ltr'><em>in</em></span> <span class='ocrx_word' id='word_1_259' title='bbox 507 1988 633 2013; x_wconf 86' lang='lat' dir='ltr'><strong>naves</strong></span> <span class='ocrx_word' id='word_1_260' title='bbox 658 1976 829 2021; x_wconf 84' lang='lat' dir='ltr'><strong>alienas,</strong></span> <span class='ocrx_word' id='word_1_261' title='bbox 850 1985 904 2013; x_wconf 81' lang='lat' dir='ltr'><strong>,et</strong></span> <span class='ocrx_word' id='word_1_262' title='bbox 927 1990 1015 2013; x_wconf 79' lang='lat' dir='ltr'><strong>cae-</strong></span> 
     </span>
     <span class='ocr_line' id='line_1_31' title="bbox 353 2029 1015 2083; baseline 0.003 -16"><span class='ocrx_word' id='word_1_263' title='bbox 353 2029 445 2069; x_wconf 87' lang='lat' dir='ltr'><em>dem</em></span> <span class='ocrx_word' id='word_1_264' title='bbox 476 2029 536 2067; x_wconf 88' lang='lat' dir='ltr'><em>ibi</em></span> <span class='ocrx_word' id='word_1_265' title='bbox 570 2030 765 2070; x_wconf 81' lang='lat' dir='ltr'><strong>edentes:</strong></span> <span class='ocrx_word' id='word_1_266' title='bbox 800 2031 1015 2083; x_wconf 83' lang='lat' dir='ltr'><strong>captivum</strong></span> 
     </span>
     <span class='ocr_line' id='line_1_32' title="bbox 351 2086 1014 2140; baseline 0.002 -16"><span class='ocrx_word' id='word_1_267' title='bbox 351 2086 522 2140; x_wconf 88' lang='lat' dir='ltr'><strong>quidem</strong></span> <span class='ocrx_word' id='word_1_268' title='bbox 561 2086 684 2123; x_wconf 84' lang='lat' dir='ltr'><strong>duxit</strong></span> <span class='ocrx_word' id='word_1_269' title='bbox 732 2102 869 2126; x_wconf 89' lang='lat' dir='ltr'><strong>nemo.</strong></span> <span class='ocrx_word' id='word_1_270' title='bbox 932 2088 1014 2126; x_wconf 90' lang='lat' dir='ltr'><em>Pro</em></span> 
     </span>
     <span class='ocr_line' id='line_1_33' title="bbox 350 2142 1012 2194; baseline 0 -14"><span class='ocrx_word' id='word_1_271' title='bbox 350 2142 499 2181; x_wconf 78' lang='lat' dir='ltr'><strong>ferreis</strong></span> <span class='ocrx_word' id='word_1_272' title='bbox 542 2142 736 2179; x_wconf 80' lang='lat' dir='ltr'><strong>manibus</strong></span> <span class='ocrx_word' id='word_1_273' title='bbox 773 2142 1012 2194; x_wconf 68' lang='lat' dir='ltr'><strong>polypodes</strong></span> 
     </span>
     <span class='ocr_line' id='line_1_34' title="bbox 348 2199 1012 2252; baseline 0.002 -17"><span class='ocrx_word' id='word_1_274' title='bbox 348 2212 550 2252; x_wconf 80' lang='lat' dir='ltr'><strong>magnos,</strong></span> <span class='ocrx_word' id='word_1_275' title='bbox 585 2199 800 2236; x_wconf 82' lang='lat' dir='ltr'><strong>revinctos</strong></span> <span class='ocrx_word' id='word_1_276' title='bbox 830 2199 912 2236; x_wconf 86' lang='lat' dir='ltr'>sibi</span> <span class='ocrx_word' id='word_1_277' title='bbox 947 2200 1012 2236; x_wconf 87' lang='lat' dir='ltr'><em>in-</em></span> 
     </span>
     <span class='ocr_line' id='line_1_35' title="bbox 347 2254 1010 2308; baseline -0.005 -15"><span class='ocrx_word' id='word_1_278' title='bbox 347 2255 485 2294; x_wconf 84' lang='lat' dir='ltr'><strong>vicem</strong></span> <span class='ocrx_word' id='word_1_279' title='bbox 517 2254 794 2306; x_wconf 80' lang='lat' dir='ltr'><strong>injiciebant,</strong></span> <span class='ocrx_word' id='word_1_280' title='bbox 830 2256 903 2308; x_wconf 88' lang='lat' dir='ltr'><strong>qui</strong></span> <span class='ocrx_word' id='word_1_281' title='bbox 934 2256 1010 2293; x_wconf 86' lang='lat' dir='ltr'><strong>sil-</strong></span> 
     </span>
     <span class='ocr_line' id='line_1_36' title="bbox 347 2311 1013 2361; baseline 0.002 -13"><span class='ocrx_word' id='word_1_282' title='bbox 347 2325 441 2348; x_wconf 88' lang='lat' dir='ltr'><em>vam</em></span> <span class='ocrx_word' id='word_1_283' title='bbox 465 2311 674 2361; x_wconf 82' lang='lat' dir='ltr'><em>complexi</em></span> <span class='ocrx_word' id='word_1_284' title='bbox 696 2311 927 2350; x_wconf 85' lang='lat' dir='ltr'><strong>retinerent</strong></span> <span class='ocrx_word' id='word_1_285' title='bbox 946 2312 1013 2349; x_wconf 87' lang='lat' dir='ltr'><em>in-</em></span> 
     </span>
     <span class='ocr_line' id='line_1_37' title="bbox 348 2366 1011 2406; baseline 0.003 -3"><span class='ocrx_word' id='word_1_286' title='bbox 348 2370 495 2405; x_wconf 86' lang='lat' dir='ltr'><strong>sulam.</strong></span> <span class='ocrx_word' id='word_1_287' title='bbox 557 2366 782 2406; x_wconf 76' lang='lat' dir='ltr'><strong>jactabant</strong></span> <span class='ocrx_word' id='word_1_288' title='bbox 805 2382 905 2406; x_wconf 88' lang='lat' dir='ltr'><strong>vero</strong></span> <span class='ocrx_word' id='word_1_289' title='bbox 928 2377 1011 2405; x_wconf 88' lang='lat' dir='ltr'><strong>ost·</strong></span> 
     </span>
     <span class='ocr_line' id='line_1_38' title="bbox 347 2423 1011 2487; baseline 0.002 -28"><span class='ocrx_word' id='word_1_290' title='bbox 347 2436 430 2470; x_wconf 85' lang='grc'>163,</span> <span class='ocrx_word' id='word_1_291' title='bbox 453 2437 560 2474; x_wconf 83' lang='lat' dir='ltr'><strong>quae</strong></span> <span class='ocrx_word' id='word_1_292' title='bbox 582 2423 750 2474; x_wconf 79' lang='lat' dir='ltr'><strong>singula</strong></span> <span class='ocrx_word' id='word_1_293' title='bbox 778 2426 1011 2487; x_wconf 69' lang='lat' dir='ltr'><em>plausuum</em></span> 
     </span>
     <span class='ocr_line' id='line_1_39' title="bbox 348 2477 1012 2532; baseline 0.008 -20"><span class='ocrx_word' id='word_1_294' title='bbox 348 2477 595 2528; x_wconf 83' lang='lat' dir='ltr'><strong>implerent,</strong></span> <span class='ocrx_word' id='word_1_295' title='bbox 630 2490 670 2517; x_wconf 85' lang='lat' dir='ltr'><strong>et</strong></span> <span class='ocrx_word' id='word_1_296' title='bbox 691 2480 827 2532; x_wconf 75' lang='lat' dir='ltr'><strong>jugeii</strong></span> <span class='ocrx_word' id='word_1_297' title='bbox 850 2480 1012 2532; x_wconf 78' lang='lat' dir='ltr'><strong>magni-</strong></span> 
     </span>
     <span class='ocr_line' id='line_1_40' title="bbox 348 2533 1011 2588; baseline 0.008 -19"><span class='ocrx_word' id='word_1_298' title='bbox 348 2533 500 2572; x_wconf 86' lang='lat' dir='ltr'><strong>tudine</strong></span> <span class='ocrx_word' id='word_1_299' title='bbox 533 2536 757 2588; x_wconf 61' lang='lat' dir='ltr'><strong>spongiw,</strong></span> <span class='ocrx_word' id='word_1_300' title='bbox 801 2536 939 2588; x_wconf 86' lang='lat' dir='ltr'><strong>iisque</strong></span> <span class='ocrx_word' id='word_1_301' title='bbox 969 2550 1011 2574; x_wconf 88' lang='lat' dir='ltr'><strong>se</strong></span> 
     </span>
     <span class='ocr_line' id='line_1_41' title="bbox 347 2587 1012 2632; baseline 0.009 -9"><span class='ocrx_word' id='word_1_302' title='bbox 347 2587 531 2627; x_wconf 75' lang='lat' dir='ltr'><strong>invicenl</strong></span> <span class='ocrx_word' id='word_1_303' title='bbox 550 2591 845 2632; x_wconf 75' lang='lat' dir='ltr'><strong>vulnerabant.</strong></span> <span class='ocrx_word' id='word_1_304' title='bbox 903 2593 1012 2629; x_wconf 75' lang='lat' dir='ltr'><em>DUX</em></span> 
     </span>
     <span class='ocr_line' id='line_1_42' title="bbox 347 2646 1011 2686; baseline 0.009 -7"><span class='ocrx_word' id='word_1_305' title='bbox 347 2653 436 2680; x_wconf 85' lang='lat' dir='ltr'><strong>erat</strong></span> <span class='ocrx_word' id='word_1_306' title='bbox 470 2646 641 2683; x_wconf 84' lang='lat' dir='ltr'><strong>alterius</strong></span> <span class='ocrx_word' id='word_1_307' title='bbox 671 2647 811 2685; x_wconf 80' lang='lat' dir='ltr'><strong>classis</strong></span> <span class='ocrx_word' id='word_1_308' title='bbox 847 2648 1011 2686; x_wconf 83' lang='lat' dir='ltr'><strong>Aeolo-</strong></span> 
     </span>
     <span class='ocr_line' id='line_1_43' title="bbox 346 2702 1009 2750; baseline 0.008 -14"><span class='ocrx_word' id='word_1_309' title='bbox 346 2708 592 2750; x_wconf 79' lang='lat' dir='ltr'><strong>centaurus,</strong></span> <span class='ocrx_word' id='word_1_310' title='bbox 626 2703 798 2741; x_wconf 78' lang='lat' dir='ltr'><strong>alterius</strong></span> <span class='ocrx_word' id='word_1_311' title='bbox 829 2702 1009 2741; x_wconf 82' lang='lat' dir='ltr'><strong>Thalas-</strong></span> 
     </span>
    </p>
   </div>
   <div class='ocr_carea' id='block_1_7' title="bbox 1065 1860 1743 2754">
    <p class='ocr_par' dir='ltr' id='par_1_9' title="bbox 1065 1860 1743 2754">
     <span class='ocr_line' id='line_1_44' title="bbox 1077 1860 1743 1915; baseline -0.005 -14"><span class='ocrx_word' id='word_1_312' title='bbox 1077 1871 1248 1915; x_wconf 84' lang='lat' dir='ltr'><strong>sopotes</strong></span> <span class='ocrx_word' id='word_1_313' title='bbox 1275 1861 1438 1913; x_wconf 72' lang='lat' dir='ltr'><strong>[Maris</strong></span> <span class='ocrx_word' id='word_1_314' title='bbox 1454 1861 1616 1915; x_wconf 68' lang='lat' dir='ltr'><em>potor}</em></span> <span class='ocrx_word' id='word_1_315' title='bbox 1651 1860 1743 1899; x_wconf 88' lang='lat' dir='ltr'><em>Pu-</em></span> 
     </span>
     <span class='ocr_line' id='line_1_45' title="bbox 1076 1919 1742 1972; baseline -0.003 -16"><span class='ocrx_word' id='word_1_316' title='bbox 1076 1934 1158 1972; x_wconf 81' lang='lat' dir='ltr'><strong>gna</strong></span> <span class='ocrx_word' id='word_1_317' title='bbox 1191 1919 1428 1956; x_wconf 84' lang='lat' dir='ltr'><strong>inter1llos</strong></span> <span class='ocrx_word' id='word_1_318' title='bbox 1470 1927 1638 1966; x_wconf 75' lang='lat' dir='ltr'><strong>exoita,</strong></span> <span class='ocrx_word' id='word_1_319' title='bbox 1693 1926 1742 1954; x_wconf 86' lang='lat' dir='ltr'><em>ut</em></span> 
     </span>
     <span class='ocr_line' id='line_1_46' title="bbox 1077 1972 1738 2026; baseline 0 -14"><span class='ocrx_word' id='word_1_320' title='bbox 1077 1974 1270 2021; x_wconf 80' lang='lat' dir='ltr'><strong>videtur,</strong></span> <span class='ocrx_word' id='word_1_321' title='bbox 1315 1974 1455 2011; x_wconf 85' lang='lat' dir='ltr'><strong>fuerat</strong></span> <span class='ocrx_word' id='word_1_322' title='bbox 1486 1972 1535 2012; x_wconf 85' lang='lat' dir='ltr'><strong>de</strong></span> <span class='ocrx_word' id='word_1_323' title='bbox 1568 1972 1738 2026; x_wconf 76' lang='lat' dir='ltr'><strong>praeda.</strong></span> 
     </span>
     <span class='ocr_line' id='line_1_47' title="bbox 1074 2029 1740 2068; baseline -0.003 0"><span class='ocrx_word' id='word_1_324' title='bbox 1074 2030 1316 2068; x_wconf 83' lang='lat' dir='ltr'><strong>Dicebatur</strong></span> <span class='ocrx_word' id='word_1_325' title='bbox 1356 2029 1467 2067; x_wconf 86' lang='lat' dir='ltr'><strong>enim</strong></span> <span class='ocrx_word' id='word_1_326' title='bbox 1506 2029 1740 2067; x_wconf 80' lang='lat' dir='ltr'><strong>Thalasso-</strong></span> 
     </span>
     <span class='ocr_line' id='line_1_48' title="bbox 1075 2084 1737 2139; baseline -0.003 -15"><span class='ocrx_word' id='word_1_327' title='bbox 1075 2096 1196 2139; x_wconf 87' lang='lat' dir='ltr'><strong>potes</strong></span> <span class='ocrx_word' id='word_1_328' title='bbox 1220 2100 1365 2139; x_wconf 82' lang='lat' dir='ltr'><strong>greges</strong></span> <span class='ocrx_word' id='word_1_329' title='bbox 1388 2088 1540 2124; x_wconf 87' lang='lat' dir='ltr'><strong>multos</strong></span> <span class='ocrx_word' id='word_1_330' title='bbox 1573 2084 1737 2138; x_wconf 82' lang='lat' dir='ltr'><strong>delphi-</strong></span> 
     </span>
     <span class='ocr_line' id='line_1_49' title="bbox 1074 2141 1737 2181; baseline -0.003 -1"><span class='ocrx_word' id='word_1_331' title='bbox 1074 2157 1224 2181; x_wconf 87' lang='lat' dir='ltr'><strong>norum</strong></span> <span class='ocrx_word' id='word_1_332' title='bbox 1259 2142 1593 2180; x_wconf 78' lang='lat' dir='ltr'><strong>Aeolocentauri</strong></span> <span class='ocrx_word' id='word_1_333' title='bbox 1629 2141 1737 2179; x_wconf 74' lang='lat' dir='ltr'><strong>abe-</strong></span> 
     </span>
     <span class='ocr_line' id='line_1_50' title="bbox 1073 2196 1736 2252; baseline -0.003 -17"><span class='ocrx_word' id='word_1_334' title='bbox 1073 2199 1207 2252; x_wconf 77' lang='lat' dir='ltr'><strong>gisse,</strong></span> <span class='ocrx_word' id='word_1_335' title='bbox 1251 2208 1455 2250; x_wconf 81' lang='lat' dir='ltr'><strong>quantum</strong></span> <span class='ocrx_word' id='word_1_336' title='bbox 1488 2198 1638 2235; x_wconf 87' lang='lat' dir='ltr'><strong>audire</strong></span> <span class='ocrx_word' id='word_1_337' title='bbox 1660 2196 1736 2235; x_wconf 83' lang='lat' dir='ltr'><strong>da..</strong></span> 
     </span>
     <span class='ocr_line' id='line_1_51' title="bbox 1071 2253 1733 2303; baseline -0.005 -11"><span class='ocrx_word' id='word_1_338' title='bbox 1071 2255 1208 2303; x_wconf 80' lang='lat' dir='ltr'><strong>batur,</strong></span> <span class='ocrx_word' id='word_1_339' title='bbox 1243 2270 1335 2292; x_wconf 87' lang='grc'>011111</span> <span class='ocrx_word' id='word_1_340' title='bbox 1355 2256 1630 2292; x_wconf 79' lang='lat' dir='ltr'><strong>inclamarent</strong></span> <span class='ocrx_word' id='word_1_341' title='bbox 1648 2253 1733 2290; x_wconf 86' lang='lat' dir='ltr'><strong>sibi</strong></span> 
     </span>
     <span class='ocr_line' id='line_1_52' title="bbox 1071 2309 1734 2362; baseline -0.003 -14"><span class='ocrx_word' id='word_1_342' title='bbox 1071 2312 1280 2360; x_wconf 84' lang='lat' dir='ltr'><strong>invicem,</strong></span> <span class='ocrx_word' id='word_1_343' title='bbox 1322 2320 1363 2349; x_wconf 89' lang='lat' dir='ltr'><strong>et</strong></span> <span class='ocrx_word' id='word_1_344' title='bbox 1389 2324 1530 2362; x_wconf 80' lang='lat' dir='ltr'><strong>regum</strong></span> <span class='ocrx_word' id='word_1_345' title='bbox 1562 2309 1734 2346; x_wconf 84' lang='lat' dir='ltr'><strong>nomina</strong></span> 
     </span>
     <span class='ocr_line' id='line_1_53' title="bbox 1071 2363 1734 2419; baseline -0.006 -15"><span class='ocrx_word' id='word_1_346' title='bbox 1071 2370 1344 2419; x_wconf 79' lang='lat' dir='ltr'><strong>appellarent.</strong></span> <span class='ocrx_word' id='word_1_347' title='bbox 1414 2364 1601 2402; x_wconf 77' lang='lat' dir='ltr'><strong>Tandem</strong></span> <span class='ocrx_word' id='word_1_348' title='bbox 1638 2363 1734 2400; x_wconf 85' lang='lat' dir='ltr'><strong>vin-</strong></span> 
     </span>
     <span class='ocr_line' id='line_1_54' title="bbox 1071 2419 1728 2469; baseline -0.008 -8"><span class='ocrx_word' id='word_1_349' title='bbox 1071 2433 1173 2461; x_wconf 91' lang='lat' dir='ltr'><strong>cunt</strong></span> <span class='ocrx_word' id='word_1_350' title='bbox 1199 2420 1528 2461; x_wconf 80' lang='lat' dir='ltr'><strong>Aeolocentauri</strong></span> <span class='ocrx_word' id='word_1_351' title='bbox 1563 2419 1728 2469; x_wconf 70' lang='lat' dir='ltr'><em>milites,</em></span> 
     </span>
     <span class='ocr_line' id='line_1_55' title="bbox 1071 2475 1733 2531; baseline -0.008 -14"><span class='ocrx_word' id='word_1_352' title='bbox 1071 2489 1198 2531; x_wconf 85' lang='lat' dir='ltr'><strong>atque</strong></span> <span class='ocrx_word' id='word_1_353' title='bbox 1235 2479 1395 2515; x_wconf 83' lang='lat' dir='ltr'><strong>insulas</strong></span> <span class='ocrx_word' id='word_1_354' title='bbox 1430 2475 1616 2513; x_wconf 83' lang='lat' dir='ltr'><em>hostium</em></span> <span class='ocrx_word' id='word_1_355' title='bbox 1653 2476 1733 2513; x_wconf 88' lang='lat' dir='ltr'><strong>de-</strong></span> 
     </span>
     <span class='ocr_line' id='line_1_56' title="bbox 1069 2531 1729 2588; baseline -0.002 -17"><span class='ocrx_word' id='word_1_356' title='bbox 1069 2545 1264 2588; x_wconf 61' lang='lat' dir='ltr'><strong>mergunt</strong></span> <span class='ocrx_word' id='word_1_357' title='bbox 1290 2541 1455 2570; x_wconf 82' lang='lat' dir='ltr'><strong>centum</strong></span> <span class='ocrx_word' id='word_1_358' title='bbox 1483 2531 1651 2569; x_wconf 83' lang='lat' dir='ltr'><strong>circiter</strong></span> <span class='ocrx_word' id='word_1_359' title='bbox 1685 2542 1729 2570; x_wconf 83' lang='lat' dir='ltr'><strong>et</strong></span> 
     </span>
     <span class='ocr_line' id='line_1_57' title="bbox 1070 2588 1728 2643; baseline -0.002 -16"><span class='ocrx_word' id='word_1_360' title='bbox 1070 2589 1395 2643; x_wconf 75' lang='lat' dir='ltr'><strong>quinquaginta,</strong></span> <span class='ocrx_word' id='word_1_361' title='bbox 1409 2596 1490 2625; x_wconf 91' lang='lat' dir='ltr'><strong>tres</strong></span> <span class='ocrx_word' id='word_1_362' title='bbox 1512 2588 1614 2624; x_wconf 81' lang='lat' dir='ltr'><strong>alias</strong></span> <span class='ocrx_word' id='word_1_363' title='bbox 1634 2602 1728 2626; x_wconf 87' lang='lat' dir='ltr'><em>cum</em></span> 
     </span>
     <span class='ocr_line' id='line_1_58' title="bbox 1069 2643 1728 2698; baseline 0 -16"><span class='ocrx_word' id='word_1_364' title='bbox 1069 2646 1171 2697; x_wconf 85' lang='lat' dir='ltr'><strong>ipsis</strong></span> <span class='ocrx_word' id='word_1_365' title='bbox 1196 2645 1297 2683; x_wconf 89' lang='lat' dir='ltr'><strong>vir1s</strong></span> <span class='ocrx_word' id='word_1_366' title='bbox 1315 2643 1509 2694; x_wconf 84' lang='lat' dir='ltr'><strong>capiunt.</strong></span> <span class='ocrx_word' id='word_1_367' title='bbox 1540 2643 1728 2698; x_wconf 73' lang='lat' dir='ltr'><strong>ieliquae</strong></span> 
     </span>
     <span class='ocr_line' id='line_1_59' title="bbox 1065 2698 1728 2754; baseline -0.003 -15"><span class='ocrx_word' id='word_1_368' title='bbox 1065 2699 1191 2739; x_wconf 81' lang='lat' dir='ltr'><strong>remis</strong></span> <span class='ocrx_word' id='word_1_369' title='bbox 1240 2698 1486 2738; x_wconf 88' lang='lat' dir='ltr'><strong>inhibentes</strong></span> <span class='ocrx_word' id='word_1_370' title='bbox 1538 2699 1728 2754; x_wconf 81' lang='lat' dir='ltr'><strong>fugiunt.</strong></span> 
     </span>
    </p>
   </div>
  </div>
 </body>
</html>
