1834 3188
886 160 906 168 κ

267 182 369 230 554
615 196 1369 230 ΛοΝοτΑτιοΝΕε

378 295 481 337 Εαᾶ.
511 298 538 336 l.
569 300 607 339 4.
643 293 888 337 Ἑκάστου
929 293 1023 350 γὰρ
1061 318 1116 324 -
1154 292 1315 336 καλόν
1356 296 1496 347 ἐστι]
1544 296 1720 337 Sensus:

267 351 446 392 cuilibet
466 354 525 391 iei
547 353 720 406 piopria
745 351 947 405 quaedam
970 363 1032 390 est
1054 350 1342 404 pulchritudo.
1375 353 1423 390 In
1452 352 1575 391 Reilz.
1601 355 1636 390 E
1643 353 1719 392 dit.

266 419 364 463 post
394 410 498 451 ἰ’ὃίον
518 427 553 451 τι
580 424 741 447 comma
763 418 846 458 est,
881 407 994 461 quod
1020 423 1185 447 sensum
1210 407 1417 451 obscurat
1448 410 1569 447 Run-
1631 410 1724 447 Ad-

268 467 385 512 dam,
426 481 532 518 quae
560 465 671 505 idem
696 464 859 519 Rudolp
864 465 934 503 hus
965 464 1008 502 in
1040 464 1134 503 Ind.
1168 478 1200 504 5.
1230 462 1340 519 παρὰ
1369 463 1418 503 de
1448 465 1724 519 sequentibus

265 522 405 562 verbis
428 523 662 575 judicavit:
694 521 908 575 Inter-pres:
939 520 1126 560 deforme
1157 520 1286 571 idem,
1331 522 1426 573 quia
1454 531 1571 560 extra
1599 536 1722 560 usum

265 594 409 628 suum,
442 580 584 617 fuerit.
643 579 705 624 At
726 595 826 616 emm
844 580 919 617 isto
941 576 1029 617 loco
1052 593 1128 616 non
1149 580 1231 630 aniz
1253 578 1298 616 cle
1325 578 1492 617 militare
1513 589 1547 616 et
1568 595 1638 616 usu
1657 595 1726 617 re·-

266 609 470 684 1·,1Lm,8ed
490 634 536 674 de
549 633 691 688 PUZCJU'
685 634 841 673 'itudlnc
861 636 1067 689 UYIiClLquLC
1085 637 1139 673 lei
1156 651 1204 687 pr
1207 649 1276 687 ΟΡΓ
1279 637 1343 685 ia).
1373 650 1492 689 ncque
1520 631 1585 684 id,
1618 632 1726 688 quoa

264 691 401 731 inutile
423 702 501 741 est,
539 703 744 759 propterea
774 693 889 730 etiam
917 701 972 730 est
996 702 1105 745 turpe
1129 702 1244 745 atque
1262 690 1444 745 deforme.
1503 691 1727 730 Putaverim

264 750 410 801 igitur,
442 746 577 802 παρὰ
608 747 696 800 τὴν
726 751 933 802 χρῆσιν,
966 762 1040 800 per
1068 762 1212 796 usum,
1245 763 1323 786 esse
1343 747 1559 800 glossema,
1604 747 1655 785 ab
1683 762 1725 785 eo

263 780 503 857 (asscriptum
517 835 529 854 ,
562 806 630 859 qui
647 805 800 858 quidem
819 803 940 858 probe
959 814 1118 853 tenetffet
1152 820 1209 842 res
1231 820 1303 842 usu
1323 815 1356 842 et
1370 820 1440 858 per
1456 821 1567 843 usum
1591 803 1724 858 defor-

262 877 340 899 mes
362 860 499 914 reddi3
528 861 596 900 sed
616 861 670 899 acl
688 877 834 900 nexum
860 872 896 899 et
926 862 1198 900 sententiarum
1233 862 1366 899 seriem
1393 876 1470 898 non
1500 861 1724 900 attenderet.

261 918 345 955 His
363 917 489 955 etiarn
514 918 693 958 Censori
717 917 892 957 Jenensi
917 917 1106 969 probatis
1127 916 1187 954 ita
1211 930 1290 971 ego
1312 916 1556 966 subscribo,
1589 926 1637 954 ut
1656 926 1725 954 ta-

262 988 358 1012 men
385 972 437 1012 de
455 973 638 1012 consilio
664 983 705 1013 et
726 988 852 1013 sensu
876 973 1098 1012 verborum
1122 990 1230 1025 παοα
1248 972 1318 1027 τὴν
1338 979 1479 1027 χρῆσιν
1501 974 1622 1011 aliter
1641 982 1724 1010 sta-

264 1039 392 1070 tuam.
452 1029 678 1083 Adscripta
698 1040 797 1068 sunt
818 1029 1020 1098 margini
1020 1043 1042 1067 a
1063 1030 1206 1068 nescio
1229 1044 1335 1083 quo,
1371 1031 1445 1082 qui
1467 1030 1722 1067 vocabulum

262 1081 427 1135 ἀκαλλὲς
444 1085 632 1125 indicare
656 1089 785 1125 vellet
805 1100 894 1125 esse
915 1103 1025 1140 παρα
1044 1084 1115 1138 τὴν
1135 1090 1297 1139 χοῆσιν,
1325 1097 1477 1140 praeter
1498 1103 1608 1124 usum
1625 1083 1723 1123 vul-

258 1147 395 1196 garem
416 1142 457 1184 h
471 1146 500 1183 1.
526 1141 758 1181 adhibitum.
780 1142 1011 1182 ALuciano
1035 1151 1173 1181 autem
1193 1143 1285 1194 ipso
1308 1157 1355 1181 ea
1377 1141 1502 1180 verba
1523 1156 1608 1180 non
1633 1154 1722 1180 esse

265 1199 472 1251 profecta,
506 1201 573 1237 vel
594 1198 696 1237 inde
717 1197 889 1251 probari
913 1207 1070 1250 potest,
1104 1198 1218 1251 quod
1242 1199 1377 1237 varias
1396 1212 1471 1250 per
1490 1212 1533 1237 se
1554 1196 1726 1260 quidem

261 1255 494 1294 admittunt
514 1253 822 1307 interpretandi
844 1255 1058 1305 rationes,
1092 1257 1249 1297 nullam
1283 1269 1406 1304 vero,
1451 1268 1558 1308 quae
1590 1251 1726 1292 menti

260 1311 446 1350 auctoxis
470 1311 572 1349 satis
602 1311 842 1352 conveniat.
906 1310 1031 1350 Unde
1060 1313 1184 1351 etiam
1214 1311 1319 1351 mire
1348 1325 1391 1350 se
1417 1319 1635 1349 torserunt
1660 1309 1726 1347 in·

259 1377 486 1420 terprete5‚
522 1366 763 1421 quaerendo
792 1368 974 1420 aliquam
997 1368 1227 1416 rationem,
1272 1382 1378 1421 quae
1411 1366 1584 1406 tolerari
1615 1380 1728 1419 quo-

260 1423 484 1462 dammodo
513 1433 671 1478 posset.
731 1423 955 1479 Micyllus:
1005 1424 1178 1478 deforme
1200 1424 1245 1464 id
1270 1427 1394 1478 ipsum
1427 1441 1499 1462 usu
1528 1422 1722 1462 reddetur.

264 1480 452 1521 Gesnerus
469 1483 596 1534 longe
618 1479 765 1528 aliter,
798 1489 847 1518 ut
867 1479 1012 1520 videre
1035 1483 1147 1520 licet.
1208 1481 1338 1520 Belin.
1373 1479 1444 1520 elle
1479 1479 1628 1518 devient
1658 1482 1726 1518 in-

247 1537 390 1594 forme
414 1552 491 1589 par
518 1512 570 1575 leD
578 1539 756 1575 mzuvais
788 1553 904 1590 usage
923 1537 1069 1590 auquel
1087 1553 1136 1576 on
1158 1537 1185 1577 Z'
1209 1536 1383 1591 emploie.
1451 1534 1647 1575 Wielaml.
1681 1550 1724 1573 so

260 1610 295 1631 u
298 1611 331 1631 ιι
325 1593 360 1630 cl
381 1609 417 1631 es
435 1592 631 1640 hiisslich,
665 1592 754 1631 weil
768 1609 806 1631 es
825 1609 878 1631 an
899 1595 1018 1631 einem
1044 1593 1135 1633 Ome
1152 1594 1272 1643 steht,
1317 1608 1376 1631 wo
1409 1608 1447 1631 es
1477 1594 1623 1630 unniitz
1651 1594 1723 1641 ist,

261 1649 355 1689 oder
377 1648 481 1687 leine
497 1660 589 1702 guse
618 1648 807 1702 ῙῙἏῗνῘι-,ὅιιη
834 1649 931 1688 thui.
994 1649 1258 1689 Vocabulum
1278 1659 1417 1687 autem
1438 1643 1630 1700 οἷκαλλὴς,
1662 1657 1722 1686 et-

264 1706 301 1743 si
323 1705 436 1743 haud
455 1704 694 1757 improbum
715 1719 790 1758 per
813 1719 879 1754 se,
912 1715 1050 1744 tamen
1082 1721 1221 1759 neque
1251 1704 1362 1758 apud
1389 1704 1614 1744 Lucianum
1644 1717 1732 1742 no-

264 1770 418 1825 strum,
454 1760 568 1814 quod
589 1761 732 1810 sciam,
765 1775 940 1814 usquam
964 1762 1067 1799 alibi
1094 1762 1293 1813 occurrit,
1326 1774 1464 1813 neque
1483 1759 1594 1813 apud
1617 1760 1726 1798 alios

264 1817 494 1867 scriptores
524 1818 783 1870 saepissime.
845 1817 1066 1873 Hesychius
1092 1828 1255 1858 tamen·
1283 1794 1484 1865 '‘oinalls'g
1525 1815 1727 1870 α’μορφον.

263 1875 322 1912 Et
342 1873 393 1912 de
416 1874 681 1926 superiorum
708 1872 929 1912 verborum
951 1889 1096 1924 sensu,
1131 1889 1252 1929 quem
1274 1887 1373 1913 sane
1393 1887 1521 1926 prava
1543 1872 1728 1912 distinc-

262 1931 351 1978 tio,
385 1929 582 1969 omnibus
611 1929 723 1970 Edd.
746 1930 961 1969 veteribus
996 1931 1255 1976 communis,
1290 1928 1562 1975 obscuravit,
1594 1938 1637 1967 et
1663 1929 1729 1966 in-

262 1996 466 2038 terpretes
486 1986 717 2039 plurimos,
749 1996 798 2024 ut
817 1987 924 2024 falso
945 1996 1181 2035 verterent,
1212 1985 1407 2031 seduxit,
1442 1993 1554 2023 recte
1573 1986 1728 2023 statuit

261 2042 512 2096 Ruclolplzus.
573 2043 729 2081 Sensus
750 2052 840 2082 est:
871 2041 973 2083 Jede
1002 2042 1135 2082 Sacbe
1156 2042 1229 2080 hat
1248 2042 1339 2081 ihre
1362 2040 1727 2096 eigenthiimliche

263 2099 523 2138 Schonheit:
555 2108 699 2152 mengt
717 2113 812 2137 man
834 2098 895 2137 sie
914 2097 1044 2136 aber
1033 2113 1076 2136 m
1099 2097 1325 2146 einander,
1359 2111 1405 2136 so
1430 2095 1543 2136 vvird
1566 2096 1729 2135 dassel-

262 2154 316 2193 be
349 2154 558 2203 hasslich‚
592 2158 709 2204 (was
748 2153 904 2194 vorher
931 2154 1064 2193 sehon
1098 2156 1230 2205 war).
1293 2154 1553 2194 Conferatur
1582 2153 1725 2207 imago

262 2211 464 2251 Herculis
487 2221 529 2251 et
551 2209 778 2278 Omphales
797 2224 923 2263 supra
947 2210 1168 2264 descripta.
1201 2212 1360 2250 Lizmu.

376 2267 474 2322 Pag.
499 2269 640 2312 180.1
659 2272 697 2309 2.
736 2261 1047 2321 Ἀριστοβούλου
1076 2293 1133 2299 —-
1161 2264 1423 2323 γράψαντος)
1462 2261 1727 2320 Ang1.'A<n-

265 2322 481 2378 στόβουλος
505 2321 679 2378 γράψας.
710 2323 886 2365 BounD.
946 2323 1030 2363 Adi
1066 2324 1181 2364 Voss,
1215 2324 1266 2363 de
1301 2324 1415 2362 Hist.
1451 2324 1522 2362 Gr.
1554 2321 1728 2360 Laudat

264 2381 380 2419 hunc
401 2380 507 2422 Plut.
529 2381 572 2418 in
599 2381 718 2419 Alex.
749 2388 790 2419 et
809 2383 916 2431 584,
945 2385 981 2423 1.
1014 2380 1128 2419 unde
1162 2381 1322 2433 liquet,
1362 2379 1583 2419 exstitisse
1609 2378 1726 2415 illius

265 2450 418 2475 novam
443 2446 485 2475 et
504 2437 555 2475 ab
578 2436 656 2475 hac
679 2435 885 2476 diversam
905 2414 1143 2477 historiam.
1185 2437 1330 2476 Strabo
1348 2437 1473 2476 etiam
1494 2435 1586 2472 XV.
1609 2447 1648 2485 p.
1672 2449 1723 2475 m.

266 2497 361 2535 494.
383 2494 432 2535 A
456 2492 556 2534 Vid.
582 2502 622 2532 et
644 2497 749 2541 608,
780 2497 815 2534 1.
852 2492 1035 2545 ejusdem
1065 2494 1110 2532 Ρ
1141 2493 1309 2532 SOLAN.
1370 2493 1562 2530 Facessat
1595 2489 1725 2528 lectio

269 2550 302 2585 (ἶ
308 2548 502 2599 officum,
536 2549 848 2587 nominativum
876 2549 1228 2601 exprimentium:
1260 2548 1339 2588 etsi
1361 2547 1472 2588 enim
1496 2546 1726 2583 nominati·
1735 2578 1738 2581 .

267 2605 311 2641 vi
337 2604 522 2644 absoluti
543 2608 733 2656 exempla
758 2618 843 2643 non
869 2604 1032 2654 desint,
1066 2616 1204 2645 tamen
1230 2606 1328 2658 quia
1358 2603 1485 2641 iidem
1511 2598 1656 2642 libri'
1630 2619 1727 2642 ανα·

269 2657 432 2712 γνόντος
454 2676 540 2699 non
564 2671 755 2710 mutant,
787 2660 890 2700 hinc
910 2676 986 2700 nec
1008 2661 1264 2715 γράψαντος,
1298 2674 1374 2698 nec
1389 2657 1725 2711 Ἀριστοβούλου,

271 2716 516 2758 mutandum
535 2727 646 2768 erat·
679 2732 766 2756 non
791 2718 902 2757 enirn
927 2718 1168 2757 Alexander
1187 2715 1376 2770 legebat,
1409 2713 1515 2755 sed
1505 2728 1595 2768 ipse
1624 2714 1728 2753 Aii-
