1834 3188
265 175 366 220 436
625 180 1377 214 ADNOTArroNEs

375 281 479 322 EacZ.
504 283 533 322 l.
557 285 621 325 18.
639 277 1002 335 ,Ἀναλελογίσθαή
1033 277 1309 318 Praeteritum
1331 278 1563 331 passivum,
1584 279 1723 320 active

262 351 403 381 tamen
431 337 820 390 interpretandum,
852 346 944 374 tum
965 335 1063 389 quia
1083 335 1208 374 activ.
1228 331 1443 388 ἆναλογίζω
1468 337 1512 374 in
1535 350 1613 374 usu
1635 350 1722 374 non

261 407 324 437 est
339 404 364 446 ,‘
383 405 473 434 tum
500 394 600 448 quia
622 391 870 446 hujusmodi
900 401 1088 444 tempora
1114 391 1307 444 passivae
1339 392 1654 430 terminationis
1679 393 1724 430 in

262 454 360 492 aliis
382 453 508 490 etiam
531 449 672 490 verbis
694 449 832 488 active
855 451 1020 496 valent3
1052 447 1140 488 vid.
1163 447 1336 487 Jensium
1358 448 1470 487 infra
1487 447 1540 487 ad
1561 451 1725 502 Tyran-

263 508 395 548 nicid.
418 521 509 560 cap.
535 511 602 549 12.
631 506 797 545 RmTz.

378 587 479 639 Pag.
498 589 565 628 77.
590 587 615 625 l.
640 589 705 626 12.
756 580 897 634 Οὕτω,
936 583 1004 624 καί
1031 599 1100 637 μοι
1129 586 1239 634 etc.)
1277 582 1416 623 Verba
1444 583 1512 624 καί
1537 599 1604 636 μοι
1636 581 1726 625 τόδε

265 641 508 697 ἀπόκριναι,
541 640 714 679 Solanus
732 639 776 678 in
797 640 904 680 Jnnt.
923 639 1168 693 parenthesi
1192 640 1445 688 incluserat,
1473 649 1587 678 recte
1609 639 1727 692 quod

268 700 320 739 ad
341 713 533 746 sensum,
567 695 639 735 sed
662 694 821 735 sufficit
839 711 933 736 eum
963 695 1240 735 commatibus
1261 696 1531 735 distinxisse:
1563 696 1600 733 si
1624 694 1727 750 quid

267 767 406 796 tamen
443 752 711 801 mutandum,
754 767 831 805 pro
865 751 1015 804 οὕτως,
1055 756 1235 806 legerem
1278 750 1389 801 ὅπως
1421 750 1641 807 quomodo,
1681 750 1726 788 id

268 813 380 852 enim
406 823 573 849 sensum
594 808 701 847 facit
729 809 990 861 planiorem;
1022 810 1103 849 etsi
1123 809 1324 847 formulas
1348 807 1641 861 interrogandi
1661 816 1730 845 et-

267 870 350 907 iam
378 867 471 905 sine
495 864 717 918 particulis
746 864 995 917 hujusmodi
1022 864 1127 918 poni
1157 865 1268 915 scio,
1301 864 1486 917 ideoque
1516 863 1729 902 mutatio-

269 939 366 963 nem
391 920 506 961 haud
529 920 634 960 adeo
658 921 933 960 necessariam
954 931 1074 974 puto.
1108 922 1270 963 RmTz,
1331 922 1476 959 Talem
1497 930 1609 959 certe
1631 934 1731 956 mu-

268 980 500 1028 tationem,
541 978 790 1031 quicunque
815 977 1052 1029 ‘particulae
1079 975 1188 1026 ὅπως
1216 992 1339 1016 usum
1367 976 1506 1026 norit,
1545 975 1730 1029 graviter

268 1034 383 1075 haud
403 1033 531 1073 dubie
551 1035 740 1086 repellat.
779 1032 986 1072 Lectioni
1005 1027 1135 1083 οὗτος,
1159 1047 1281 1087 quam
1303 1031 1440 1073 Codd.
1465 1033 1519 1071 L.
1543 1041 1585 1070 et
1604 1035 1728 1076 3011.

268 1102 312 1133 et
337 1090 418 1129 Ed.
454 1091 518 1129 Fl.
551 1089 779 1142 praebent,
820 1089 1002 1128 maxime
1031 1090 1149 1129 favet
1179 1089 1362 1138 Belinus‚
1402 1097 1593 1127 vertens:
1641 1102 1733 1127 mon

269 1149 371 1197 ami,
406 1145 572 1201 νέροηᾶε
598 1167 655 1175 —-
682 1146 775 1184 moi.
834 1145 950 1184 Bene
975 1144 1144 1198 quidem
1159 1158 1172 1192 ς’
1205 1154 1248 1184 at
1268 1159 1441 1193 vereor,
1476 1156 1530 1182 ne
1552 1143 1614 1182 sic
1633 1157 1733 1182 ora-

269 1204 403 1243 tionis
428 1216 572 1241 cursus
598 1200 874 1255 impediatur,
906 1201 1119 1254 nimisque
1144 1201 1322 1255 abrupta
1344 1203 1427 1254 jam
1448 1208 1648 1254 sequatur
1668 1199 1731 1237 in-

269 1258 518 1313 terrogatio.
577 1257 730 1311 Neque
751 1257 929 1296 Jacobsii
947 1261 1213 1311 conjectura,
1245 1257 1394 1300 οὕτωσί
1415 1274 1483 1310 μοι,
1506 1255 1612 1294 mihi
1638 1255 1733 1309 qui-

271 1316 365 1355 dem
397 1314 627 1368 probatur,
663 1328 794 1366 quum
822 1315 891 1355 καὶ
919 1314 965 1351 in
989 1313 1189 1353 omnibus
1212 1314 1333 1353 libris
1362 1321 1621 1364 compareat,
1653 1326 1733 1350 ne·-

271 1386 354 1427 que
378 1381 531 1411 temere
551 1370 606 1408 sit
628 1368 954 1411 excludendum.
1016 1370 1339 1424 Simplicissima
1362 1379 1426 1408 est
1450 1369 1590 1408 Solam'
1608 1367 1732 1418 ratio,

272 1443 398 1482 quam
418 1428 545 1467 etiam
565 1425 742 1464 Rcllzius
763 1424 1076 1479 quodammodo
1099 1430 1316 1479 amplexus
1339 1425 1522 1465 videtur.
1561 1423 1699 1465 Οὕτω
1714 1441 1734 1472 ς

272 1494 338 1524 est
358 1486 436 1534 sic,
469 1484 496 1524 i.
521 1497 554 1522 e.
576 1499 674 1536 quae
689 1498 806 1536 quum
828 1483 888 1521 ita
909 1484 1000 1522 sint.
1051 1481 1179 1521 Nunc
1199 1483 1243 1521 in
1267 1481 1628 1535 interrogatione:
1660 1483 1736 1519 sic-

273 1539 391 1581 cine?
438 1539 559 1594 Quae
578 1548 718 1576 autem
741 1548 1003 1590 sequuntur⁷
1034 1541 1102 1580 καί
1130 1556 1197 1590 μοι
1227 1538 1316 1580 τόδε
1339 1536 1574 1589 ἀπόκριναι,
1608 1536 1728 1590 quasi

273 1594 566 1647 parenthetice
591 1595 813 1645 interjecta
833 1593 1091 1634 vividiorem
1114 1595 1298 1634 reddunt
1320 1594 1571 1639 orationem,
1603 1603 1653 1632 ut
1669 1592 1734 1630 ni·

274 1652 360 1703 hil,
394 1665 488 1690 meo
513 1649 684 1703 quidem
704 1663 852 1701 sensu,
884 1653 967 1704 jam
989 1649 1216 1690 desiderari
1241 1652 1392 1704 possit.
1424 1651 1579 1688 me.

386 1719 488 1771 Pag·
507 1722 574 1760 78.
601 1719 628 1755 l·
649 1721 688 1759 4.
735 1714 864 1759 Οὐδὲν
894 1717 969 1772 γάρ
1001 1717 1102 1770 πρὸς
1127 1715 1198 1760 τόν
1225 1715 1457 1767 Διόνυσον)
1497 1716 1650 1756 Erasm.
1688 1717 1733 1754 in

274 1774 451 1829 adagio,
494 1773 597 1812 nilzil
628 1772 682 1811 ad
710 1773 928 1814 Bacchum.
968 1776 1114 1813 Bnon.
1174 1773 1290 1813 Nihil
1313 1776 1390 1812 ista
1431 1772 1486 1811 acl
1519 1773 1736 1812 Bacchum.

272 1832 393 1870 Haec
416 1832 603 1869 clausula
626 1829 670 1866 iu
694 1831 968 1881 proverbium
995 1831 1114 1881 abiit,
1145 1845 1228 1885 quo
1253 1829 1541 1884 significatur,
1572 1829 1644 1867 illa
1666 1830 1738 1866 ni-

273 1888 338 1926 hil
358 1886 409 1926 ad
427 1901 513 1925 rem
538 1885 744 1934 attinere,
777 1896 820 1925 et
842 1887 1022 1925 nimium
1057 1888 1320 1941 inaequalem
1339 1899 1428 1924 esse
1451 1884 1737 1937 comparatio-

274 1958 382 1986 nem.
441 1941 621 1982 Alcaeus
646 1940 691 1978 in
713 1941 900 1983 Baccho.
960 1943 1059 1983 Vid.
1082 1944 1234 1982 Erasm.
1259 1941 1443 1983 Chiliad.
1477 1940 1620 1982 COGN.

386 2021 490 2061 Eacl.
509 2024 536 2059 l.
562 2023 602 2062 5.
632 2014 682 2062 ἶΩ
703 2018 802 2075 παῖ)
837 2021 873 2060 Ο
897 2038 1014 2075 puer,
1047 2037 1069 2060 ο
1090 2023 1273 2075 imperite.
1303 2021 1446 2061 Bnou,
1500 2014 1558 2060 ³52
1577 2024 1654 2060 na?
1672 2019 1737 2060 λέ..

272 2080 384 2134 γων)
414 2077 481 2116 Ita
500 2077 565 2115 M.
591 2077 636 2119 P,
661 2077 713 2115 L.
737 2086 778 2116 et
799 2077 920 2129 impr.
943 2078 1148 2131 plerique.
1210 2075 1292 2115 Sed
1314 2076 1416 2129 quid
1438 2075 1541 2115 haec
1559 2075 1643 2113 sibi
1666 2089 1738 2114 ve-

271 2136 381 2183 lint,
413 2147 562 2182 nemo,
598 2132 748 2188 credo,
781 2133 1016 2186 intelligat:
1060 2148 1138 2188 ego
1173 2142 1284 2172 certe
1313 2135 1452 2171 locum
1488 2140 1734 2185 corruptum

273 2189 528 2244 pronuntio.
572 2189 634 2230 Fl.
669 2189 807 2230 ὦπται.
869 2188 979 2227 Vide
1005 2204 1106 2228 num
1133 2189 1368 2242 respexerit
1400 2187 1450 2226 ad
1479 2184 1600 2236 ὁπᾶς
1623 2188 1734 2236 λέων,

275 2245 389 2301 quod
414 2259 539 2298 supra
561 2253 839 2297 usurpaverat
857 2245 1149 2284 Hermotimus
1172 2260 1205 2284 c.
1225 2248 1296 2289 54.
1356 2243 1453 2284 Nisi
1478 2244 1594 2282 malis
1617 2241 1737 2290 ὅπᾶς

273 2301 412 2357 λόγος,
444 2310 493 2339 ut
518 2302 587 2339 De
609 2301 744 2342 Mero.
768 2299 905 2343 Cond,
928 2316 960 2343 c.
982 2307 1021 2345 4.
1052 2311 1093 2342 et
1112 2303 1209 2342 JOV.
1234 2304 1357 2355 Trag.
1379 2315 1412 2339 c.
1433 2305 1499 2344 16.
1559 2300 1642 2338 Pro
1664 2299 1736 2339 λε’-

274 2376 358 2413 γων
381 2360 425 2397 in
449 2357 779 2396 Exc.Periz.est
791 2358 927 2412 γέλων.
943 2358 1329 2402 Vid.Pl11t.892.B.
1349 2355 1733 2407 Clem.Alex.p.19.

275 2415 327 2453 A.
359 2415 445 2466 ἐμοὶ
471 2414 540 2466 μὲν
574 2408 666 2453 οὐδ’
697 2409 720 2454 ὅ
751 2419 830 2462 πᾶς
857 2410 909 2455 ἂν
932 2409 1079 2470 ἀρκέσῃ
1111 2414 1265 2469 χρόνος.
1328 2414 1399 2453 Sic
1425 2410 1529 2460 ἅπας
1557 2408 1576 2452 ὅ
1605 2410 1730 2460 οἶνος,

276 2484 310 2507 0·
332 2475 398 2514 58.
426 2469 532 2518 ἅπας
560 2466 583 2511 ὅ
604 2472 750 2517 πίθος,
795 2485 830 2511 e.
855 2474 921 2514 59.
944 2470 1080 2512 ἅπασα
1103 2472 1352 2523 φιλοσοφία,
1396 2483 1428 2509 e.
1455 2473 1522 2511 61.
1545 2477 1585 2506 et
1607 2482 1640 2505 C·
1663 2473 1731 2511 66-

273 2525 368 2578 Ego
392 2523 413 2566 ὁ
431 2532 509 2575 πᾶς
529 2527 629 2566 λέων
649 2525 911 2567 Lucianeum
932 2541 1042 2577 esse,
1078 2542 1166 2566 non
1191 2526 1356 2565 dubito.
1415 2523 1600 2562 Similem
1620 2537 1734 2562 erro-

272 2594 358 2618 rem
380 2582 478 2621 vide
502 2581 726 2620 admissum
751 2596 772 2621 a
792 2585 938 2622 multis
959 2584 1115 2637 Navig.
1140 2598 1174 2623 e.
1195 2588 1263 2626 26.
1307 2582 1473 2634 SOLANN,
1533 2578 1734 2631 Adscrip·

273 2646 386 2674 serat
409 2638 474 2674 vir
497 2637 665 2690 quidam
691 2637 843 2678 doctus
873 2640 1054 2693 margini
1080 2639 1196 2677 Edit.
1222 2637 1376 2689 Hagen.
1407 2636 1553 2684 ὦπται,
1586 2635 1732 2673 nescio

272 2705 372 2730 num
401 2691 550 2733 Simon.
577 2694 773 2745 Βενυσίας,
805 2709 857 2736 an
890 2697 954 2737 Jo.
980 2695 1223 2749 Bcllagrius,
1257 2692 1481 2745 utriusque
1509 2690 1622 2732 enim
1657 2704 1732 2731 no·
