1834 3188
404 196 1208 227 INHERMOTIMUM.
1446 184 1541 229 461

85 293 221 347 perite
241 292 607 348 Pythagoreorum
643 293 919 346 symbolicam
949 293 1124 348 figuram
1149 291 1191 331 in
1215 293 1297 332 Pro
1320 292 1447 345 Laps.
1469 293 1548 333 de·-

81 350 301 402 scripserit
320 364 353 391 c,
376 356 416 394 5.
455 350 565 389 Vide
595 351 746 399 etiam,
791 365 915 403 quam
944 351 1117 405 iniquus
1148 351 1202 389 sit
1235 351 1280 387 in
1303 350 1418 388 viros
1448 350 1547 388 illos

82 420 286 454 summos,
334 408 408 459 qui
438 407 658 446 Blathesin
690 410 995 455 excoluerunt,
1027 407 1160 460 Hipp.
1190 421 1281 459 cap.
1308 412 1345 450 3.
1378 406 1546 445 SonAN.

82 463 328 515 Imperitiae
350 464 516 517 quidem
541 473 581 502 et
602 463 871 518 ignorantiae
890 479 1027 504 rerum
1050 465 1548 518 geometricarum,quam

84 530 127 557 et
163 518 408 558 Wielamlzus
441 519 491 558 ad
521 519 562 558 h.
593 522 618 558 1.
654 520 838 559 Luciano
867 520 971 558 satis
1004 519 1266 560 confidenter
1298 519 1547 572 exprobrat,

85 574 283 628 equidem
311 576 498 629 ingenue
518 577 654 615 fateor
673 577 965 615 testimonium
992 577 1036 615 in
1055 576 1137 615 hoc
1170 577 1354 615 auctoris
1382 575 1547 628 judicio

83 647 149 670 me
171 646 257 670 non
277 632 472 671 invenire
493 646 628 686 posse.
690 631 854 671 Callide
880 633 992 672 enirn
1018 643 1197 673 noverat
1217 633 1449 672 Euclideas
1472 631 1550 670 de-

86 688 330 738 finitiones,
366 689 520 742 quibus
551 690 747 729 universa
778 690 1007 743 geometria
1038 699 1238 744 tanquam
1267 688 1547 728 fundamento

85 759 162 783 suo
177 776 187 793 ,
221 754 308 782 tum
329 760 350 783 a
371 745 582 784 veteribus
602 746 689 784 fere
706 745 1028 784 Mathematicis
1043 776 1053 794 ,
1087 745 1352 785 inaedificari
1373 745 1548 785 solebat.

87 811 174 838 tum
198 801 324 839 etiarn
346 816 366 839 a
388 801 599 854 plerisque
625 801 927 841 hodiernorum
951 805 1071 840 solet.
1130 803 1285 856 Neque
1317 812 1402 852 est,
1437 802 1551 854 quod

87 856 302 895 credamus
336 857 487 895 altiora
520 872 612 896 eum
644 858 770 910 hujus
813 857 1069 910 disciplinae
1106 857 1273 898 decreta
1311 859 1553 912 ignorasse,

86 929 213 966 quum
237 913 278 950 id
305 913 441 965 ipsum
462 913 504 952 h.
527 917 554 951 l.
580 914 630 952 ab
653 929 702 953 eo
730 915 1021 966 vituperetur,
1056 914 1169 969 quod
1197 929 1219 953 a
1246 915 1361 953 falsis
1393 915 1553 967 princi-

87 970 172 1021 piis
197 972 324 1023 vulgo
347 969 596 1022 geometrici
618 971 803 1024 profecti
825 985 948 1023 saepe
980 971 1044 1009 bis
1085 971 1204 1009 falsis
1228 972 1335 1009 falsa
1371 972 1451 1009 alia
1475 970 1553 1009 ad-

88 1035 287 1074 nectant,
322 1026 380 1063 ita
404 1035 566 1075 tamen,
598 1037 646 1065 ut
666 1036 777 1066 recte
799 1031 974 1066 alterurn
999 1043 1050 1066 ex
1074 1030 1230 1079 altero,
1277 1037 1318 1066 et
1344 1042 1445 1066 vero
1476 1042 1556 1065 ne—

92 1083 304 1129 cessarios
324 1084 528 1135 consequi
548 1083 754 1123 videatur.
817 1083 947 1136 Quid
983 1083 1098 1137 quod
1121 1098 1207 1122 non
1223 1087 1402 1123 multum
1427 1083 1558 1132 abest,

91 1139 195 1189 quin
222 1138 327 1175 mihi
352 1139 648 1189 persuadeam,
693 1139 934 1178 Lucianum
964 1151 1178 1190 nostrum,
1220 1142 1302 1179 etsi
1332 1155 1426 1178 raro
1456 1142 1560 1179 Ma-

91 1195 342 1233 thematices
367 1196 623 1234 mentionem
646 1196 838 1247 injiciat,
873 1197 1117 1248 peritiorem
1148 1206 1260 1236 certe
1285 1200 1376 1247 ejus
1398 1198 1557 1246 fuisse,

90 1265 213 1301 quam
230 1281 239 1297 ,
273 1252 345 1303 qui
368 1265 459 1289 eum
485 1261 566 1289 tarn
589 1253 774 1306 graviter
794 1263 1023 1303 notarunt,
1058 1253 1250 1292 solanum
1276 1253 1561 1293 Wielandimn-

90 1321 185 1360 que.
247 1308 378 1346 Recte
397 1307 508 1345 enim
531 1307 602 1347 ille
624 1308 757 1354 vidit,
793 1309 906 1362 quod
927 1309 970 1347 hi
990 1324 1076 1348 non
1098 1309 1324 1361 vide1·,unt
1353 1310 1455 1348 licet
1474 1325 1561 1347 mo—

88 1364 195 1412 niti,
224 1375 412 1417 puncrum
437 1377 472 1403 e.
497 1378 534 1417 g.
555 1379 641 1403 non
666 1364 835 1403 definiri
858 1379 982 1418 posse
1001 1367 1139 1405 lineae
1158 1342 1346 1430 panteni,
1379 1366 1448 1404 cui
1473 1366 1558 1419 ipsi

88 1423 204 1457 nulla
223 1420 277 1458 sit
296 1433 389 1472 pars
410 1416 633 1475 (αἰιερής),
669 1424 734 1460 vel
759 1436 865 1474 quae
886 1421 1024 1460 dividi
1046 1437 1132 1461 non
1154 1424 1317 1475 possit3
1353 1424 1558 1475 quoniam

88 1477 149 1513 sic
172 1486 376 1528 punctum
402 1489 423 1513 e
447 1475 603 1515 finibus
627 1478 904 1531 geometriae,
949 1479 993 1516 in
1017 1493 1098 1531 qua
1124 1477 1174 1517 de
1198 1479 1324 1517 rebus
1347 1493 1559 1517 mensura-

86 1532 272 1581 bilibus,
307 1546 405 1585 ergo
434 1531 484 1571 de
518 1533 817 1582 sensibilibus,
850 1536 1020 1598 agitur,
1062 1549 1237 1587 prorsus
1270 1538 1487 1589 relegatur
1514 1535 1559 1571 in

87 1589 329 1643 regionem,
365 1602 472 1640 quae
496 1604 659 1629 omnem
683 1604 883 1628 sensuum
916 1591 1047 1629 aciem
1081 1591 1266 1631 excedit.
1328 1592 1444 1631 Putre
1475 1592 1561 1630 ita-

90 1660 171 1698 que
193 1656 293 1684 sane
318 1644 403 1682 dici
427 1655 591 1695 poterat
617 1647 1195 1702 geometriaejicnclamcntum
1221 1647 1411 1702 (σαθρὸν
1438 1649 1562 1701 θεμέ-

87 1707 194 1749 λιον)
219 1711 259 1739 et
285 1715 392 1754 quae
418 1701 520 1740 hinc
542 1702 870 1751 concluduntm,
906 1713 977 1741 aut
999 1705 1103 1742 falsa
1129 1714 1246 1753 sunt,
1281 1715 1369 1754 aut,
1403 1705 1440 1742 si
1464 1719 1563 1744 vera

88 1767 186 1797 sunt
210 1772 283 1808 per
306 1771 372 1806 se,
405 1758 524 1796 illinc
549 1769 660 1798 certe
682 1773 765 1796 non
790 1770 902 1799 lecte
925 1771 1262 1813 consequuntur.
1298 1761 1369 1800 Sic
1393 1762 1479 1800 fere
1503 1772 1563 1800 et-

92 1815 172 1852 iarn
194 1813 356 1852 Belinus
376 1811 426 1852 de
463 1813 540 1852 hac
560 1816 746 1853 auctoris
776 1816 987 1853 sententia
1020 1816 1197 1868 judicat.
1263 1815 1392 1870 Quod
1423 1828 1562 1855 autern

91 1885 169 1909 nec
183 1869 378 1908 Euclidis
398 1871 693 1909 auctoritatem
714 1881 858 1909 noster
883 1871 941 1910 ita
964 1882 1192 1936 reveretur,
1227 1882 1275 1911 ut
1301 1874 1340 1912 ei
1363 1882 1480 1911 totus
1503 1888 1564 1911 as-

92 1927 319 1973 sentiatur,
354 1925 396 1963 id
422 1941 508 1965 non
541 1928 759 1981 intelligo,
805 1927 1020 1980 quomodo
1050 1928 1201 1966 mirum
1235 1929 1393 1968 habere
1425 1931 1565 1983 possit

93 1999 202 2029 eum,
235 1983 307 2036 qui
332 1981 444 2021 hunc
468 1984 713 2036 scriptorem
739 1985 854 2022 norit
884 1985 990 2023 nulli
1015 1985 1308 2038 qualicunque
1330 1986 1563 2035 formulae,

95 2040 167 2078 sed
197 2039 331 2078 solius
364 2053 489 2078 sanae
521 2040 700 2078 rationis
724 2040 885 2089 effaris,
921 2040 1152 2079 addictum.
1213 2043 1361 2081 Miror
1391 2052 1565 2086 contra,

96 2096 139 2133 in
161 2095 239 2132 hac
263 2095 352 2148 ipsa
385 2097 643 2144 certissima,
678 2112 800 2151 quaxn
831 2097 1004 2136 Solemus
1033 2108 1183 2145 vocat,
1220 2098 1450 2151 disciplina
1484 2098 1564 2136 hos

95 2151 297 2198 Ειιεῖίᾱίς,
331 2166 450 2204 quem
485 2154 734 2217 ceteroquin
768 2154 939 2191 maximi
961 2168 1123 2205 semper
1152 2155 1266 2204 feci,
1303 2169 1463 2194 errores
1488 2169 1565 2248 pter

98 2219 164 2247 tot
183 2210 322 2246 secula
344 2221 363 2243 a
387 2208 758 2258 praestantissimis
782 2224 952 2263 quoque
969 2187 1291 2249 Mathematicis
1313 2211 1470 2263 accipi,

99 2264 189 2303 neri
215 2273 254 2301 et
277 2262 385 2300 tradi
408 2264 614 2314 potuisse.
666 2266 793 2304 Haec
819 2265 868 2305 de
890 2265 930 2305 h.
953 2269 981 2304 l.
1003 2266 1115 2305 dicta
1136 2266 1368 2306 sufficiant.
1428 2220 1565 2320 Queni

99 2321 358 2373 superiorem
379 2322 518 2357 locum
543 2321 623 2358 Pro
644 2321 772 2373 Laps.
795 2325 832 2365 5.
853 2322 1024 2361 Solanus
1042 2323 1087 2361 in
1108 2324 1351 2363 memoriam
1374 2334 1562 2371 revocat,

100 2375 212 2414 unde
235 2376 422 2414 Luciani
446 2376 657 2427 imperitia
684 2378 935 2430 geometriae
965 2378 1300 2428 demonstretur,
1335 2394 1474 2432 neque
1506 2381 1564 2418 il-

97 2433 183 2471 linc
207 2431 410 2485 probatur
435 2432 539 2470 mihi
574 2432 742 2485 quidem
781 2433 848 2482 id,
891 2434 1004 2488 quod
1035 2439 1126 2473 vult
1159 2435 1344 2475 Solams.
1404 2437 1565 2475 Penta-

101 2503 329 2542 grammum
364 2489 473 2525 enim
507 2489 614 2526 illud
647 2489 960 2543 Pythagoreum
1003 2490 1187 2530 breviter
1219 2491 1388 2545 quidem
1421 2492 1482 2530 ibi
1511 2493 1561 2530 ab

103 2555 274 2583 auctore
294 2543 567 2594 describitur,
602 2549 665 2583 vel
689 2547 832 2597 potius
855 2545 1057 2584 adnuitur
1075 2556 1268 2595 tantum,
1312 2558 1360 2586 ut
1385 2548 1434 2587 ad
1467 2565 1560 2588 eum

104 2603 322 2650 lectorem,
355 2602 423 2638 cui
444 2605 560 2652 plura
585 2601 670 2639 dici
690 2616 774 2639 non
795 2616 900 2654 opus
921 2611 1039 2651 esset,
1072 2602 1143 2641 sed
1166 2613 1307 2642 tamen
1326 2619 1411 2642 non
1436 2606 1560 2652 falso,

104 2670 182 2693 nec
205 2656 406 2705 obscure,
440 2658 482 2694 id
508 2659 663 2694 factum
683 2657 904 2710 largietur,
947 2658 983 2695 si
1009 2658 1103 2710 quis
1126 2673 1209 2697 non
1236 2663 1365 2712 plane
1390 2664 1478 2713 ejus
1500 2663 1560 2701 rei

102 2711 157 2750 sit
177 2711 308 2750 rudis.
354 2715 422 2755 De
442 2714 630 2767 Hippiae
654 2724 791 2753 autem
811 2717 907 2753 loco
929 2729 959 2756 c.
981 2720 1005 2758 3
1028 2715 1098 2753 ubi
1120 2715 1258 2769 iniqui
1273 2719 1369 2756 tatis
1388 2717 1430 2756 in
1450 2733 1560 2757 sum-
