1834 3188
1332 205 1398 255 95

14 321 233 377 ἑκάστους,
263 321 358 373 τούς
387 321 430 365 δὲ
460 320 538 376 μὴ,
570 323 703 364 καίτοι
730 317 778 363 τά
806 336 849 376 γε
876 316 974 361 ἄλλα
1003 316 1113 362 πάνυ
1141 316 1446 373 ἆξιοπίστουςρ.
1463 332 1546 375 809.

316 221 634 254 HERMOTIMUS
668 221 776 254 SIVE
811 221 878 252 DE
913 222 1087 253 SECsz.

14 393 152 445 ὄντας,

130 465 272 504 ΕΡΜ.
299 458 453 513 Ἀληθῆ
472 463 611 500 ταῦτα.

126 535 261 573 ΛΤΚ.
298 527 348 570 T&
381 530 520 570 τοίνυν
548 530 748 581 διακρῖναι
771 524 865 576 τούς
885 523 1063 577 εἰδότας,
1095 527 1161 569 καὶ
1185 529 1406 583 διαγνῶναι

16 596 96 643 ἆπὸ
113 605 194 642 τῶν
215 594 290 641 οὐκ
308 594 471 639 εἰδότων
489 595 583 650 μὲν,
615 594 854 650 φασκόντων
877 595 938 646 δὲ,
982 593 1033 638 οὔ
1052 609 1116 638 σοι
1149 599 1260 639 δοκεῖ
1290 594 1403 638 πάνυ

15 670 187 725 ἐργῶδες
207 666 333 717 εἶναι,

129 741 270 778 EPM.
305 735 386 776 Καὶ
411 731 529 787 μάλα.

129 809 259 846 ΛΤΚ.
293 800 442 855 Δεήσει
460 803 599 843 τοίνυν
619 800 684 851 σὲ,
716 802 752 843 εἶ
770 801 919 855 μέλλεις
937 806 1133 843 Στωϊκῶν
1151 799 1222 843 τόν
1240 799 1407 856 ἄριστον

18 875 219 923 εἴσεσθαι,
253 873 373 915 εἶκαὶ
395 868 448 924 μὴ
474 872 538 913 ε’πὶ
564 867 744 921 πάντας,
777 867 866 911 ἄλλ’
893 864 968 913 οὖν
998 872 1062 913 ἐπὶ
1080 869 1174 919 τούς
1197 873 1409 919 πλείστους

19 938 154 984 αὐτῶν
174 943 329 992 ἐλθεῖν,
360 942 426 982 καὶ
445 944 696 992 πειραθῆναι
710 972 722 989 ,
753 940 820 980 καὶ
839 937 909 980 τὸν
932 936 1081 992 ἆμείνω
1100 938 1410 992 προστήσασθαι
1420 960 1456 995 p.
1470 952 1553 987 8ιο.

18 1008 284 1059 διδάσκαλον,
346 1004 656 1064 γυμνασάμενόν
685 1025 727 1063 γε
758 1004 980 1062 πρότερον,
1021 1009 1090 1049 καὶ
1120 1006 1302 1061 κριτικὴν
1329 1012 1408 1050 τῶν

18 1075 212 1120 τοιούτων
235 1076 405 1131 δύναμιν
439 1076 736 1131 πορισάμενον,
770 1075 825 1126 ὥς
852 1074 906 1129 μή
937 1090 979 1118 σε
1000 1075 1042 1131 c)
1077 1074 1186 1132 λάθῃ
1214 1072 1235 1117 ὅ
1264 1078 1411 1129 χείρων

19 1149 270 1200 προκριθείς.
301 1147 366 1188 καὶ
388 1144 435 1186 σύ
462 1141 509 1200 d)
541 1147 609 1187 καὶ
628 1144 731 1199 πρὸς
753 1150 886 1196 τοῦτο,
919 1143 1007 1198 ὅρα,
1035 1142 1132 1186 ὅσου
1150 1147 1213 1186 δεῖ
1225 1149 1300 1186 τοῦ
1318 1142 1411 1198 χρό-

20 1232 95 1257 νου
110 1247 121 1264 ,
156 1213 203 1257 ὃν
222 1214 265 1268 e)
298 1212 399 1256 ἑκών
418 1218 583 1265 παρῆκα
600 1244 610 1263 ,
644 1211 784 1262 δεδιώς
804 1211 855 1267 μὴ
877 1211 926 1254 σύ
951 1208 1251 1270 ἀγανακτήσῃς,
1281 1216 1412 1256 καίτοι

19 1282 67 1324 τό
87 1300 129 1339 γε
147 1280 329 1337 μέγιστόν
350 1299 388 1323 τε
411 1279 491 1335 ἅμα
510 1284 576 1323 καὶ
598 1279 917 1336 ἀναγκαιότατον
939 1282 980 1323 ἓν
999 1287 1083 1329 τοῖς
1101 1279 1320 1332 τοιούτοις,
1353 1283 1413 1323 λέ-

21 1368 79 1407 γω
113 1349 161 1405 δὴ
190 1358 273 1400 τοῖς
302 1348 468 1403 ἀδήλοις
494 1367 533 1392 τε
563 1352 630 1392 καὶ
665 1346 931 1404 ἀμφιβόλοις,
958 1352 1004 1391 ἓν
1027 1346 1146 1391 τοῦτό
1181 1350 1310 1401 ἔστιν,
1344 1349 1414 1392 οἶ·-

23 1438 106 1474 μαι.
146 1422 213 1462 καὶ
241 1417 345 1473 μόνη
379 1434 443 1460 σοι
473 1416 574 1471 αὕτη
603 1417 721 1471 πιστὴ
743 1420 809 1459 καὶ
835 1419 995 1472 βέβαιος
1015 1419 1124 1466 ἐλπὶς
1144 1418 1207 1458 ἐπὶ
1224 1416 1297 1470 τὴν
1319 1415 1416 1471 ἆλή-

22 1486 146 1530 &adv
174 1505 216 1530 τε
241 1489 308 1529 καὶ
337 1484 490 1540 εὕρεσιν
520 1484 664 1539 αὐτῆς,
710 1483 806 1539 ἄλλη
830 1487 870 1527 δὲ
890 1481 985 1527 οὐδ’
1004 1483 1193 1538 ἦτιςοῦν,
1224 1484 1310 1539 ἢτὸ
1331 1490 1416 1540 κρί-

21 1573 108 1599 νειν
127 1554 344 1607 δύνασθαι,
368 1556 432 1597 καὶ
451 1558 631 1609 χωρίζειν
649 1552 729 1599 dm}
749 1561 829 1598 τῶν
851 1550 1018 1608 ἀληθῶν
1040 1552 1087 1595 τὰ
1102 1557 1256 1608 ψευδῆ,
1288 1557 1357 1598 καὶ
1375 1550 1417 1605 ἱ.)

71 1670 112 1715 c)
137 1666 196 1714 μή
222 1671 296 1713 σε]
320 1668 411 1714 μήτε
442 1680 558 1716 2954..-
574 1669 719 1703 vitiose.
774 1669 819 1710 d)
848 1668 927 1712 σύ]
953 1680 1012 1704 σοι
1039 1669 1159 1713 idem,
1186 1682 1261 1703 non
1291 1671 1416 1704 minus

116 1717 256 1750 vitiose.
305 1718 345 1757 e)
375 1712 453 1760 ὃν]
480 1718 555 1758 ,,οὐ
579 1718 616 1749 Ρ.
644 1717 845 1760 Vulgatam
867 1723 1016 1749 servant
1032 1717 1125 1750 Edd.
1144 1717 1329 1762 priscae.“
1377 1718 1417 1761 f)

116 1762 218 1806 καὶ]
246 1762 376 1806 „deest
398 1764 438 1796 in
461 1764 519 1798 W.
541 1762 642 1796 adest
662 1763 702 1796 in
719 1764 748 1796 J.
773 1763 824 1796 Pl.
844 1763 891 1796 H.
915 1764 996 1795 Par.
1017 1763 1115 1797 etc.“

27 1868 220 1922 quamvis
253 1867 406 1921 dignos
435 1867 515 1908 fide
545 1877 693 1908 caete—

25 1925 181 1977 roquin
204 1923 434 1963 homines?

83 1980 219 2022 Herm.
249 1981 357 2020 Vera
380 1982 471 2024 ista.

85 2038 181 2090 Lyc.
242 2038 498 2078 Discernere
559 2037 693 2092 igitur

753 1866 1030 1918 (imitatione,
1063 1868 1344 1920 etjudicandi
1366 1868 1418 1910 de

753 1924 913 1963 talibus
935 1937 1173 1977 comparata
1194 1927 1416 1976 facultate,

751 1995 831 2021 neae
862 1980 1106 2033 imprudens
1165 1982 1419 2022 deteriorem

1042 2040 1107 2076 Tu
1131 2054 1230 2079 vero
1255 2039 1306 2078 ad
1335 2039 1419 2078 hoc

31 2108 124 2143 eos,
159 2093 231 2147 qui
253 2096 420 2144 sciunt,
455 2105 496 2133 et
531 2094 693 2149 digno-

32 2164 144 2189 scere
167 2150 215 2188 ab
239 2150 328 2201 his,
361 2153 458 2206 qui,
492 2166 583 2190 cum
617 2167 689 2190 ne-

31 2207 191 2255 sciant,
235 2207 340 2245 scire
372 2217 509 2246 tamen
546 2223 588 2247 se
620 2207 691 2255 di-

32 2273 153 2312 cant,
188 2277 331 2301 nonne
357 2278 581 2314 operosum
604 2269 691 2303 val-

32 2318 82 2358 de
106 2334 192 2358 esse
215 2320 293 2356 tibi
318 2319 519 2358 videtur?

86 2376 224 2415 Herm.
260 2376 392 2414 Valde
428 2375 468 2413 id
509 2375 692 2428 quidem.

87 2433 183 2484 Lyc.
219 2432 451 2484 Oportebit
476 2433 607 2485 igitur
630 2444 695 2480 te,

32 2489 68 2528 si
92 2490 299 2542 optimum
327 2488 571 2528 Stoicorum
600 2503 693 2527 nos·

35 2559 79 2584 se
96 2545 304 2594 volueris,
334 2545 368 2583 si
403 2560 487 2584 non
520 2544 570 2583 ad
604 2559 695 2583 om-

36 2615 134 2647 nes,
169 2601 218 2640 ad
247 2605 468 2656 plerosque
499 2611 610 2640 certe
640 2603 696 2639 il-

36 2658 168 2695 lorum
194 2658 412 2709 accedere,
446 2669 486 2697 et
507 2667 692 2706 tentare,

39 2721 81 2751 et
102 2714 312 2752 meliorem
340 2715 420 2753 tibi
451 2716 697 2767 magistrum

38 2769 218 2822 eligere,
251 2771 450 2810 instituta
476 2772 595 2824 prius
617 2785 698 2810 ex-

752 2038 979 2092 praeferas.

752 2095 900 2144 etiam,
945 2093 1072 2144 vide,
1116 2106 1277 2149 quanto
1310 2111 1418 2148 opus

749 2152 805 2191 sit
833 2162 1048 2204 tempore,
1084 2152 1198 2205 quod
1227 2163 1421 2205 praeter-

751 2208 847 2247 misi
869 2212 1038 2259 volens‚
1071 2210 1246 2258 veritus,
1283 2224 1334 2248 ne
1354 2209 1419 2246 in-

753 2265 881 2319 digne
903 2265 1043 2315 ferres,
1066 2265 1167 2304 licet
1189 2266 1419 2304 maximum

754 2333 796 2360 et
838 2337 1024 2361 maxlme
1058 2337 1338 2361 necessarxum
1372 2336 1419 2360 ιιι

754 2378 932 2425 talibus,
969 2378 1158 2417 obscuris
1182 2379 1356 2429 inquam
1378 2387 1421 2417 et

757 2434 994 2487 ambiguis,
1048 2449 1180 2472 unum
1217 2434 1299 2472 hoc
1330 2448 1420 2473 esse

758 2489 950 2529 arbitrer.
1013 2491 1073 2528 Ac
1103 2493 1189 2528 sola
1215 2491 1295 2528 tibi
1316 2490 1420 2530 haec

759 2546 894 2584 fidelis
918 2557 958 2585 et
979 2547 1092 2584 firma
1117 2561 1210 2599 spes
1239 2547 1287 2585 ad
1311 2548 1421 2586 veri-

757 2611 881 2641 tatem
899 2602 1196 2643 inveniendam
1213 2621 1223 2654 ς
1252 2604 1334 2642 alia
1351 2619 1420 2644 ve·

755 2673 802 2697 ro
825 2673 1104 2714 quaecunque
1123 2664 1260 2710 nulla,
1295 2675 1419 2715 quam

759 2715 793 2753 si
819 2715 1007 2768 judicare
1035 2718 1171 2770 possis
1194 2728 1234 2757 et
1255 2732 1420 2770 separa-

757 2786 800 2810 re
823 2786 843 2810 a
864 2774 975 2813 veris
998 2775 1124 2827 falsa,
1165 2774 1202 2812 si
1236 2775 1418 2815 facultas
