1834 3188
1357 175 1422 222 63

350 189 669 221 HERMOTIMUS
705 188 811 220 51VE
846 187 911 218 DE
948 187 1118 218 SECTis.

166 294 300 332 AYK.
334 292 454 338 Παῖς,
487 281 764 343 ὦἙρμότιμες

166 362 304 401 ΕΡΜ.
340 355 474 406 Οὕτω,
505 354 548 398 τὸ
569 362 609 398 Α
630 355 702 398 δύο
722 351 855 398 αὐτῶν
884 356 1038 410 ἔχουσι,
1070 352 1198 398 καὶτὸ
1221 359 1254 396 Β
1275 350 1427 408 ὅμοίως

52 425 151 478 δύο,
183 432 262 469 τῶν
293 431 444 468 λοιπῶν
473 424 514 466 δὲ
537 423 728 480 τεττάρων
764 422 911 475 ὄντων,
945 427 986 467 οἷ
1015 424 1084 477 μὲν
1112 424 1155 465 τὸ
1184 429 1236 473 Γ,
1273 425 1314 464 οἱ
1328 421 1422 466 δὲτό

53 495 264 543 Δπάντως
283 498 323 542 l')
364 489 630 544 ἀνεσπάκασι,
667 494 735 534 καὶ
765 490 964 546 ἀνήλωται
991 492 1069 546 ’ἤδη
1103 494 1140 540 ἐς
1166 489 1260 540 τούς
1289 486 1426 544 ἄθλη-

87 561 96 577 l

51 581 122 612 τας

50 629 101 672 ἂν
125 629 230 673 οὕτω
250 629 434 685 περιττὸν
457 632 514 682 εἴη
536 628 579 672 τὸ
600 632 687 684 ἑξῆς
705 628 863 686 γράμμα
880 627 924 671 τὸ
950 634 1012 680 Ε,
1043 630 1110 670 καὶ
1140 625 1162 671 ὅ
1191 633 1307 671 τοῦτο
1336 625 1422 671 ἆνε-

142 565 183 615 ⁵)
215 559 315 605 ὀκτώ
334 561 451 610 ὄντας
470 559 517 602 τὰ
533 563 690 615 τέτταρα
715 560 934 616 γράμματα.
971 564 1094 613 δῆλον
1118 561 1191 602 οὖν
1219 558 1278 602 ὅτι
1297 559 1425 614 μόνον

49 697 231 748 (mantue,
264 697 429 752 ἔφεδρός
448 700 540 739 ἔστι.

158 772 294 808 AYK.
329 764 522 820 Πότερον,
556 760 588 807 ὦ
598 762 820 819 Ἑρμότιμε,
851 765 1044 808 ἐπαινέσω
1065 765 1105 806 σὲ
1122 770 1192 818 τῆς
1210 764 1420 817 συνέσεως,

47 832 77 889 ἢ
95 836 225 884 θέλεις
242 831 410 876 ἀντείπω
431 831 478 874 τά
496 834 538 888 γε’
555 851 621 887 μοι
641 838 859 885 δοκοῦντα,
891 831 1012 876 ὁποῖα
1030 830 1080 874 ἂν
1100 834 1124 890 ᾗ
1142 852 1153 884 3

162 908 301 945 EPM.
348 902 418 956 Νὴ
447 906 550 955 Δία,
589 907 767 957 διαπορῶ
798 904 930 957 μέντοι
952 900 1012 956 ²),
1054 900 1146 953 ὅ,τι
1173 898 1224 943 ἂν
1256 898 1422 956 εὔλογον

47 967 245 1014 ἆντειπεῖν
266 973 368 1025 ἔχοις
386 969 487 1025 πρὸς
504 972 548 1013 τὸ
571 978 769 1014 τοιοῦτον.

159 1044 293 1080 ΛΥΚ.
326 1037 386 1081 Σὺ
401 1041 470 1093 μὲν
486 1038 561 1094 γὰρ
581 1038 634 1089 ὥς
651 1042 742 1093 ἑξῆς
760 1038 920 1089 πάντως
936 1042 982 1091 ¹¹)
1013 1040 1282 1094 γραφομένων
1299 1056 1421 1094 γραμ-

48 1104 204 1161 μάτων,
237 1109 420 1161 εἴρηκας,
455 1107 567 1159 οἷον,
596 1107 755 1161 πρώτου
785 1113 858 1151 τοῦ
880 1115 940 1159 Α,
972 1109 1160 1163 δευτέρου
1192 1109 1233 1149 ὁὲ
1263 1112 1336 1150 τοῦ
1365 1114 1423 1159 Β,

48 1177 116 1218 καὶ
146 1174 245 1217 κατὰ
267 1175 340 1229 τήν
370 1176 505 1228 τάξιν,
536 1176 649 1232 ἄχρις
677 1175 727 1219 ἂν
750 1180 789 1226 ἐς
802 1180 847 1218 ἓν
867 1173 999 1218 αὐτῶν
1019 1173 1229 1232 τελευτήσῃ
1250 1173 1271 1218 ὅ
1296 1174 1425 1229 ἀριθ-

47 1242 122 1298 μὸς
142 1243 212 1286 τὸν
236 1242 443 1298 ἀθλητῶν·
475 1247 542 1287 καὶ
563 1249 704 1299 διδωμι
720 1260 781 1288 σοι
796 1242 1059 1299 Ὀλυμπιάσιν
1081 1242 1182 1286 οὕτω
1201 1246 1422 1300 γίγνεσθαι.

53 1315 100 1354 Τί
116 1313 180 1355 δαὶ
199 1312 271 1367 ¹),
306 1315 341 1354 εἰ
363 1312 557 1363 ἐξελόντες
576 1317 620 1366 y)
653 1311 830 1362 ἀτάκτως
848 1314 962 1355 πέντε
982 1311 1204 1369 γράμματα,
1237 1314 1275 1363 ἐξ
1296 1310 1424 1355 &adv-

94 1416 136 1460 r)
172 1412 388 1458 ποῖντως]
421 1412 573 1450 πάντων
602 1416 666 1449 iid.
739 1415 777 1459 s)
812 1412 1051 1459 α’θλητάς]
1087 1410 1244 1454 desinet,-
1271 1418 1312 1451 A.
1337 1428 1366 1448 ι.
1389 1428 1422 1450 2.

137 1464 178 1505 t)
204 1460 396 1505 μέντοι]
424 1461 490 1504 μέν
516 1475 574 1496 τοι
598 1462 740 1496 duabus
769 1463 921 1494 vocibus
947 1464 1063 1494 Reitz.
1088 1462 1150 1505 qui
1179 1462 1267 1494 haec
1296 1469 1421 1496 notat:

135 1508 226 1551 „Sic
246 1508 338 1540 Edd.
359 1513 395 1540 et
416 1509 470 1543 M.
496 1509 582 1542 Sola
610 1510 650 1541 B.
674 1521 705 1542 2.
737 1506 802 1550 μέν
822 1521 874 1549 τι,
899 1508 1036 1540 male-‘⁴
1082 1509 1125 1540 In
1155 1509 1196 1542 B.
1219 1519 1250 1551 3.
1275 1509 1422 1552 reperio

140 1553 378 1597 διαπορῶμέν
394 1567 446 1597 τι,
473 1555 535 1587 sed
554 1555 591 1587 in
612 1556 653 1588 B.
681 1567 709 1588 1.
730 1553 968 1599 ὃιαποροῖμέν
987 1567 1056 1588 τοι.
1105 1557 1148 1588 In
1169 1554 1298 1587 ceteris
1322 1561 1423 1587 recte

138 1601 333 1643 scriptum.
394 1607 438 1639 u)
462 1598 679 1645 πάντως]
706 1599 855 1635 πάντων
882 1611 981 1646 2954.
1005 1612 1105 1642 3011.
1177 1602 1220 1641 x)
1247 1602 1294 1636 τί
1318 1600 1422 1643 δαὶ]

134 1648 174 1726 ‘ln'
194 1646 375 1727 {kli‘i‘dem.
424 1649 469 1693 y)
494 1646 594 1691 ἐξελ
606 1645 624 1683 ό
638 1660 658 1682 ν
670 1660 716 1682 τε
729 1652 768 1690 ς]
794 1650 877 1693 „Ita
893 1648 987 1681 bene
1005 1647 1100 1683 Edd.
1119 1644 1329 1690 ἐξελθόντες
1346 1659 1424 1682 ma-

152 1705 171 1726 e
247 1720 255 1728 ι

45 1789 164 1825 nero,
199 1785 272 1814 aut
290 1773 609 1824 secundulum,
629 1790 703 1815 no-

46 1833 117 1883 vi,
159 1831 268 1870 hanc
296 1832 369 1886 qui
399 1831 573 1884 habeat,
617 1847 704 1873 esse

47 1890 342 1928 subsessorem.

102 1946 204 2000 LyC.
237 1945 354 2000 Quid
376 1946 460 1994 ita,
488 1947 703 1986 Hermoti-

45 2003 141 2041 me?

104 2059 240 2098 Herm.
272 2060 368 2098 Hoc
386 2059 531 2103 modo:
562 2065 601 2101 A
619 2060 702 2100 duo

52 2115 220 2153 illorum
261 2116 436 2163 habent,
489 2123 521 2158 Β
555 2117 702 2155 itidem

50 2170 161 2218 duo;
196 2173 348 2224 reliqui
375 2188 466 2212 cum
489 2175 575 2211 sint
597 2188 703 2226 qua-

49 2237 171 2277 tuor,
206 2227 290 2266 duo
314 2234 364 2277 Γ,
399 2237 434 2270 Δ
466 2239 601 2269 autem
627 2229 702 2268 alii

49 2283 135 2321 duo
185 2285 358 2322 omnino
405 2295 700 2336 extraxerunt,

49 2351 380 2393 consumtaeque
407 2352 504 2379 sunt
536 2342 578 2378 in
606 2352 702 2380 octo

48 2396 226 2436 athletas
248 2397 392 2436 literae
414 2408 606 2449 quatuor.
621 2398 704 2450 Ap-

46 2463 167 2506 paret
191 2454 347 2507 igitur‚
381 2456 509 2492 solam
532 2454 588 2491 ita
622 2454 705 2491 im·-

48 2524 188 2561 parem
236 2511 418 2548 futuram
470 2510 702 2563 proximam

46 2566 211 2604 literam
236 2570 284 2615 E,
319 2580 518 2621 eumque,
556 2567 629 2618 qui
654 2567 702 2603 il-

47 2623 129 2659 lam
148 2623 393 2671 extraxerit,
428 2637 515 2662 esse
541 2623 703 2660 subses-

47 2691 192 2717 sorem.

103 2734 202 2787 Lyc.
234 2736 399 2787 Utrum,
422 2736 699 2787 Hermotimo,

760 1774 1031 1829 prudentiam
1075 1784 1190 1813 tuam
1229 1773 1420 1824 laudem,

762 1847 813 1871 an
847 1833 910 1871 vis
945 1841 1091 1870 contra
1117 1831 1278 1880 dicam,
1313 1844 1421 1883 quae

761 1889 865 1927 mihi
900 1887 1122 1937 videntur,
1166 1888 1422 1941 qualiacun-

762 1960 841 2000 que
863 1945 1026 1984 demum
1046 1945 1242 1984 fuerint?

797 1994 955 2042 ‘Herm
1009 2001 1124 2055 Quin
1177 2000 1257 2039 dic.
1317 1999 1422 2039 Non

764 2059 1063 2097 comminiscor
1082 2057 1291 2111 equidem,
1317 2055 1422 2110 quid

763 2131 854 2154 cum
874 2116 1039 2154 ratione
1073 2115 1115 2151 in
1143 2116 1217 2152 tali
1234 2128 1278 2152 re
1304 2112 1420 2152 dice-

760 2186 804 2211 re
826 2181 970 2211 contra
998 2172 1148 2224 possis.

817 2229 915 2284 Lyc.
955 2231 1020 2266 Tu
1058 2226 1226 2281 quidem
1261 2227 1319 2264 ita
1354 2224 1421 2263 di-

760 2286 887 2334 xisti,
934 2294 1132 2338 tanquam
1164 2282 1313 2322 ordine
1343 2281 1419 2320 de-

763 2343 907 2394 inceps
930 2355 1005 2379 nuo
1030 2340 1204 2379 omnino
1229 2338 1420 2376 scriban-

762 2407 830 2435 tur
855 2400 1024 2445 literae,
1058 2410 1095 2433 v,
1117 2410 1156 2448 g.
1191 2395 1323 2446 prima
1355 2400 1418 2443 A,

762 2456 886 2492 altera
910 2460 962 2501 B,
998 2462 1037 2490 et
1056 2453 1116 2489 sic
1139 2451 1309 2500 ordine,
1346 2450 1418 2489 do-

761 2511 900 2548 necin
925 2523 1005 2546 una
1036 2509 1197 2546 illarum
1221 2522 1417 2545 numerus

763 2565 1011 2603 athletarum
1033 2564 1210 2603 deficiat.
1272 2566 1332 2602 Ac
1361 2563 1414 2602 do

761 2622 862 2669 tibi,
925 2622 1148 2673 Olympiae
1198 2622 1254 2659 ita
1308 2620 1412 2659 fieri.

763 2678 878 2731 Quid
909 2692 1032 2727 vero,
1085 2679 1118 2715 si
1148 2678 1294 2716 sumtis
1323 2677 1416 2714 sine

763 2734 911 2774 ordine
933 2735 1120 2790 quinque
1137 2735 1274 2775 literis
1299 2740 1348 2785 X,
1366 2738 1414 2782 ἐτ’,

1437 300 1474 335 Ρ.
1485 296 1577 337 785(

1448 1048 1502 1089 43
