1834 3188
274 179 377 240 582
630 197 1376 231 ADNOTATIONES

391 291 490 333 Eud.
508 297 536 336 1.
560 301 602 339 7.
637 292 763 338 Οὐδὲν
782 296 912 337 αἴτιον
940 318 997 325 -——
1030 297 1313 347 Θουκυδίδην)
1344 295 1498 334 Lectio
1525 295 1727 350 marginis

280 348 459 392 Aldinae
475 352 611 404 primo
634 352 797 390 intuitu
818 350 1049 401 blanditur,
1083 351 1182 404 quia
1202 354 1326 398 αἴτιος
1345 351 1432 390 fere
1455 351 1615 404 ubique
1637 366 1729 390 cum

282 406 478 460 genitivo
511 407 785 449 construitur.
843 408 997 448 Verum
1021 417 1062 446 et
1091 408 1358 446 accusativus
1382 418 1493 447 recte
1517 421 1561 446 se
1583 407 1730 446 habet:

282 471 347 503 est
368 463 479 502 enim
498 464 634 516 ellips.
661 477 853 517 praepos.
876 461 941 505 διὰ
962 466 1030 503 vel
1051 462 1174 511 nard,
1208 473 1249 503 et
1269 462 1504 518 significat,
1538 463 1734 514 Thucydi-

284 517 369 560 dem
391 519 492 560 nihil
516 520 771 573 culpabilem,
806 520 831 561 i.
858 534 890 561 e.
908 531 1065 574 propter
1090 520 1239 559 nullam
1262 537 1350 561 rem.
1411 520 1480 560 Sic
1505 516 1599 562 οὗὸέ
1620 537 1655 560 τι
1675 521 1735 559 αἶ’-

281 590 366 623 τιος
404 590 456 614 ex
489 576 652 626 Homer,
681 587 722 614 et
763 572 876 618 οὐδὲν
911 579 1061 625 αἰτίους
1088 590 1139 615 ex
1174 576 1325 616 Herod.
1361 575 1521 615 dudum
1553 575 1736 630 protulit

283 630 416 684 Steph.
441 631 485 669 in
507 633 629 674 Thes.
655 646 781 685 quare
802 637 921 686 plura
942 647 1029 671 non
1053 632 1215 673 addam.
1247 633 1408 672 Rssrrz.

397 686 500 728 Ead.
522 690 550 728 1,
570 694 609 733 8.
627 685 866 744 θΖνήῖμψλλοι]
898 690 963 728 Ita
995 690 1188 742 loquitur
1215 688 1264 728 de
1284 688 1362 727 hac
1386 688 1670 728 aemulatione
1697 697 1740 727 et

284 742 485 782 imitandi
504 745 664 792 studio,
686 759 733 784 ac
754 746 790 784 si
812 746 887 785 tali
906 743 1032 784 modo
1052 744 1301 798 Thucydidi
1321 745 1394 783 fiat
1413 745 1585 798 injuria.
1618 744 1739 797 Quae

285 806 424 842 autem
447 811 704 854 sequuntur,
735 801 807 844 τὸν
833 798 952 844 οὐδὲν
972 804 1098 844 αἴτιον
1120 811 1201 842 etc.
1233 801 1365 855 magis
1381 802 1561 841 fortasse
1590 803 1740 854 place-

284 853 391 894 bunt
412 859 538 895 semel
554 860 690 904 lecta,
722 872 846 911 quam
869 859 1121 911 diligentius
1146 872 1335 898 excussa.
1368 860 1489 898 Run.

396 911 498 952 Ead.
519 915 546 953 l.
571 918 610 957 9.
646 912 792 967 Θάψας
823 939 871 945 —-
905 911 1077 969 Σεβηρ.)
1107 915 1311 966 Smyrnae
1341 917 1532 967 sepultus
1565 923 1652 960 est3
1693 928 1735 954 v.

283 967 403 1010 Dion.
425 968 587 1008 LXXI.
608 985 648 1023 p.
674 976 769 1015 802.
793 973 839 1011 B.
863 975 959 1010 coll.
984 986 1079 1010 cum
1097 970 1269 1011 Aristicl.
1300 970 1372 1011 Or.
1395 971 1462 1020 II,
1488 975 1552 1015 13.
1578 984 1621 1023 p.
1642 974 1740 1014 295.

284 1032 392 1064 teste
424 1023 627 1077 lVottono‚
662 1028 736 1080 qui
765 1030 975 1067 Dacerium
1007 1042 1053 1066 ea
1075 1026 1126 1065 de
1148 1041 1191 1065 re
1213 1027 1258 1064 in
1282 1036 1420 1079 partes
1441 1035 1566 1066 vocat
1583 1041 1622 1080 p.
1648 1031 1741 1070 169.

283 1079 411 1120 Vitae
442 1082 508 1122 M.
533 1084 721 1134 Aurelii,
764 1098 889 1137 quam
913 1083 1092 1137 Anglice
1126 1097 1218 1120 cum
1251 1083 1366 1122 notis
1388 1081 1537 1124 edidit.
1596 1084 1742 1123 Locus

285 1145 427 1176 autem
462 1138 723 1192 Thucydidis,
764 1154 888 1194 quem
917 1140 1075 1179 Noster
1103 1138 1174 1177 hic
1195 1139 1399 1192 respicit,
1431 1147 1568 1177 exstat
1588 1138 1663 1180 lib.
1686 1139 1743 1178 ΙΙ.

286 1193 454 1234 Sonat-z
512 1194 654 1234 Etiam
675 1195 778 1235 haec
798 1199 951 1235 vocula
969 1195 1138 1235 videtur
1158 1194 1209 1233 ad
1229 1195 1357 1233 risum
1380 1194 1637 1247 composita,
1672 1193 1742 1234 de.

287 1251 450 1288 claraus
471 1248 554 1290 hoc
576 1251 747 1304 quidem
768 1255 890 1302 loco,
924 1251 1069 1291 fictum
1094 1251 1227 1290 fuisse
1258 1249 1367 1290 illud
1391 1251 1534 1292 funus.
1592 1251 1747 1290 Nemi-

287 1304 335 1342 ni
359 1318 458 1344 vero
481 1321 569 1346 non
599 1307 786 1360 placebit
816 1307 1033 1361 expositio
1070 1306 1283 1358 Luciani‚
1326 1307 1400 1361 qui
1432 1305 1536 1346 haec
1570 1306 1748 1347 exhibet

292 1370 342 1401 ut
359 1372 566 1416 aguntur,
599 1378 686 1402 non
712 1374 758 1403 ut
782 1373 874 1403 acta
895 1374 1007 1402 sunt.
1039 1364 1158 1402 Run.

404 1418 508 1459 Εαιῖ.
528 1421 557 1457 1.
582 1424 647 1462 12.
681 1416 809 1462 ‘'de
842 1425 937 1463 τοῦ
965 1419 1205 1474 γέλωτος]
1244 1420 1476 1474 Eleganter
1510 1418 1750 1472 postposita

293 1481 357 1515 est
377 1488 522 1514 caussa
540 1477 844 1528 lacrymarum,
873 1477 1012 1517 minus
1030 1474 1161 1516 efficit
1184 1476 1287 1517 haec
1311 1481 1427 1529 ρῆσις
1447 1475 1491 1513 in
1517 1475 1658 1514 animo
1673 1505 1685 1525 ,
1715 1475 1753 1514 si

295 1529 391 1582 quis
417 1545 485 1569 eas
508 1534 679 1570 voculas
703 1543 800 1571 ante
823 1533 1018 1586 δακρύσαι
1046 1542 1191 1583 ponat.
1252 1532 1415 1571 Periret
1449 1527 1583 1584 ἀπάτη
1612 1533 1753 1570 lecto-—

295 1599 386 1627 rum
406 1586 527 1626 licita
549 1588 707 1639 pariter
725 1603 772 1627 ac
793 1588 994 1642 jucunda.
1025 1589 1143 1629 Pam.

408 1641 505 1695 Pag.
530 1648 622 1687 198.
644 1646 671 1683 l.
698 1650 735 1688 1.
765 1644 1073 1694 Αἰάντειον]
1108 1642 1220 1682 Vide
1252 1642 1437 1697 Soplzocl.
1459 1642 1502 1683 in
1528 1642 1612 1682 fine
1631 1645 1754 1685 Αἷάν·

296 1713 365 1744 τος
394 1698 731 1755 Μαστιγοφόρου.
764 1703 884 1743 RUD·
946 1701 1015 1741 Cf.
1047 1700 1219 1741 Luciam.
1248 1701 1383 1739 Dian.
1413 1701 1567 1740 Mortt.
1590 1700 1752 1740 XXIX.

295 1753 455 1795 Linum.
726 1754 729 1758 ”

410 1810 560 1853 Εαίῖ-Ῑ.
583 1815 623 1857 7·
664 1815 1113 1869 Κατεγίγνωσκον
1142 1835 1198 1846 ·—--
1229 1807 1555 1868 ᾐτιασάμην]
1595 1812 1754 1850 Iterum

297 1862 431 1919 ἀπάτη
469 1871 696 1920 lectorum,
740 1880 885 1923 postea
922 1870 1047 1910 etiam
1084 1870 1236 1909 seriam
1274 1883 1360 1908 rem
1393 1868 1753 1920 exspectantium,

299 1935 428 1976 quum
451 1924 561 1962 serio
588 1924 727 1965 dicere
749 1929 972 1978 coepisset.

409 1979 512 2019 Ead.
530 1982 557 2021 1.
582 1986 619 2025 8.
648 1981 889 2031 Λοπάδων)
920 1984 1034 2022 Flor.
1055 1983 1269 2023 λοπαδίων.
1301 1981 1480 2020 BOURD.

410 2036 511 2078 Ead-
537 2039 562 2075 l·
596 2042 661 2082 12.
698 2034 919 2093 Ὀλίγων
961 2037 1102 2091 ὅμως
1144 2035 1525 2088 ἐπιμνησθεὶς]
1573 2034 1756 2075 Videtur

301 2089 473 2144 quidem
492 2093 714 2133 Lucianus
737 2094 790 2133 ad
821 2098 992 2134 alteram
1022 2093 1332 2134 dissertationis
1363 2101 1520 2144 partem
1551 2091 1759 2142 transire,¹

299 2145 372 2186 sed
404 2162 511 2200 quae
543 2148 743 2203 deinceps
774 2160 1029 2205 sequuntur,
1073 2150 1195 2189 aliter
1225 2163 1300 2187 nos
1328 2149 1476 2200 jubent
1509 2146 1754 2195 decernere3

301 2204 442 2257 pergit
462 2204 574 2242 enim
609 2205 654 2243 in
687 2206 1045 2258 reprehendendis
1077 2205 1379 2244 historicorum
1415 2203 1589 2256 ineptiis
1619 2217 1757 2256 usque

304 2258 357 2300 ad
379 2275 411 2301 e.
433 2267 499 2304 33.
556 2261 618 2299 Ut
638 2271 774 2305 autem
809 2261 1123 2301 concedendurn
1153 2272 1236 2311 est,
1269 2270 1504 2309 auctorem,
1537 2259 1573 2297 si
1603 2273 1757 2299 novam

306 2314 645 2357 dissertationem
668 2321 749 2371 jam
773 2327 821 2357 ut
843 2317 1042 2369 deinceps
1063 2329 1298 2357 secuturam
1320 2316 1637 2364 annuntiasset,
1657 2329 1756 2368 neg-

304 2372 586 2424 ligentissime
618 2374 854 2426 scripsisse,
889 2374 946 2413 ita
974 2374 1079 2412 mihi
1098 2373 1178 2412 hoc
1197 2377 1292 2412 loco
1315 2372 1481 2410 videtur
1501 2371 1624 2410 laude
1643 2369 1757 2412 haud

307 2427 461 2481 exigua
483 2429 648 2483 dignus.
708 2430 808 2470 Non
833 2439 919 2469 erat
942 2428 1046 2469 adeo
1069 2430 1193 2469 hebes
1220 2429 1460 2473 Lucianus‚
1495 2427 1598 2480 quin
1630 2425 1755 2466 vide-

308 2492 392 2533 ret,
426 2487 672 2527 continuam
696 2486 873 2526 aliorum
897 2485 1268 2538 reprehensionem
1300 2494 1341 2524 et
1362 2483 1597 2522 irrisionem
1617 2485 1757 2521 lecto-

309 2538 426 2577 ribus
452 2541 545 2579 fore
576 2544 816 2582 molestam:
860 2542 1073 2594 praevidit
1100 2541 1263 2591 animo,
1305 2539 1420 2593 quod
1447 2537 1604 2577 accidit
1634 2552 1754 2589 vere,

311 2608 437 2645 quum
456 2596 585 2637 homo
605 2597 659 2636 ad
683 2597 835 2650 capitis
858 2597 1145 2637 antecedentis
1170 2596 1422 2636 vocabulum
1440 2593 1581 2646 θάψας
1601 2592 1756 2631 adscri-

311 2647 451 2693 beret:
492 2651 662 2704 Παύου,
692 2657 940 2707 ταλαίπωρε,
973 2656 1119 2703 [navaie
1139 2668 1203 2695 σοι
1228 2653 1445 2693 πέπαισται.
1487 2652 1598 2703 μέχρι
1627 2649 1756 2694 πόσου

313 2704 552 2760 διαγελάσεις
568 2707 662 2761 τούς
685 2708 954 2766 καταράτουςς
986 2711 1136 2765 Itaque
1166 2708 1232 2750 his
1263 2706 1437 2751 vocibus
1460 2706 1650 2759 veniam,
1681 2719 1758 2762 ge„
