1834 3188
229 155 331 206 552
583 172 1336 205 ADNOTATIONES

232 285 305 326 σῃς
326 269 475 320 scribi,
507 279 581 309 aut
602 268 656 324 ἢν
682 269 735 324 μὴ
769 271 811 309 in
845 268 953 323 εἰμὴ
985 270 1162 321 mutari,
1193 281 1358 310 servato
1377 271 1438 310 sic
1463 271 1685 325 Optativo.

231 327 290 366 At
310 327 366 367 cf.
387 341 513 381 supra
541 341 633 382 cap.
655 330 694 372 5.
714 336 757 367 et
788 341 895 381 quae
926 326 987 364 ibi
1015 326 1061 365 in
1080 327 1198 367 Varr.
1221 328 1363 368 Lectt.
1383 329 1545 368 monita
1570 341 1683 371 sunt.

228 383 388 426 LmrM.

342 439 444 481 Ead.
475 443 588 483 1.10.
626 438 999 496 Ἀκροασομὲνους)
1028 439 1101 481 W.
1149 439 1202 478 In
1231 440 1408 495 reliquis
1439 438 1687 496 ἀκροασαμέ-

230 513 341 544 νους.
372 497 539 538 SOLAN.
606 497 702 535 Etsi
731 501 903 552 vulgata
934 497 1036 536 ferri
1069 505 1233 548 potest,
1274 507 1323 536 ut
1354 498 1567 552 significet
1597 515 1683 551 eos,

231 553 306 605 qui
329 552 390 590 sic
419 552 564 593 audire
592 556 755 604 solent,
787 566 925 592 tamen
957 553 1194 592 accuratior
1224 553 1392 593 videtur
1425 554 1554 593 lectio
1578 555 1684 597 Cod.

230 609 521 650 VV„futurum
540 609 771 660 exhibens,
805 611 833 650 i.
857 625 891 650 e.
915 624 1001 658 eos,
1037 609 1109 662 qui
1129 609 1237 648 hanc
1257 609 1479 649 historiam
1499 612 1685 663 audituri,

230 668 299 704 vel
329 664 466 705 lecturi
489 676 591 706 sunt.
620 667 783 709 Rm'rz.
844 668 965 705 Hanc
983 665 1209 706 lectionem
1236 662 1559 721 ἀκροασομένους
1583 684 1688 707 con-

230 721 366 760 firmat
385 722 510 761 etiam
538 737 623 762 non
653 727 788 762 solum
812 722 918 763 cod..
939 725 1062 766 2954.
1081 721 1152 761 sed
1172 723 1296 762 etiam
1317 724 1367 762 A.
1390 729 1427 767 2,
1453 723 1498 762 in
1521 738 1601 777 qua
1625 734 1688 764 est

228 775 574 831 ἆκροασωμένους.
633 781 765 819 Recte
800 781 945 833 itaque
973 779 1229 818 recentiores
1261 779 1688 821 Editores'Reitzium

227 844 329 872 sunt
357 835 506 876 secuti.
577 835 729 875 Verbis
760 835 959 889 deinceps
988 835 1263 889 sequentibus
1294 836 1532 890 Rudolphus
1564 848 1688 876 notat

227 891 348 944 tangi
371 893 552 931 fortasse
582 892 778 940 criticos,
812 907 917 947 quos
942 891 1077 932 rideat
1109 891 1307 948 (auctor)
1335 894 1462 933 etiam
1494 893 1541 932 in
1563 893 1687 934 Veris

225 946 450 986 Historiis.
483 950 639 989 LEnM.

339 1004 440 1057 Pag.
464 1009 557 1048 178.
578 1008 605 1045 1.
628 1011 667 1048 3.
707 1003 782 1047 Τόν
802 1003 953 1055 τύπον)
986 1007 1098 1047 Κατὰ
1116 1002 1186 1046 τόν
1207 1002 1348 1048 τύπον.
1383 1006 1559 1049 GUYET.
1603 1013 1686 1049 Κα·

225 1057 273 1099 τά
302 1060 462 1113 quippe
489 1075 575 1100 non
607 1061 901 1112 inserendum,
932 1061 1005 1100 sed
1033 1062 1384 1115 intelligendum,
1415 1077 1586 1102 monere
1610 1079 1686 1103 vo-

224 1114 328 1165 luit,
371 1115 510 1156 credo.
555 1119 722 1158 RmTz.
793 1118 977 1172 Elegans
1004 1120 1149 1166 locus,
1189 1131 1317 1170 quum
1347 1133 1436 1157 non
1468 1122 1604 1158 solum
1639 1121 1686 1159 in

223 1171 471 1224 metaphora
501 1173 644 1213 eadem
674 1183 842 1227 pergat,
875 1189 1019 1213 verum
1045 1174 1170 1212 etiam
1194 1173 1276 1213 hoc
1308 1174 1437 1214 modo
1465 1175 1594 1214 simul
1617 1175 1689 1216 de-

224 1230 374 1276 claret,
408 1228 514 1282 quid
533 1229 591 1268 sit
613 1226 972 1284 ἆργυραμοιβικῶς.
1016 1230 1137 1272 RUD.

339 1284 440 1325 Ead.
462 1288 491 1325 1.
506 1289 547 1328 4.
587 1287 845 1341 Φροντίζειν)
877 1289 1001 1326 Tales
1023 1286 1081 1324 ait
1104 1296 1253 1326 auctor
1271 1287 1576 1341 comparandos
1596 1302 1686 1329 esse

226 1339 465 1390 auditores,
492 1342 648 1395 quibus
669 1344 762 1396 quis
785 1343 941 1394 scripta
965 1358 1037 1381 sua
1059 1343 1165 1381 velit
1189 1343 1388 1395 probare,
1412 1342 1486 1398 qui
1507 1347 1689 1384 exactis-

226 1397 330 1436 sime
352 1398 493 1436 omnia
514 1399 773 1450 examinent,
793 1410 834 1439 et
856 1397 1206 1455 ἀργυραμοιβικῶς
1228 1401 1494 1453 expendant:
1526 1401 1582 1439 acl
1602 1403 1686 1453 hos,

226 1453 393 1507 inquit,
427 1451 701 1508 ἀποβλέποντα
724 1454 797 1510 χρὴ
826 1458 894 1497 καὶ
925 1455 1190 1511 συγγράφειν,
1223 1461 1302 1497 τῶν
1332 1455 1372 1499 δ’
1395 1457 1522 1498 ἄλλων
1552 1454 1688 1513 ὀλίγον

226 1512 465 1561 φροντίζειν.
526 1511 599 1551 Sic
629 1526 806 1566 namque
836 1528 887 1553 ex
916 1512 1093 1551 vetustis
1123 1511 1229 1554 Edd.
1261 1513 1577 1566 corrigendum:
1610 1529 1688 1567 po-

225 1566 423 1605 steriores
443 1568 622 1620 pessime
641 1572 853 1622 φροντίζει.
884 1569 1007 1609 JENS.
1038 1569 1153 1607 Bene
1175 1578 1317 1607 monet
1335 1569 1552 1620 Lucianus,
1568 1584 1707 1623 praes

225 1621 368 1660 sertim
399 1637 528 1676 quum
552 1624 695 1664 laudes
728 1624 936 1677 ejusmodi
962 1624 1174 1663 interdum
1209 1634 1346 1663 essent
1370 1626 1490 1663 malis
1522 1627 1685 1665 artibus

224 1687 400 1728 partae.-
445 1679 515 1723 Cf,
551 1680 765 1736 Quinctil.
793 1680 869 1722 lib.
900 1680 955 1722 X.
984 1680 1018 1735 ξ.
1048 1686 1116 1725 18.
1148 1680 1199 1720 de
1226 1680 1468 1720 oratoribus
1497 1683 1684 1736 quidem.

223 1735 345 1772 Run.

338 1790 441 1832 Ead.
463 1795 490 1832 l.
509 1798 546 1837 8.
580 1792 664 1846 Γ-οἷρ
687 1810 766 1836 που
788 1794 856 1846 σε)
887 1794 954 1833 Ita
978 1810 1058 1835 που
1088 1807 1131 1835 σε
1158 1792 1250 1833 sine
1271 1802 1450 1832 accentu
1468 1805 1686 1836 exaratum

224 1855 289 1886 est
318 1846 362 1884 in
392 1848 499 1887 Edd.
529 1851 681 1902 priscis
709 1850 748 1890 J.
780 1851 843 1890 ΓΙ.
878 1849 982 1891 Alol.
1011 1860 1052 1889 et
1084 1849 1186 1889 hinc
1209 1850 1253 1887 in
1283 1850 1473 1903 reliquis.
1531 1852 1686 1905 Neque

224 1902 336 1941 enim
360 1904 740 1946 Grammaticorum
767 1921 902 1945 canon
928 1906 1000 1945 hic
1021 1916 1188 1958 poterat
1212 1905 1448 1958 observari,
1480 1917 1529 1945 ut
1553 1909 1686 1960 pluri-

224 1958 302 1996 bus
325 1960 537 2000 encliticis
562 1977 652 2002 sese
669 1962 1047 2017 subsequentibus,
1081 1962 1208 2000 unius
1230 1971 1428 2001 accentus
1447 1962 1491 2000 in
1513 1965 1686 2003 alteram

223 2016 446 2069 transiret3
476 2019 641 2072 alioqui
663 2018 931 2058 scribendum
957 2017 1109 2057 fuisset
1125 2023 1206 2060 ποῦ
1227 2031 1293 2059 σε’
1326 2016 1441 2071 quod
1462 2018 1688 2073 significa-

224 2071 316 2117 tio,
350 2086 473 2124 quam
496 2080 578 2116 ποῦ
599 2075 671 2114 hic
693 2074 844 2123 habet,
878 2075 953 2114 vix
976 2073 1152 2127 patitur.
1184 2074 1349 2115 Rm'rz.
1410 2073 1608 2115 Schmied.
1630 2090 1685 2116 ex

224 2126 402 2167 arbitrio
434 2129 570 2169 edidit
593 2130 671 2173 πού
697 2146 750 2172 σε.
782 2131 940 2169 Lmsm.
995 2131 1140 2180 Niajor
1166 2131 1231 2169 vis
1256 2130 1383 2169 estin
1404 2129 1484 2170 hac
1510 2146 1688 2185 compa-

222 2183 409 2234 ratione,
444 2200 570 2239 quum
601 2189 838 2239 exemplum
859 2200 1005 2226 verum
1030 2186 1193 2236 affin-at,
1228 2201 1353 2240 quam
1382 2186 1418 2224 si
1445 2187 1548 2240 quid
1569 2191 1688 2240 ejus-

223 2239 338 2278 modi
360 2243 642 2296 excogitasset
670 2244 772 2295 ipse.
801 2264 858 2275 -—-
887 2243 1047 2281 Similis
1068 2242 1232 2294 pictura
1260 2242 1469 2293 reperitur
1490 2243 1532 2281 in
1558 2259 1686 2297 opere

224 2296 474 2347 splendido:
506 2299 684 2339 Recueil
712 2299 969 2351 d³estam12es
994 2297 1166 2350 ‹Papi-es
1196 2302 1255 2337 les
1291 2301 1386 2350 plus
1410 2298 1592 2339 celebres
1622 2309 1683 2338 ta·

224 2350 378 2391 bleaux
403 2354 453 2393 de
476 2357 515 2393 la
532 2356 878 2406 GalerieRoy‘ale
902 2354 952 2394 de
967 2353 1143 2395 Dresde.
1175 2354 1368 2394 Dresdae
1391 2357 1514 2399 1753.
1537 2356 1683 2398 VoLI,

223 2421 266 2447 n.
290 2413 357 2451 40.
419 2411 514 2449 Alia
543 2421 606 2451 est
634 2411 898 2453 YVoerlitzii.
958 2410 1058 2451 Vid.
1086 2412 1195 2463 Aug.
1226 2410 1342 2450 Rode
1361 2411 1685 2466 Beschreibung

226 2461 296 2502 des
318 2467 474 2507 Fiirstl.
499 2467 1026 2507 Anhalt-Dessauischen
1039 2467 1319 2506 Landhauses
1342 2466 1429 2505 und
1455 2467 1683 2522 engLGar-

226 2528 319 2558 tens
345 2538 397 2560 zu
419 2524 631 2564 VVoerlitz
653 2539 694 2577 p.
717 2528 784 2566 49.
829 2525 948 2562 RUD·

338 2578 441 2620 Ibisl.
475 2581 786 2635 Γεγραμμένου)
818 2579 1024 2619 Meminit
1053 2579 1180 2630 hujus
1208 2581 1406 2618 Terentius
1425 2580 1534 2617 Eun.
1560 2579 1618 2628 V,
1642 2586 1683 2624 8.

224 2631 388 2673 Plautus
411 2634 536 2674 etiam
557 2637 602 2674 in
624 2637 743 2678 Trin.
766 2636 894 2674 initio
919 2636 1027 2689 ipso,
1047 2646 1089 2675 et
1107 2636 1213 2675 Pers.
1234 2640 1291 2679 5.μ
1312 2634 1417 2674 Vide
1436 2635 1558 2675 etiam
1579 2636 1684 2678 Plui-

230 2692 362 2739 2406,
383 2694 419 2733 2.
445 2705 530 2746 quo
554 2693 598 2731 in
620 2696 717 2733 loco
740 2695 917 2746 ῥαπίζειν
942 2691 1181 2746 legendum.
1219 2693 1386 2732 Sonam.
