1834 3188
305 198 548 240 QUOMODO
585 196 827 230 msTomA
863 196 940 227 sn*
975 196 1174 229 cONscn.
1338 182 1436 230 169

51 317 161 342 πανυ
179 303 381 354 καρτερῶς
398 298 760 353 κεκεραμευμένον·
801 291 934 349 δεήσει
954 293 1029 351 γαρ
1051 292 1191 337 αὐτίκα
1213 292 1317 348 μάλα
1336 291 1488 349 πρόςΡ
1500 298 1537 334 6.

53 367 197 422 μικρόν
226 385 261 409 τι
288 370 465 409 λιθίδιον
493 368 840 420 προςπταίσαντα,
880 365 1076 419 συλλέγειν
1105 361 1152 405 τοὶ
1174 363 1364 417 ὄστρακα.
1402 365 1441 404 τί

54 437 130 477 οὐν
151 437 362 490 ε’γνωσταί
358 453 450 483 μοι,
483 437 547 476 καὶ
574 440 659 483 πῶς
678 436 723 485 0)
756 430 947 484 ἀσφαλῶς
975 432 1126 486 μεθέξω
1146 436 1218 474 τοῦ
1236 432 1435 485 πολέμου,

52 502 173 553 αὐτὸς
196 506 267 554 ἔξω
288 506 427 559 βέλους
446 503 584 552 ἑστώς,
618 501 691 556 ἐγώ
716 517 780 543 σοι
798 499 968 555 φράσω·

1465 570 1508 601 H
1506 581 1608 603 omer,

1456 615 1611 658 OQXH,

1480 672 1558 706 219.

271 597 328 604 -—
356 596 413 603 --
449 570 604 613 Τούτου
629 566 674 625 d)
706 571 777 623 μὲν
795 574 977 620 καπνοῦ,
1007 570 1073 612 καὶ
1091 566 1287 622 κύματος,

51 643 120 684 καὶ
159 645 413 696 φροντίδων,
469 638 558 682 ὅσαι
596 643 650 696 τῷ
678 635 991 693 συγγράφεινθ)
1033 639 1204 687 ἔνεισιν,
1250 635 1376 686 ἀνέξω
1396 631 1442 686 f)

51 709 247 764 ἐμαυτὸν,
281 704 326 752 εὖ
345 714 483 751 ποιῶν.
515 710 752 762 παραίνεσιν
774 709 814 749 δέ
829 725 917 748 τινα
938 705 1106 760 μικρὰν,
1138 707 1205 748 καὶ
1226 703 1447 758 ὑποθήκας

50 777 197 828 ταύτας
229 777 363 833 ὀλίγας
398 775 667 829 ὑποθήσομαι
694 782 776 824 τοῖς
805 774 1131 831 συγγράφουσιν,
1169 771 1222 823 ὥς
1242 770 1448 826 κοινωνή-

52 860 163 899 σαιμι
184 841 319 894 αὐτοῖς
339 851 409 898 τῆς
438 848 695 898 οἰκοδομίας,
726 847 761 887 εἰ
780 846 847 886 καὶ
869 841 922 897 μὴ
942 849 1013 896 τῆς
1047 844 1297 896 ἐπιγραφῆς,
1332 841 1443 898 ἄκρῳ

50 932 95 969 γε
115 919 169 971 τῷ
191 912 365 968 δακτύλῳ
389 918 464 955 τοῦ
485 919 618 966 πηλοῦ
642 911 973 966 προςαψοὲμενος.
1037 913 1182 953 Καίτοι
1215 907 1310 952 οὐδὲ
1333 928 1446 964 παρ-
1471 911 1497 954 5

51 983 239 1030 αινέσεως
269 984 310 1023 οἱ
338 982 476 1023 πολλοὶ
509 985 590 1023 δεῖν
620 985 774 1024 οἴονται
794 984 834 1029 g)
869 976 1070 1034 ooelowh)
1105 980 1168 1022 ε’πὶ
1191 978 1234 1021 τὸ
1257 985 1444 1034 πρᾶγμα,

54 1045 102 1092 οὔ
125 1055 276 1103 μᾶλλον
297 1046 325 1102 ἢ
341 1051 478 1103 τέχνης
494 1048 603 1099 τινὸς
624 1051 687 1092 ἐπὶ
706 1048 749 1092 τὸ
769 1052 957 1104 βαδίζειν,
977 1046 1005 1101 ἢ
1026 1049 1199 1102 βλέπειν,
1226 1045 1253 1101 ἢ
1278 1050 1445 1100 ἐσθίειν,

51 1117 149 1160 ἄλλα
170 1116 278 1160 πάνυ
301 1120 472 1175 ῥᾷστον,
503 1120 568 1160 καὶ
589 1116 818 1173 πρόχειρον,
852 1119 920 1160 καὶ
939 1115 1118 1165 ἅπαντος
1141 1115 1245 1158 εἶναι
1267 1119 1450 1170 ἱστορίαν

57 1184 307 1242 συγγράψαι,
340 1184 390 1239 ἥν
421 1204 480 1236 τις
510 1189 754 1241 ἑρμηνεῦσαι
779 1187 823 1228 τὸ
843 1184 1013 1229 ἐπελθὸν
1038 1184 1223 1238 δύνηται·
1256 1182 1299 1226 τὰ
1327 1182 1446 1240 δὲί),

101 1290 145 1333 c)
171 1288 289 1332 πως]
318 1290 404 1331 „Ita
422 1291 461 1322 P.
480 1290 521 1322 L.
543 1294 578 1322 et
595 1300 714 1334 marg.
738 1290 779 1321 A.
804 1300 833 1321 ι.
853 1290 914 1322 W.
939 1284 1040 1328 ὅπως
1057 1286 1153 1320 Edd.
1158 1288 1181 1306 “
1209 1286 1271 1320 Sic
1291 1292 1327 1320 et
1347 1288 1449 1332 2956.

148 1336 195 1378 d)
231 1332 438 1378 τούτου]
476 1336 565 1375 „Sic
596 1336 653 1367 W,
688 1336 826 1369 τουτοῦ
857 1336 911 1368 Μ.
943 1336 1012 1369 τοῦ
1046 1334 1168 1367 Edd.⁴‘
1223 1334 1305 1367 Του
1335 1335 1450 1367 etiam

146 1382 248 1425 2956.
283 1388 419 1415 temeie
442 1381 674 1414 adsentiente
698 1382 831 1414 Uelino.
882 1383 968 1425 Ipsa
987 1380 1086 1414 enim
1104 1382 1250 1412 Ilomerz
1269 1380 1376 1412 veiha
1397 1381 1450 1412 ci-

146 1433 224 1460 tan:
231 1439 275 1461 ur
297 1439 316 1459 a
337 1430 435 1459 Iuc‘n
439 1441 506 1469 mo,
521 1427 670 1467 majoris
691 1427 844 1460 ludibrii
865 1439 1004 1460 caussa.
1056 1429 1099 1468 e)
1128 1422 1446 1468 συγγραφειν]

147 1477 381 1518 ,,συγγραφεῖ
398 1474 455 1506 W.
478 1454 514 1506 e’t
532 1474 603 1505 Ms.
627 1474 692 1506 Gr.
727 1473 925 1518 Vulgatam
947 1478 1101 1506 tuentur
1121 1472 1213 1504 Edd.
1221 1474 1243 1489 “
1293 1472 1391 1505 Illud
1413 1478 1450 1504 et:

147 1521 264 1553 C.odd
299 1520 397 1565 2956.
429 1525 464 1551 et
491 1531 592 1563 3011.
612 1518 804 1555 exhibent
833 1519 974 1563 recepit
1002 1518 1111 1551 etiam
1134 1517 1311 1560 Rudolplz
1366 1518 1447 1551 Vid.

146 1566 283 1599 Adnot.
356 1567 394 1607 f)
423 1563 594 1609 ἀνέξω]
626 1561 749 1607 οἷνάξω
772 1565 871 1608 2956.
894 1577 995 1607 3011.
1028 1563 1127 1609 quod
1152 1563 1294 1595 mireiis
1324 1565 1451 1596 Βείιηο

149 1612 314 1645 arridere
334 1620 393 1657 po·
389 1612 509 1645 uisse.
560 1616 605 1655 g)
632 1624 836 1655 παραινε
852 1623 966 1650 σεως
992 1623 1033 1644 οι
1058 1609 1234 1644 πολλοὶ
1259 1610 1362 1644 δεῖν
1390 1611 1454 1644 οἴ-

148 1662 314 1699 ονται]
343 1657 591 1701 ,,παραινε’σαι
609 1657 642 1691 οἱ
663 1658 792 1692 πολλοὶ
814 1659 930 1693 δεινοὶ
952 1655 1055 1695 ὄντες
1078 1658 1133 1690 NV.
1139 1657 1162 1674 “
1189 1656 1457 1700 παραινέσαιμι

152 1705 188 1739 οὶ
209 1704 336 1739 πολλοὶ
357 1705 471 1739 δεινοὶ
494 1703 595 1744 ὄντες
624 1705 716 1747 φασὶ
734 1715 832 1748 5011
856 1704 1092 1737 vitiosissime
1115 1710 1328 1746 utrumque.
1403 1704 1452 1741 h)

151 1751 347 1785 οἴονται
374 1753 567 1796 σφίσιν]
597 1748 747 1793 ,,οἷο’ντε
778 1751 893 1794 φασὶν
929 1750 1012 1783 coll.
1046 1750 1167 1783 οἱοντε
1199 1749 1326 1791 σφίσιν
1356 1749 1456 1783 male

148 1797 197 1832 H.
225 1799 378 1831 Ceterae
404 1805 443 1831 ut
462 1797 656 1832 edidimus.
705 1797 739 1840 i)
766 1795 817 1832 τό
845 1795 916 1841 δε]
950 1796 1123 1830 absunta
1145 1795 1246 1841 2956.

62 1889 205 1929 valide
228 1889 456 1929 admodum
482 1906 502 1930 a
526 1891 658 1945 figulo
686 1905 727 1930 e-

60 1947 324 1988 laboratum:
359 1962 486 2002 cogar
518 1951 655 1997 enim,
690 1948 728 1985 si

63 2005 130 2042 vel
152 2003 201 2040 ad
225 2018 400 2057 parvum
433 2006 625 2057 lapillum
659 2005 729 2043 of-

64 2059 257 2109 fendam,
320 2070 448 2099 testas
510 2062 726 2114 colligere.

67 2115 181 2168 Quid
213 2116 344 2169 igitur
378 2116 590 2156 decretum
624 2117 730 2155 mihi

65 2173 146 2217 sit,
207 2182 246 2210 et
284 2175 500 2224 quomodo
534 2184 650 2211 tutus
687 2175 731 2210 in

68 2238 227 2281 partem
259 2228 360 2267 belli
399 2239 600 2268 venturus
630 2230 731 2277 sim,

70 2294 187 2322 extra
216 2285 289 2321 teli
324 2287 478 2334 jactum
514 2286 604 2337 ipse
634 2300 734 2324 con-

67 2340 265 2391 stitutus,
300 2341 380 2377 tibi
400 2341 619 2381 enarrabo.
652 2341 740 2379 Ni,

72 2398 226 2434 mirum
257 2412 277 2435 a
311 2398 456 2446 fumo,
513 2407 554 2435 et
589 2395 736 2445 fluctu,

71 2463 113 2492 et
132 2454 259 2503 curis,
294 2468 400 2506 quae
420 2453 644 2492 scribendo
668 2451 738 2489 ad-

72 2512 243 2562 junctae
262 2520 376 2558 sunt,
412 2510 634 2547 abstinebo
657 2523 736 2556 me,

75 2568 259 2616 sapienti
284 2567 480 2604 consmo
534 2565 741 2603 Admoni-

79 2621 237 2659 tionem
259 2632 396 2660 autem
421 2637 590 2675 parvam
610 2635 741 2674 quan-

78 2674 197 2726 dam,
236 2688 279 2717 et
312 2693 447 2730 pauca
480 2679 583 2717 haec
614 2692 744 2729 prae-

81 2742 205 2785 cepta
253 2733 476 2787 subjiciam
519 2734 746 2775 scribenti-

788 1891 890 1938 bus,
932 1899 981 1928 ut
1009 1889 1052 1927 in
1089 1887 1344 1928 aedificandi
1379 1888 1458 1926 ali-

789 1962 912 2000 quam
936 1956 1094 2010 partem
1131 1945 1323 1992 veniam,
1356 1945 1458 1983 licet

789 2001 833 2042 in
878 2003 1160 2053 inseiiptione
1211 2004 1326 2038 nulla
1374 1999 1459 2039 mei

790 2060 951 2099 mentio
988 2060 1131 2096 futura
1163 2057 1239 2106 sit,
1283 2058 1356 2109 qui
1385 2071 1458 2095 ex-

791 2127 923 2156 tremo
959 2124 1121 2154 tanturn
1149 2090 1288 2167 digito
1321 2117 1460 2151 lutum

792 2172 1020 2227 attigerim.
1083 2170 1350 2223 Quamquam
1389 2183 1461 2206 ne·

795 2245 876 2283 que
928 2228 1224 2266 admonitione
1269 2225 1462 2278 plerique

796 2299 905 2338 opus
948 2284 1031 2323 sibi
1074 2298 1162 2323 esse
1204 2291 1357 2335 putint
1410 2278 1462 2318 ad

798 2342 881 2380 hoc
912 2339 1157 2393 negotium,
1210 2353 1296 2376 non
1331 2336 1463 2389 magis

800 2411 923 2449 quam
946 2406 1031 2435 aite
1053 2394 1231 2448 quadam
1265 2393 1314 2430 ad
1352 2393 1466 2431 ince-

799 2452 1009 2500 dendum,
1072 2460 1145 2488 aut
1208 2448 1464 2500 videndum,

801 2519 872 2547 aut
905 2484 1138 2547 edeiidum:
1189 2505 1258 2544 sed
1305 2505 1468 2544 facilli-

800 2580 912 2603 mum
940 2563 1142 2608 omnino,
1176 2572 1215 2601 et
1237 2572 1464 2614 promtum,

801 2631 843 2660 et
865 2620 1204 2672 uniuscujusque
1224 2633 1336 2668 csse,
1367 2619 1469 2657 scri-

801 2677 899 2716 bere
927 2675 1178 2725 historiam,
1212 2674 1339 2714 modo
1373 2674 1470 2728 quis

803 2731 980 2786 eloqui,
1044 2745 1154 2786 quae
1198 2731 1244 2771 in
1286 2741 1472 2772 mentem
