1834 3188
234 180 333 229 648
593 190 1356 225 ADNo'rA’rroNEs

236 299 297 328 tat
323 288 604 329 Bourclelotius
637 307 692 338 ως
722 287 905 336 ἑκάστοις
934 285 1084 339 ἐδόκει,
1127 267 1369 341 quomodo,
1402 290 1440 328 si
1463 290 1622 346 legitur
1656 290 1702 331 in

235 345 395 398 scripto
417 345 553 394 libro,
585 345 629 385 id
652 348 814 386 factum
835 343 1085 385 crediderim
1104 344 1154 383 ab
1173 344 1348 385 homine
1367 361 1455 386 non
1476 361 1706 401 assequen-

236 412 280 441 te
304 417 471 441 sensum
507 406 705 457 vulgatae
730 400 945 443 lectionis.
1004 400 1241 443 Benedictus
1261 402 1504 454 obscurior,
1535 403 1706 444 medium

237 458 452 499 auxiliarii
460 462 604 523 utique
621 458 780 513 singuli
815 457 942 511 Quod
964 457 1067 512 quid
1087 458 1170 496 sibi
1192 459 1319 500 vult‘2
1352 461 1408 498 At
1431 459 1591 501 Graeca
1614 464 1707 499 vul-

239 525 336 569 gata
366 516 599 554 rectissima
630 525 757 564 sunt,
790 523 1027 568 nutantque
1058 515 1244 567 propriis
1276 516 1422 557 cuneis
1445 517 1706 569 compositas

236 573 428 626 singulas
450 573 707 617 auxiliorum
733 581 885 624 partes,
918 581 967 609 ut
986 571 1180 624 loquitur
1204 573 1453 612 TacitusIV.
1476 576 1614 611 annal.
1640 578 1705 616 16.

238 642 324 665 non
348 627 555 680 dispersas
577 639 617 667 et
635 643 728 667 cum
754 627 849 670 aliis
868 628 1112 683 permixtaS.
1143 628 1192 667 In
1204 629 1386 671 Arriano
1407 628 1513 670 alibi
1533 629 1578 671 id
1601 643 1710 686 quo,

236 697 319 738 que
347 695 607 736 corruptum.
652 686 797 726 Grion.

350 738 455 781 Ῑόἰᾶ.
495 738 576 790 Ως
609 743 797 788 ἕκαστοι)
850 740 1021 796 Anglic
1052 738 1106 791 ὦς
1135 738 1319 793 ἑκάστοις
1346 739 1488 785 ἐδόκει.
1528 742 1709 785 Bounn.

235 795 334 843 Vid
353 798 424 835 De
443 797 598 840 Astrol.
623 813 656 840 c.
678 804 716 842 7·
749 799 815 841 καὶ
838 802 881 841 οἵ
899 795 1064 841 ἅλλοιτ’
1088 798 1209 847 ἄλλα,
1244 817 1297 848 ως
1315 799 1493 848 εκαστοι,
1527 795 1711 842 ἷλασκον·

233 871 322 903 ται,
351 865 469 909 prout
490 858 628 911 cuique
647 855 798 895 libitum
817 867 891 906 est,
923 859 989 894 vel
1011 856 1161 912 utfors
1181 855 1283 895 tulit.
1344 856 1596 912 Thucydides
1618 869 1712 909 pas-

236 911 315 949 sim
342 921 533 979 usurpat.
584 911 688 953 Plut
717 918 839 957 1033
863 913 894 950 f·
921 930 974 960 ως
994 913 1156 960 ἕκαστος
1178 914 1298 966 ἔτυχε.
1348 913 1400 951 In
1422 915 1473 953 A.
1500 922 1639 951 tamen
1663 913 1711 954 P.

236 977 280 1006 et
302 967 355 1005 L.
381 964 435 1015 ὦς
458 966 639 1017 ἑκάστοις
658 967 799 1011 ἐδόκει.
859 969 938 1008 Sed
961 973 1165 1023 glossema
1187 979 1261 1008 est.
1292 970 1459 1010 SOLAN.
1516 966 1630 1017 529‘
1617 969 1711 1010 ε’κα-

237 1037 345 1074 etot,
378 1027 517 1089 suppl.
552 1024 682 1079 εἶχον,
719 1027 824 1065 vel’
813 1026 972 1078 ἔτυχον,
1003 1036 1052 1064 ut
1084 1029 1208 1078 plene
1231 1027 1391 1080 legitur
1417 1026 1596 1081 Thucy.d
1621 1026 1708 1075 IV,

236 1083 305 1123 25.
369 1080 437 1119 Cf.
459 1081 656 1134 inprimis
674 1085 819 1131 loom,
856 1097 978 1134 quem
1001 1082 1173 1121 Salanus
1190 1082 1317 1129 citat,
1351 1082 1402 1122 de
1424 1085 1587 1125 Astrol
1610 1096 1646 1122 e.
1670 1056 1711 1124 7:

237 1136 391 1191 Quae
380 1136 515 1190 igitur
531 1138 578 1178 in
592 1137 725 1180 Codd
739 1114 969 1186 adduntur,
986 1138 1192 1178 debentur
1205 1138 1515 1178 Grammaticis.
1546 1139 1706 1178 Lssnm.

350 1193 454 1235 Eacl.
479 1197 508 1235 l.
536 1197 601 1239 15.
647 1193 959 1248 Ἑξακιςχιλίας)
1001 1194 1258 1247 Corruptum
1289 1209 1378 1234 esse
1410 1194 1526 1234 hunc
1557 1208 1713 1233 nume-

237 1265 328 1288 rum
350 1251 576 1301 existimo,
609 1261 649 1291 et
672 1253 804 1291 fuisse
828 1261 992 1290 tantum
1015 1261 1088 1290 aut
1108 1254 1150 1300 ἐξ
1168 1268 1207 1303 μ.
1233 1261 1306 1289 aut
1325 1250 1375 1289 ad
1397 1266 1605 1290 summum
1624 1247 1712 1302 ἑξή-

236 1324 380 1357 κοντα,
412 1317 459 1345 ut
478 1307 748 1361 aliquatenus
775 1308 1064 1360 respondeant
1099 1307 1309 1362 equitatui
1333 1307 1510 1360 pedites.
1544 1308 1713 1350 SOLAN.

237 1366 383 1403 Talem
407 1365 548 1404 limam
566 1395 575 1412 ‚
611 1365 766 1416 opinor
782 1394 792 1413 ,
827 1364 1158 1417 deprecabitur
1148 1378 1238 1416 ipse
1256 1365 1474 1405 Lucianus.
1506 1365 1666 1407 Lnum.

353 1421 454 1472 Pag‚
476 1425 572 1464 244.
592 1424 620 1461 l.
640 1426 680 1465 4.
715 1423 795 1463 Καὶ
816 1424 953 1463 πεδίον
976 1417 1010 1463 δ’
1034 1423 1244 1469 ἐποίησαν)
1273 1423 1507 1460 Deleverat
1524 1421 1711 1473 particu-

236 1480 317 1516 lam
340 1478 379 1518 δὲ
401 1477 594 1527 solanus,
628 1478 995 1531 adscripseratque
1017 1477 1097 1516 Ed.
1120 1477 1181 1516 Fl.
1215 1478 1424 1516 omittere.
1485 1478 1528 1516 Si
1549 1478 1713 1516 Exem-'s

237 1537 329 1587 plar
350 1535 673 1585 Florentinum,
709 1537 777 1574 vel
800 1536 1011 1586 Excerpta
1036 1549 1087 1573 ex
1108 1535 1185 1572 illo
1211 1534 1436 1587 intelligit,
1469 1532 1613 1586 (quod
1637 1543 1712 1571 ta-

238 1605 330 1630 men
364 1589 464 1629 alibi
489 1589 571 1632 Ex.
604 1594 670 1629 vel
700 1591 805 1632 Eme.
840 1593 949 1629 solet
978 1590 1188 1638 scribere)
1223 1591 1385 1642 poterit
1413 1604 1559 1628 verum
1595 1603 1708 1638 esse,

238 1647 489 1699 particulam
512 1646 571 1684 ibi
602 1646 767 1699 abesse3
800 1661 877 1685 nec
900 1661 979 1697 ego
1003 1645 1195 1684 adderem
1212 1675 1222 1693 ‚
1257 1645 1292 1683 si
1319 1645 1363 1682 in
1389 1644 1508 1686 Edit.
1531 1644 1712 1698 quadam

237 1712 379 1741 vetere
402 1702 592 1750 abesset;
626 1713 668 1741 at
692 1703 736 1740 in
763 1702 882 1745 Edit.
906 1702 1015 1745 Flor.
1046 1711 1157 1742 certe
1182 1701 1320 1751 adest,
1356 1715 1486 1755 aeque
1510 1715 1556 1739 ac
1577 1702 1622 1739 in
1645 1716 1714 1741 re..

236 1759 395 1810 liquis,
430 1759 622 1811 quamvis
645 1762 914 1811 pleonasmus
937 1759 1017 1808 sit,
1051 1757 1295 1809 euphoniae
1317 1759 1463 1795 forsan
1485 1758 1619 1810 gratia
1641 1758 1714 1795 in·-

238 1815 442 1866 terposita
470 1815 705 1866 partic'ula3
748 1815 832 1856 nisi
856 1815 951 1868 quis
977 1817 1045 1856 καὶ
1063 1813 1111 1865 δὴ
1136 1814 1278 1864 malit,
1310 1822 1358 1852 ut
1380 1814 1461 1862 sit,
1486 1817 1571 1867 jam
1587 1830 1709 1864 mooe,

236 1874 394 1921 statim3
427 1870 542 1924 quod
569 1870 619 1910 ad
654 1886 821 1911 sensum
847 1870 1016 1925 quidem
1050 1870 1226 1923 melius,
1259 1870 1308 1908 ad
1340 1869 1599 1922 euphoniam
1633 1886 1714 1909 au-

239 1937 322 1966 tern
348 1930 482 1980 pejus,
543 1927 722 1966 Interim
745 1928 779 1966 si
799 1929 893 1982 quis
916 1926 1023 1967 alius
1044 1927 1192 1966 Codex
1216 1927 1422 1978 praeiret,
1456 1927 1627 1965 facilem
1648 1941 1730 1966 mex

239 1984 284 2021 in
310 1983 597 2048 expungendo
623 1985 663 2025 δὲ
685 1984 940 2037 praeberem
975 1984 1271 2025 l’x131iz.De
1289 1982 1507 2034 euphonia
1530 1982 1601 2021 hic
1621 1997 1712 2021 non

237 2041 482 2093 quaeritur,
514 2040 586 2079 sed
611 2040 661 2080 de
684 2055 818 2080 nexus
843 2051 884 2079 et
907 2050 1143 2079 structurae
1168 2040 1335 2078 ratione
1355 2038 1561 2092 legitima.
1594 2039 1713 2079 Hinc

239 2097 276 2134 si
298 2096 504 2161 judices,
556 2106 712 2138 temere
751 2098 937 2137 tentavit
975 2096 1224 2163 particulam
1263 2094 1449 2134 Solanus.
1511 2095 1712 2134 Protasin

239 2153 351 2192 enim
375 2152 613 2191 conficiunt
634 2153 742 2192 duae
763 2154 1114 2193 enuntiationes:
1148 2169 1202 2200 ως
1222 2151 1263 2193 δὲ
1280 2166 1441 2204 ταχιστα
1470 2175 1528 2181 —
1556 2176 1614 2182 —-
1644 2153 1713 2194 καὶ

236 2212 381 2250 πεδίον
409 2208 451 2250 δὲ
479 2233 547 2252 --
578 2210 670 2253 Jam
703 2209 898 2262 sequitur
928 2209 1153 2262 apodosis·
1195 2209 1257 2249 ἐπὶ
1282 2206 1428 2250 τούτου
1457 2231 1514 2239 ·-
1542 2232 1600 2239 —-
1631 2210 1714 2250 Καὶ

238 2265 279 2306 δὲ
309 2275 447 2308 autem
477 2265 700 2318 interjecta
732 2266 815 2303 alia
849 2279 951 2304 voce
985 2280 1108 2304 nemo
1142 2266 1313 2316 ignorat
1337 2279 1449 2315 esse,
1481 2275 1516 2303 et
1533 2281 1644 2315 vero,
1677 2276 1713 2304 ct

235 2338 324 2362 vcro
357 2324 499 2372 etiam,
533 2336 563 2360 s.
588 2333 705 2378 atque
723 2321 833 2362 adeo.
893 2320 993 2361 Non
1018 2324 1122 2360 male
1154 2321 1362 2361 Gesnerus:
1393 2332 1427 2360 et
1455 2324 1524 2361 sic.
1555 2323 1712 2360 LmrM.

352 2378 456 2421 Ibid.
503 2381 655 2420 Πεδίον
688 2379 782 2426 ga.)
833 2378 883 2416 In
918 2378 1117 2419 omnibus
1150 2378 1273 2416 libris
1307 2376 1467 2431 legitur
1500 2380 1640 2419 πεδίον
1669 2375 1708 2418 δ’

238 2435 455 2487 ἐποίησαν·
489 2434 561 2474 sed
585 2450 679 2474 cum
702 2449 801 2473 mox
824 2444 1028 2488 sequatur
1050 2436 1114 2476 ἐπὶ
1132 2431 1276 2475 τούτου
1291 2465 1301 2483 ,
1334 2434 1436 2472 satis
1459 2443 1603 2487 patere
1624 2444 1711 2485 pu-

239 2499 284 2528 to
307 2492 515 2532 rationem
541 2490 852 2533 emendationis
878 2501 1060 2531 nostrae.
1096 2493 1261 2531 SOLAN.

353 2547 452 2589 End.
477 2551 504 2586 l.
533 2552 571 2591 4.
606 2543 914 2599 Εὐδιάνακτος)
948 2548 1120 2586 Manem
1148 2545 1454 2597 Εὐδιάνακτος,
1489 2555 1535 2583 ut
1563 2544 1709 2597 POtius

241 2616 261 2639 a
284 2618 418 2642 somno
441 2602 699 2654 deducatur,
732 2619 853 2658 quarn
878 2618 899 2642 a
932 2606 1147 2644 serr-nimie.
1179 2604 1349 2643 SOLAN.
1409 2603 1524 2640 Huic
1549 2603 1710 2641 formae

241 2672 416 2704 vereor,
470 2669 517 2698 ut
549 2661 692 2699 faveat
722 2659 1050 2712 compositionis
1078 2663 1147 2697 lex
1178 2659 1458 2714 grammatica.
1519 2657 1709 2701 Omnino

242 2723 381 2754 autem
404 2714 454 2753 de
476 2716 777 2756 emendatione
800 2731 886 2757 non
912 2728 975 2756 est
1003 2716 1291 2772 cogitandum.
1323 2716 1478 2756 Lnnm,
