1834 3188
464 200 1272 234 1NHERMOT1MUM.
1504 195 1604 241 379

144 297 365 353 δοιπόρουν
384 295 482 352 ἡμῖν
511 299 796 351 παραθέοντες.
855 297 1014 338 Eadem
1038 308 1178 339 tamen
1211 300 1438 352 spurcities
1471 303 1605 342 simili

146 357 192 395 in
221 370 327 395 voce
360 356 546 394 occurrit
573 356 617 393 in
645 353 901 407 Lexiphane
933 369 967 395 c.
990 361 1058 398 22.
1087 370 1148 408 pr.
1172 360 1493 409 προοδοποίηται
1523 374 1601 411 pro

144 415 484 465 προωδοποίηται.
516 410 625 452 Ibid.
649 416 687 460 §.
711 415 777 453 24.
801 411 895 462 pari
919 410 1012 450 labe
1031 415 1264 451 maculatus
1295 423 1357 452 est
1379 414 1450 452 ille
1473 414 1606 454 libel-

145 472 213 507 ]us
245 469 295 506 ab
324 467 594 522 sequioribus
625 466 886 515 editoribus,
945 468 1020 520 qui
1048 482 1125 521 pro
1156 472 1609 523 προπαρεσκευασμένος

147 524 355 563 dederunt
374 524 844 578 προπαρασκευασμένος.
874 522 998 563 Jssxs.
1056 525 1152 564 Bas.
1173 532 1210 569 3.
1238 540 1334 564 vere
1353 526 1527 566 exhibet
1548 531 1607 576 le-

147 582 338 635 gitirnam
381 583 557 619 formam
594 577 889 630 ὡδοιπόρηται,
940 589 981 619 et
1016 581 1168 634 probat
1200 581 1304 620 adeo
1336 583 1438 620 satis
1471 587 1604 632 clare,

146 651 268 690 quam
295 636 409 675 haud
438 651 590 690 parvae
616 637 668 674 iis
698 634 931 674 debeantur
962 637 1144 689 gratiae,
1188 638 1283 692 qui,
1318 638 1428 676 sicut
1453 639 1608 678 Jensius

148 704 315 742 noster,
350 693 506 731 talibus
531 694 682 740 etiam,
718 705 825 744 quae
858 693 1077 731 nonnullis
1099 694 1261 732 altioris
1287 695 1449 733 scilicet
1470 696 1610 749 spiri—

146 758 215 787 tus
235 749 482 788 hominibus
502 748 714 796 videntur,
746 747 941 784 minutiis
962 749 1146 787 animum
1170 751 1281 789 inter
1298 751 1523 803 legendum
1546 761 1608 790 at-

146 805 370 844 tendentes
392 805 537 857 probis
560 802 838 856 scriptoribus
860 805 1075 843 veteribus
1098 806 1318 857 pristinam
1342 821 1455 845 suam
1481 807 1607 859 puri-

146 869 274 899 tatem
294 872 335 901 et
359 861 564 914 integram
585 868 848 899 venustatem
870 861 1095 900 restituere
1117 861 1303 902 student.
1364 864 1434 901 De
1454 863 1603 902 Saltat.

145 931 180 957 c.
202 922 241 959 2.
264 917 306 954 in
334 915 531 970 ὅμιληκώς
551 916 780 954 etiamnum
810 915 967 954 insidet
991 917 1185 955 omnibus
1207 918 1316 957 Edd.
1341 928 1381 957 et
1402 919 1439 957 J.
1466 919 1609 972 Seoge·

144 989 210 1013 rus
240 973 368 1012 etiam
405 976 464 1012 sic
486 972 642 1026 repetit
671 970 871 1012 mendum
890 972 936 1010 in
955 973 1086 1012 Class.
1108 974 1258 1014 Journ.
1280 976 1376 1016 Vol.
1396 975 1490 1014 XV.
1513 989 1608 1030 pag.

142 1032 236 1075 155.
268 1030 425 1072 me,

256 1086 356 1139 Peg.
382 1092 422 1130 7.
447 1090 471 1129 l.
494 1091 533 1130 4.
571 1082 718 1139 ’Λρχήν
755 1109 808 1115 -
844 1082 1070 1141 ““Ησίοδος)
1115 1087 1381 1127 Hesiodeum
1417 1103 1490 1127 cur
1519 1103 1609 1127 non

145 1142 365 1191 videatur,
404 1143 496 1181 dixi
520 1143 570 1181 ad
596 1144 740 1181 Somn.
765 1156 798 1180 c.
821 1147 859 1185 3.
893 1143 1061 1183 SOLAN.
1122 1144 1263 1182 Etiam
1292 1145 1336 1182 in
1363 1159 1490 1199 marg.
1523 1144 1606 1183 Ed.

146 1200 254 1238 Junt.
287 1209 510 1239 notaverat
531 1199 728 1248 Solanus,
760 1199 909 1236 falsam
943 1200 1052 1238 hanc
1082 1214 1169 1240 esse
1201 1200 1466 1241 citationem.
1528 1200 1612 1240 Sed

148 1265 191 1294 et
222 1256 415 1295 Seidelius
444 1257 487 1293 in
521 1257 695 1294 Portula
718 1255 773 1295 L.
799 1255 872 1296 Gr.
897 1269 1018 1294 aurea
1042 1271 1082 1309 p.
1106 1262 1144 1300 8.
1169 1256 1348 1295 Hesiodo
1380 1256 1608 1302 adscribit,

149 1325 240 1350 non
265 1312 455 1351 indicato
478 1321 615 1351 tamen
638 1314 748 1351 loco.
810 1311 996 1350 Erasmus
1014 1313 1057 1350 in
1082 1313 1200 1366 adag.
1228 1316 1464 1366 principium
1486 1313 1614 1351 dimi-

148 1368 255 1406 dium
275 1372 411 1418 solius,
444 1369 669 1407 anz'anum
693 1368 737 1404 in
761 1368 955 1408 Hermot.
980 1367 1025 1406 id
1049 1369 1366 1407 hemistichium
1392 1383 1443 1408 ex
1466 1370 1611 1408 Hesio-

149 1424 200 1461 clo
221 1424 382 1463 adferre
411 1425 493 1474 ait3
524 1423 595 1462 sed
618 1434 658 1462 et
679 1423 889 1464 Aristoteli
908 1435 949 1464 et
968 1424 1129 1464 Platoni
1156 1436 1403 1476 usurpatum
1432 1425 1609 1463 indicat.

148 1479 230 1518 Sed
261 1480 405 1518 forsan
437 1481 663 1520 Lucianum
694 1480 897 1518 fefellerit
923 1480 1007 1519 hoc
1029 1480 1199 1520 Hesiodi
1216 1477 1322 1535 Ἐργ.
1345 1486 1412 1523 40.
1441 1505 1497 1511 —-
1528 1478 1610 1533 ὅσῳ

146 1537 266 1577 πλέον
286 1535 407 1589 ἥμισυ
425 1536 589 1585 παντός.
649 1534 745 1576 Sed.
771 1550 808 1575 v.
835 1545 944 1575 nott.
971 1536 1020 1575 ad
1043 1538 1184 1577 Somn.
1208 1542 1248 1587 9.
1271 1544 1310 1581 3.
1343 1538 1507 1575 Rm‘rz.

259 1603 360 1642 Eud.
379 1608 406 1647 l.
428 1610 467 1648 7.
512 1601 765 1650 Πανῦπολυ)
816 1604 962 1643 Placet
1000 1602 1204 1659 πάμπολυ.
1250 1607 1395 1645 Bnon.
1457 1604 1540 1644 Sed
1568 1614 1613 1645 et

145 1660 230 1699 hoc
250 1663 331 1713 jam
350 1660 509 1699 habent
531 1660 638 1701 Edd.
673 1661 835 1698 RmTz.

262 1716 365 1755 Eocl.
390 1720 418 1757 1.
443 1721 508 1760 14.
545 1713 732 1768 Ὀμήρου
769 1714 892 1765 Ζεὺς)
933 1715 1058 1758 Iliad.
1084 1721 1133 1759 A.
1164 1718 1308 1759 Bnon.
1366 1718 1417 1758 11.
1453 1723 1509 1769 Θ,
1543 1724 1611 1763 18.

149 1773 280 1813 Conf.
305 1787 428 1826 supra
451 1775 585 1813 Deor,
605 1774 724 1811 Dial.
746 1772 865 1811 XXI.
888 1787 951 1824 pr.
983 1774 1148 1812 θοι-ΑΝ.

262 1829 363 1882 Pag.
387 1832 477 1872 8.1.
501 1835 540 1873 5·
560 1826 708 1880 ΗΟσῳ)
740 1829 858 1881 Lege
887 1827 1007 1877 ὅσον,
1040 1829 1190 1867 invitis
1226 1830 1425 1868 omnibus
1453 1830 1611 1869 nostris

145 1885 283 1925 libris.
318 1887 479 1924 somn.
530 1884 665 1927 ’Ὅσον
684 1886 767 1923 Ms.
788 1886 894 1938 Reg.
917 1889 1039 1929 2954.
1071 1887 1168 1925 Bw.

263 1941 365 1983 Eacl.
385 1945 411 1984 1.
437 1947 502 1985 11.
539 1938 840 1993 Παναθήναια)
873 1943 942 1979 De
966 1941 1141 1993 quibus,
1173 1951 1215 1981 et
1237 1942 1331 1981 aliis
1353 1941 1478 1980 sacris
1501 1956 1614 1982 cere-

150 1998 309 2038 moniis
332 1998 428 2037 dico
451 1999 624 2050 copiose
644 1996 719 2040 σὺν
738 1997 956 2055 θεῷᾱειΙὶῦἰ.
988 2000 1166 2037 Bomio.

265 2055 367 2107 Peg.
390 2060 428 2097 9.
452 2058 481 2094 l.
507 2061 547 2098 3.
578 2052 737 2109 Ἀρετῆς
757 2053 952 2106 ἄσκησιν)
987 2056 1084 2093 Hoc
1107 2053 1214 2093 illud
1237 2063 1323 2104 est,
1369 2053 1483 2107 quod
1513 2054 1616 2106 phi-

152 2110 360 2162 Iosophos
381 2125 524 2150 omnes
544 2112 733 2150 exercuit
753 2111 938 2160 tamdiu,
972 2111 1021 2150 de
1046 2126 1129 2163 quo
1151 2114 1272 2150 locus
1295 2111 1401 2149 alius
1427 2110 1615 2160 dicendi,

153 2175 203 2204 ut
228 2177 268 2205 et
289 2165 337 2204 de
359 2167 432 2205 illo
454 2181 539 2220 seq.
565 2165 822 2219 εὐδαιμονίας
840 2172 979 2218 κτῆσιν
1008 2169 1185 2209 Bomio.

265 2221 368 2260 Eacl.
389 2225 416 2260 1.
440 2227 478 2265 8.
513 2220 724 2277 Εὐθεῖαν)
758 2224 853 2260 Etsi
875 2220 978 2265 εὗθὺ
997 2223 1169 2263 defendi
1191 2222 1350 2276 possit,
1379 2221 1531 2260 merito
1554 2230 1616 2259 ta-

153 2293 249 2318 men
274 2278 346 2316 hic
366 2281 856 2331 auscultamus'quatuor
881 2281 987 2320 Mss.
1012 2290 1053 2319 et
1075 2280 1220 2318 stilum
1243 2280 1388 2317 Nostro
1412 2277 1615 2316 usitatum

157 2335 386 2388 sequimur.
434 2334 531 2375 Vid.
557 2335 667 2372 infra
689 2350 721 2372 c.
747 2338 810 2378 15.
870 2337 995 2375 Plura
1019 2338 1209 2388 exempla
1233 2335 1276 2371 in
1302 2333 1445 2371 indice
1468 2333 1615 2372 forsan

155 2391 434 2446 apparebunt.
497 2387 699 2440 Εὐθεῖαν,
729 2397 910 2444 τραχεῖαν
933 2402 1012 2431 etc.
1049 2401 1208 2440 autem,
1243 2390 1400 2429 omisso
1424 2386 1540 2439 ὁδὸν,
1574 2399 1617 2429 et

156 2448 251 2485 aliis
273 2448 473 2500 frequens
497 2461 607 2495 csse,
643 2445 731 2488 vid.
750 2447 832 2486 Bos
862 2447 913 2485 de
936 2448 1084 2500 Ellips.
1108 2461 1149 2500 p.
1174 2452 1269 2490 107.
1327 2445 1428 2485 Nisi
1448 2445 1530 2485 hoc
1550 2445 1618 2483 ni-

154 2503 233 2542 mis
254 2505 438 2557 vulgare.
489 2504 649 2542 Rem-z.

268 2559 370 2598 Eacl.
388 2562 414 2600 1.
439 2565 503 2602 11.
531 2557 683 2611 Ἠμῖν)
715 2559 785 2599 Sic
807 2559 964 2611 optime
987 2558 1049 2598 ed.
1069 2559 1105 2597 J.
1138 2559 1348 2611 Reliquae
1366 2557 1473 2611 ὑμῖν,
1501 2555 1617 2612 quod

158 2615 247 2654 scio
272 2615 481 2654 neminem
506 2618 796 2667 probaturum,
823 2615 894 2667 qui
922 2615 1143 2654 Lucianum
1168 2624 1329 2653 attente
1346 2615 1506 2668 legerit.
1538 2615 1618 2653 So..

163 2686 265 2710 LAN.
319 2668 461 2725 ’Τμῖν)
495 2672 782 2725 Quantumvis
804 2670 1045 2709 blandiatur
1068 2671 1253 2710 Juntinae
1273 2671 1403 2710 lectio
1426 2668 1524 2722 ἡμῖν
1548 2685 1620 2708 ex-

161 2727 459 2778 }1ibentis‚non
484 2738 622 2768 tamen
645 2743 733 2767 eam
748 2728 934 2780 recipere
957 2728 1118 2768 ausim:
1151 2728 1255 2781 quin
1278 2728 1478 2780 perlectis
1492 2740 1620 2780 prae-
