1834 3188
255 249 356 297 660
606 253 1368 287 ADNOTATloNEs

255 376 311 400 ex
330 357 443 398 nobis
459 356 748 397 sciscitaturum
769 369 846 393 csse
860 353 984 407 prius,
1016 367 1134 407 quam
1152 351 1366 406 hospitalia
1382 369 1467 404 sua,
1489 369 1588 408 quac·
1605 353 1722 393 habe„

258 419 348 466 bat,
380 414 492 455 nobis
512 413 768 466 impertiissec.
825 411 886 449 Et
907 408 991 448 hoc
1014 411 1123 448 velle
1144 409 1389 459 Lucianum,
1418 410 1556 464 liquet
1579 411 1720 462 exiis,

259 487 371 528 quae
390 479 646 524 sequuntur:
678 465 812 520 ἐπειδὴ
832 469 982 515 ἱκαναῖς
997 466 1287 520 ἐκορέσθημεν,
1320 467 1571 508 ἐπυνθάνετο
1591 465 1617 508 (ἲ
1635 467 1722 508 ε’πε-

257 529 489 580 πόνθειμεν,
548 526 606 563 Et
628 525 836 564 iuferius:
867 521 890 566 ἆ
909 521 950 565 δὲ
978 520 1326 578 ὑπερθαυμάσας,
1356 524 1424 565 καὶ
1447 521 1566 573 αὐτὸς
1587 525 1628 566 ἐν
1649 525 1722 578 με’-

259 604 322 644 ρει
342 585 388 627 τὰ
407 577 508 625 καθ’
526 581 670 623 ἑαυτὸν
687 577 843 636 διεξῄει.
873 580 929 620 L.
951 579 1058 619 Bos.

373 642 468 694 Ραὲ,
491 641 634 682 264.1.
659 644 699 681 3.
728 635 1156 691 Ἀπηνέχθημεν]
1188 636 1303 676 Olim
1334 637 1555 692 legebatur
1584 635 1726 691 ἀπήχ-

259 707 418 754 θηιιεν,
451 705 493 735 et
511 695 625 733 nihil
653 694 815 733 variare
845 692 1071 732 Editiones
1094 694 1264 732 notavit
1285 694 1470 735 solanus.
1529 695 1586 733 At
1610 695 1727 734 vari-

260 740 337 797 ani:
360 752 495 793 Codd.
525 751 737 790 recentius
771 750 940 800 collati,
989 760 1032 789 et
1058 754 1184 793 2954.
1216 750 1387 803 quidem
1419 747 1726 805 ἆπηνείχθημεν

262 812 462 861 exhibet,
497 807 613 862 quod
642 806 785 847 Belino
814 806 1040 861 probatum
1061 807 1222 860 recepit
1242 807 1375 847 Schm.
1436 808 1518 848 Sed
1539 813 1662 853 3011.
1683 817 1727 847 et

265 871 383 909 Gorl.
414 864 809 906 convenientiorem
834 863 1011 903 Luciani
1040 866 1152 916 stylo
1190 865 1368 902 formam
1396 865 1600 916 praebent
1626 861 1729 917 ἐπη-

261 928 481 980 νὲχθημεν,
516 935 640 974 quam
661 934 740 974 ego
762 919 1083 973 praeferendam
1105 920 1225 960 duxi.
1286 920 1462 960 Scilicet
1480 922 1658 960 omnino
1679 922 1729 959 il-

262 987 345 1023 lam
369 994 458 1019 esse
478 978 609 1031 magis
632 976 849 1027 Ionicam,
880 975 991 1015 hanc
1012 975 1221 1026 Atticam,
1254 978 1433 1016 formam
1458 987 1548 1016 tum
1571 977 1732 1030 Grego-·

264 1043 346 1079 rius
369 1037 455 1077 Cor.
479 1033 648 1072 monuit
665 1046 743 1071 suo
764 1035 886 1082 loco,
920 1043 1010 1071 turn
1037 1042 1154 1085 patet
1184 1048 1237 1072 ex
1261 1036 1552 1084 exemplorum
1577 1035 1700 1087 copia
1717 1066 1729 1083 ,

266 1109 374 1149 quae
392 1091 598 1131 Fischcrus
620 1088 838 1143 congessit
865 1089 911 1126 in
933 1089 1189 1129 Animadvv.
1219 1089 1270 1127 ad
1310 1089 1464 1129 Weller.
1493 1092 1614 1132 Tom.
1644 1091 1730 1131 III.

266 1166 304 1191 a,
323 1166 363 1204 p,
391 1153 487 1192 190.
507 1160 588 1198 sq„
612 1160 793 1199 quorum
817 1154 956 1185 tamen
982 1148 1146 1184 nullum
1171 1145 1391 1185 eLuciano
1412 1155 1561 1185 nostro
1584 1156 1648 1186 est
1667 1161 1733 1186 re-

264 1207 464 1263 petitum.
525 1202 611 1241 Hic
641 1211 780 1240 autem
801 1202 985 1254 scriptor
1007 1212 1057 1240 ut
1086 1202 1131 1240 in
1159 1201 1272 1240 libro
1294 1204 1364 1241 De
1387 1203 1482 1241 Dea
1505 1203 1597 1255 Syr.
1618 1202 1732 1242 ioni-

264 1279 313 1304 ce
343 1260 589 1312 conscripto
620 1272 734 1296 nunc
763 1257 908 1297 ionica
943 1258 1102 1308 forma,
1145 1273 1180 1298 e.
1204 1273 1244 1312 g.
1268 1261 1507 1312 συνενείχθη
1526 1273 1615 1313 cap.
1636 1264 1703 1303 27.
1719 1292 1732 1311 ,

264 1333 382 1360 nunc
405 1318 534 1357 attica
555 1346 567 1367 ‚
597 1329 630 1354 e.
653 1328 691 1368 g.
714 1319 1004 1367 κατενεχθῆναι
1026 1329 1060 1354 c.
1091 1321 1153 1358 17.
1178 1316 1338 1364 utitur,
1372 1314 1431 1353 ita
1463 1325 1604 1356 tamen
1630 1330 1734 1355 con-

265 1376 518 1416 stantiorem
539 1386 582 1410 se
605 1370 712 1424 gerit
733 1371 951 1410 Atticismi
974 1370 1286 1410 observatorem
1313 1372 1359 1409 in
1392 1371 1515 1411 libris
1546 1371 1599 1411 ad
1621 1373 1736 1412 Atti-

266 1447 358 1473 cam
376 1444 566 1470 normam
589 1427 791 1469 formatis.
853 1427 924 1466 Sic
943 1428 1103 1480 ἐνεχθὲν
1124 1429 1247 1481 Nigr.
1272 1441 1361 1481 cap.
1381 1434 1449 1472 37.
1471 1430 1737 1482 διενεχθέντες.

267 1486 445 1529 Charid.
468 1501 500 1525 c.
523 1490 585 1528 18.
618 1490 904 1537 συνενεχθεῖσα
935 1485 1128 1525 Hermot.
1151 1501 1185 1524 c.
1209 1488 1277 1528 34.
1311 1487 1564 1539 συνηνέχθην
1593 1486 1731 1526 Dian.

266 1548 422 1586 Nlortt.
441 1542 545 1581 XIV
559 1572 571 1590 ‚
590 1545 629 1584 2.
650 1540 792 1580 Somn.
813 1556 844 1579 s.
866 1541 974 1589 Gall.
996 1556 1029 1579 c.
1054 1547 1118 1585 17.
1140 1543 1294 1580 Toxar.
1319 1556 1354 1580 c.
1376 1546 1441 1585 14.
1463 1544 1737 1597 προςηνέχθη-

268 1619 340 1656 μεν
369 1601 466 1641 Ver.
487 1597 601 1636 Hist.
622 1597 688 1646 II,
708 1603 748 1640 3.
784 1605 827 1635 et
855 1598 1106 1649 κατηνέχθην
1127 1597 1263 1639 Dian.
1288 1598 1464 1638 Merett.
1492 1600 1554 1639 II.
1586 1613 1734 1638 versus

268 1659 339 1697 fin.
397 1653 524 1694 Unde
551 1662 593 1692 et
619 1651 663 1692 h.
693 1655 721 1692 l.
744 1652 934 1692 Atticam
968 1654 1149 1692 formam
1177 1653 1355 1693 Ionicae
1388 1655 1733 1709 anteponendam

266 1711 566 1770 judicavimuS.
598 1709 757 1751 me.

380 1767 485 1808 Ead.
503 1769 532 1807 l.
557 1770 623 1809 14.
654 1761 900 1818 Λουόμεθα)
932 1766 1032 1806 Huc
1053 1767 1253 1820 pertinet,
1269 1765 1384 1821 quod
1402 1767 1507 1808 Jens.
1530 1769 1575 1807 in
1591 1768 1733 1810 Lectt.

266 1825 452 1868 Lucian.
473 1839 514 1877 p.
537 1827 604 1866 11.
623 1831 666 1862 et
689 1827 755 1866 12.
776 1824 960 1874 monuit,
993 1824 1203 1864 scribens:
1234 1829 1426 1877 Λοῦμαι,
1461 1825 1606 1879 inquit
1629 1827 1735 1866 Tho-

266 1899 353 1923 mas
374 1882 509 1933 Mag„
530 1877 680 1928 πάντες
699 1875 878 1930 Ἀττικοὶ,
908 1881 978 1922 καὶ
1002 1885 1188 1923 λοῦσθαι.
1247 1881 1328 1921 Sed
1349 1891 1391 1919 e't
1413 1880 1583 1933 λούομαι
1604 1882 1734 1923 habet

266 1940 437 1980 Luciam.
457 1937 503 1975 in
525 1936 620 1976 Ver.
643 1935 758 1975 Hist.
778 1951 818 1989 p.
838 1942 933 1981 337.
961 1936 1020 1992 (i.
1041 1952 1077 1977 e.
1098 1937 1182 1976 hoc
1203 1940 1346 1988 loco.)
1377 1938 1495 1978 Haec
1516 1938 1602 1979 ille.
1633 1939 1734 1978 Ari-

267 1996 393 2049 stoph.
424 2007 527 2034 vero
559 2002 671 2031 amat
702 1997 875 2034 λοῦσθαι
906 2002 950 2033 et
977 1991 1168 2048 λούμενος
1200 1993 1364 2034 dicere:
1406 1989 1557 2037 ἀπέλου
1589 2004 1731 2034 tamen

268 2067 346 2105 pro
366 2048 536 2093 οἷπέλουε
550 2048 706 2088 Bisetus
725 2049 787 2088 ait
805 2051 931 2090 metri
953 2065 1097 2089 caussa
1126 2050 1308 2100 dictum,
1339 2049 1426 2090 vid.
1451 2051 1660 2091 Bffaittair·e
1681 2051 1734 2091 de

267 2108 477 2148 Dialectt.
502 2120 544 2158 p.
566 2110 604 2148 9.
664 2107 732 2144 Ex
751 2120 838 2144 uno
864 2116 1003 2145 autem
1025 2107 1201 2146 Luciam·
1222 2110 1317 2145 loco
1342 2106 1453 2145 nihil
1488 2107 1733 2159 conficitur,

270 2164 412 2216 dices;
444 2178 537 2202 cum
563 2161 667 2200 alibi
692 2165 941 2215 plerumque
968 2163 1012 2200 in
1035 2177 1120 2202 aor.
1141 2173 1183 2203 et
1201 2164 1282 2202 fut.
1307 2161 1390 2202 hoc
1412 2163 1540 2203 verbo
1563 2173 1731 2212 utatur,

268 2220 347 2259 ubi
367 2219 604 2259 contractio
623 2222 763 2257 locum
780 2232 867 2257 non
887 2218 1034 2258 habet:
1067 2219 1139 2258 sed
1159 2229 1202 2259 et
1220 2220 1342 2274 Nigr.
1362 2225 1473 2264 «213.
1504 2219 1733 2275 λουόμενος,

270 2275 591 2328 ῃοηλούμενος,
621 2275 716 2314 sine
737 2275 942 2315 varietate
964 2276 1143 2330 legitur,
1184 2291 1262 2316 nec
1284 2290 1372 2315 non
1394 2287 1571 2329 postea;
1603 2291 1734 2331 quare

269 2335 545 2384 rursumvajo,
580 2345 668 2370 non
689 2329 996 2384 ὗπεραττικίζειν
1023 2332 1256 2372 Lucianum.
1286 2333 1451 2372 Rm‘rz.
1508 2333 1732 2386 Exemplis

269 2389 527 2434 Lucianei55
559 2402 582 2427 a
605 2387 761 2427 Reitzz'o
782 2388 941 2434 allatis',
974 2387 1082 2427 adde
1105 2388 1235 2429 haec:
1263 2390 1374 2431 ἔλουε
1399 2388 1608 2443 Necyom.
1633 2404 1667 2431 c.
1687 2394 1730 2432 7.

269 2442 432 2487 λούεται
454 2443 649 2497 Philops.
680 2459 713 2486 c.
738 2448 804 2487 19.
825 2442 1018 2486 λούεσθαι
1040 2445 1221 2486 Cronos.
1244 2460 1279 2484 c.
1306 2451 1373 2488 17.
1398 2444 1619 2499 λουόμενος
1644 2443 1732 2484 Ad·

270 2515 380 2542 vers.
398 2500 568 2541 In'doct.
591 2505 715 2554 223.
738 2502 935 2554 λουομένη
955 2502 1092 2541 Dian.
1116 2504 1250 2543 Matr.
1272 2501 1408 2547 XIII,
1431 2508 1471 2546 1.
1498 2504 1655 2541 LmrM.

383 2558 485 2612 Pag.
513 2560 610 2601 265.
634 2560 665 2598 l.
688 2562 753 2601 11.
809 2559 1174 2612 Τριτωνομένδητες
1200 2557 1247 2600 τα
1275 2559 1345 2611 μὲν
1373 2557 1459 2599 ἅνω
1492 2554 1731 2608 ἀνθρώποις

269 2612 453 2664 ἐοικότες,
469 2611 516 2654 τοὶ
537 2615 579 2656 δὲ
594 2611 702 2655 κάτω
718 2620 803 2662 τοῖς
816 2613 1055 2669 γαλεώταις)
1087 2615 1322 2666 Interpres:
1357 2613 1724 2663 Tritonomendeies,

269 2669 529 2722 superioribus
548 2670 729 2723 partibus
747 2671 894 2711 similes
915 2671 1136 2711 hominibus
1149 2702 1160 2722 ‚
1189 2670 1442 2725 infit-iuribus
1461 2685 1548 2708 vcro
1559 2669 1730 2725 felibus,

269 2725 401 2764 Male.
459 2731 661 2767 Γαλεῶται
679 2726 750 2765 hic
767 2742 854 2766 non
877 2737 977 2766 sunt
995 2728 1123 2776 feles,
1155 2727 1228 2767 sed
1251 2728 1385 2780 pisces
1400 2755 1411 2773 ‚
1446 2726 1521 2778 qui
1540 2730 1729 2779 γαλεῶται

270 2779 497 2832 dicuntur,
530 2790 572 2821 et
588 2783 673 2822 alio
692 2783 867 2823 nomine
883 2786 1030 2838 ξιφίαι,
1061 2783 1234 2823 Latinis
1253 2782 1378 2823 etiam
1396 2781 1585 2835 Xiphiae.
1645 2779 1729 2822 Sed
