1834 3188
1422 138 1518 185 135

128 265 201 292 στα
221 252 265 291 αῖ
295 250 486 292 Θετταλαί
503 250 545 299 ²)
582 251 706 299 εἰσιν,
749 244 923 301 ἀδμῆτες
947 248 1024 298 ἔτι,
1056 248 1124 289 καὶ
1150 246 1293 301 ἄβατοι
1310 243 1369 296 ¹)·
1399 247 1444 292 τὸ
1475 252 1658 299 6’p.845.

125 317 211 359 ἄνω
229 319 271 365 g)
302 314 498 370 ἡμίτομον
519 316 724 372 γυναικὸς,
748 314 967 371 πάγκαλον,
989 318 1060 366 ἔξω
1082 321 1162 358 τῶν
1185 315 1299 358 ὤτων
1320 312 1383 368 ¹²)·
1417 318 1517 361 ἐκεῖ·

510 150 680 182 ZEUXlS
716 151 808 182 VEL
844 149 1062 180 ANTIOCH
1072 151 1136 179 US.

123 403 176 428 να
196 386 236 427 δὲ
255 382 359 438 μόνα
381 384 590 441 σατυρώδη
616 387 720 427 ἐστὶν
748 383 872 464 αὕτη·
905 387 971 427 καὶ
990 383 1017 438 ἦ
1037 387 1138 438 μίξις
1161 384 1221 435 δὲ,
1253 386 1321 427 καὶ
1341 382 1370 439 ἦ
1390 382 1516 440 ἅρμο-

118 452 170 510 γὴ
193 459 270 495 τῶν
299 451 516 507 σωμάτων,
551 452 658 496 καθὸ
678 451 715 508 ¹)
747 468 1006 505 συναπτεται,
1037 455 1102 496 καὶ
1138 457 1341 496 συνδεῖται
1364 458 1419 511 τῷ
1438 473 1513 511 γυ·

119 525 285 575 ναικείῳ
313 521 356 564 τὸ
386 521 574 567 ἱππικὸν,
616 520 764 575 ἠρέμα,
797 523 865 562 καὶ
895 519 969 563 οὐκ
987 510 1156 577 ἀθρόως
1177 525 1503 576 μεταβαίνουσα,
1517 536 1554 570 P·
1567 531 1647 572 844

116 610 183 634 και
201 593 242 633 ἐκ
262 609 414 646 noogcq
419 595 524 645 ωγῆς
548 592 790 644 τρεπομένη,
822 589 1017 633 λανθανει
1042 590 1115 644 τὴν
1132 590 1231 644 ὄψιν
1256 593 1298 633 ἐκ
1330 593 1504 645 θατέρου

111 663 168 710 εἰς
186 661 228 703 τὸ
247 656 635 714 ἕτερονῦπαγομένη·
665 656 708 700 τὸ
729 656 898 713 νεογνὸν
920 652 968 709 Ιί)
1000 660 1040 700 δὲ
1059 657 1101 701 τὸ
1120 662 1164 701 ἓν
1182 663 1260 700 τῶν
1277 663 1434 712 νηπίων
1448 655 1500 712 ¹),

111 727 222 783 ὅμως
248 727 387 784 ἄγριον
408 729 475 768 καὶ
495 728 536 768 ἐν
557 731 613 783 τῷ
636 723 780 784 ἇπαλῷ
808 725 888 780 ἤδη
914 726 1114 781 φοβερὸν,
1146 729 1212 769 καὶ
1239 733 1353 770 τοῦτο
1384 735 1501 770 &ow-

107 797 276 852 μαστὸν,
309 795 398 838 οἷον
415 796 522 844 ἔδοξέ
542 813 623 848 μοι,
655 798 718 838 καὶ
741 794 801 838 ὅτι
823 799 1018 844 παιδικῶς
1039 794 1146 850 μάλα
1165 794 1266 848 πρὸς
1285 797 1354 839 τὸν
1376 794 1501 852 σκύμ-

107 884 183 909 νον
205 871 278 908 τοῦ
293 865 454 913 λε’ὁντος
477 861 760 918 ἀναβλέπουσι,
791 863 931 918 μεταξὺ
950 868 1022 916 τῆς
1041 869 1172 916 θηλῆς
1193 863 1378 916 ἑκάτερος
1397 868 1497 909 ἔπει·

104 935 298 988 λημμένοι
321 935 362 975 ἐν
382 938 464 990 χρῷ
483 937 531 990 τῇ
553 935 669 986 μητρὶ
690 933 1008 988 προςιστάμενοι.
1077 938 1208 974 Ταῦτα
1238 930 1282 976 δ’
1306 930 1380 977 οὖν
1404 936 1495 978 ἕπι-
1519 936 1547 976 7

103 1001 329 1056 δειξάμενος
351 999 371 1043 ὁ
395 1006 561 1052 Ζεῦξις,
598 999 718 1050 αὐτὸς
743 1003 812 1056 μὲν
834 1001 928 1059 ᾤετο
962 1001 1169 1056 ἐκπλήξειν
1191 1001 1285 1051 τούς
1312 1000 1497 1056 ὁρῶντας

100 1072 163 1114 ἐπὶ
191 1076 238 1128 τῇ
265 1072 378 1128 τέχνῃ
394 1083 402 1092 ·
447 1073 488 1114 οἱ
517 1072 558 1113 δὲ
587 1068 727 1113 αὐτίκα
754 1071 824 1125 μὲν
844 1070 972 1126 ἐβόων
988 1084 997 1093 ·
1027 1069 1054 1126 ἢ
1074 1075 1111 1113 τί
1131 1071 1206 1127 γάρ
1228 1068 1279 1113 ἂν
1301 1073 1492 1122 ἐποίουν,

98 1142 291 1194 καλλίστῳ
310 1138 483 1193 θεάματι
505 1138 835 1195 ε’ντυγχάνοντεςς
877 1138 1056 1197 ἐπῄνουν
1077 1141 1117 1183 δὲ
1136 1139 1302 1194 μάλιστα
1322 1139 1493 1194 πάντες,

190 1259 247 1287 est
267 1265 286 1286 a
305 1253 360 1285 Pl.
381 1253 484 1286 adest
504 1252 544 1285 in
571 1254 601 1288 J.
623 1254 668 1286 H.
688 1253 799 1286 Par.“
861 1254 905 1296 e)
935 1254 1197 1297 Θετταλαὶ]
1226 1254 1319 1297 „Nil
1346 1260 1492 1288 mutare

188 1300 242 1332 Pl.
263 1305 371 1332 notat
391 1300 553 1331 Salanus.
605 1300 754 1343 Quare?
793 1300 877 1344 quia
901 1312 920 1332 a
940 1303 978 1335 ιθ.
997 1301 1207 1334 minuscula
1224 1300 1487 1334 inchoabatur.

191 1346 263 1378 Sed
280 1346 349 1378 hoc
371 1346 572 1378 sexcenties
594 1345 700 1378 fieri
691 1358 729 1378 111
752 1346 844 1379 Edd
868 1346 1020 1390 priscis,
1046 1349 1208 1389 sciebat,
1234 1346 1272 1378 in
1293 1346 1489 1380 nonnullis

191 1402 349 1433 semper
356 1395 380 1411 “
436 1392 475 1431 f)
504 1388 704 1437 ἄβατοι]
733 1388 953 1433 ἄνεπίβατοι
974 1393 1081 1428 Bodi.
1153 1395 1198 1437 g)
1226 1389 1274 1426 τὸ
1302 1389 1340 1427 δ’
1367 1389 1489 1435 α’νω]

190 1450 234 1471 το
257 1436 295 1471 ὸὲ
319 1434 406 1472 ἄλλο
432 1446 531 1481 2954..
583 1438 629 1480 h)
657 1440 750 1472 τῶν
777 1437 936 1483 ὠτων]
962 1441 1036 1473 τῶν
1055 1437 1184 1473 νώτων
1209 1439 1367 1472 ridicula
1385 1440 1490 1472 aber-

185 1484 333 1517 ratione
360 1484 467 1517 Bodl.
521 1484 687 1517 Omnino
715 1485 804 1517 haec
822 1485 901 1518 illic
920 1486 1030 1519 velue
1059 1494 1145 1519 sunt
1166 1487 1376 1529 depravata.
1447 1484 1487 1527 i)

188 1527 337 1574 καθὸ]
367 1528 460 1564 καθ’
479 1527 499 1565 ὃ
518 1541 618 1573 2054.
669 1530 716 1571 k)
746 1531 799 1566 τό
826 1529 1056 1589 νεογνόν]
1085 1545 1186 1576 ,,των
1209 1532 1398 1575 νεογνῶν]
1425 1531 1486 1587 Si'e

193 1577 312 1610 Codd.
336 1578 374 1610 P
397 1584 433 1610 et
452 1579 492 1610 L.
525 1577 577 1612 Τὸ
595 1574 748 1621 νεογνὸν
767 1578 888 1611 Ε(1(1.“
937 1577 1001 1619 1)
997 1577 1043 1614 ὲν
1064 1581 1157 1614 τῶν
1182 1579 1395 1622 νηπίων]
1419 1575 1487 1621 „gv

185 1624 238 1670 τῷ
258 1624 380 1671 νηπίῳ
405 1624 512 1657 Gron.

95 1732 175 1773 tim
220 1742 321 1771 sunt
351 1732 602 1783 Thessalae,
644 1748 763 1772 non-

96 1789 198 1828 dum
235 1788 446 1836 domitae,
490 1799 531 1829 et
558 1804 760 1829 sessorem

94 1845 287 1885 nondum
330 1861 488 1898 passae.
557 1847 763 1899 Superior

95 1913 235 1942 autem
258 1917 351 1955 pars
372 1902 550 1941 dimidia
574 1904 763 1942 mulieris

95 1958 287 2014 undique
300 1971 340 2000 et
358 1960 447 2012 ipsa
464 1959 762 2012 pulcherrima,

96 2026 262 2068 praeter
309 2031 455 2058 auresz
510 2017 607 2055 illae
647 2018 759 2056 enim

96 2075 214 2111 solae
254 2083 492 2124 satyrorum
524 2074 658 2112 instar
693 2074 760 2112 ini

96 2138 210 2166 sunt,
284 2128 537 2169 Commistio
580 2144 680 2169 vero
719 2140 761 2169 et

95 2184 368 2223 commissuia
395 2200 643 2238 corporum,
685 2186 761 2225 ubi

95 2251 419 2293 coagmentatur
447 2256 494 2279 ac
527 2242 763 2281 divincitur

95 2297 295 2336 muliebii
325 2298 493 2348 corpori
526 2299 758 2350 equinum,

93 2354 273 2404 sensim,
323 2367 409 2391 non
447 2353 590 2392 subito
623 2365 760 2392 trans-

96 2409 212 2460 iens,
263 2420 304 2448 et
345 2424 536 2459 accessu,
586 2413 653 2464 qui
689 2413 763 2450 vix

97 2469 309 2517 sentiatur,
358 2481 584 2517 conversa,
625 2468 762 2505 visum

99 2523 238 2574 fallit,
271 2523 342 2561 ubi
365 2538 417 2562 ex
440 2527 572 2563 altero
597 2524 638 2562 in
662 2526 761 2563 alte-

98 2592 189 2617 rum
210 2580 338 2620 subit.
392 2581 522 2634 Quod
542 2591 681 2620 autem
701 2595 764 2618 re-

99 2647 198 2674 cens
228 2648 384 2692 uterque
406 2648 552 2690 partus
587 2638 631 2675 in
666 2637 761 2691 pri-

101 2704 168 2730 ma
187 2691 372 2733 infantia
390 2704 530 2734 tamen
550 2695 689 2745 ferus,
723 2702 765 2734 et

790 1961 890 2003 «1115

562 1624 637 1657 Sed
653 1624 749 1657 nihil
766 1630 916 1658 mutant
934 1625 1029 1658 Edd.
1036 1627 1060 1644 ‘⁴
1107 1625 1190 1658 Vid.
1213 1625 1350 1657 Adnot.

821 1734 866 1772 in
893 1744 1041 1774 tenero
1069 1736 1151 1787 jam
1177 1743 1240 1771 est
1258 1731 1485 1780 terribilis,

821 1791 866 1830 id
898 1792 1036 1843 ipsum
1065 1804 1239 1843 quoque
1267 1788 1489 1837 mirabile,

822 1858 871 1887 ut
898 1847 1004 1885 mihi
1026 1847 1273 1894 videbatur;
1308 1855 1348 1885 et
1371 1842 1488 1899 quod

822 1904 1046 1958 pueriliter
1067 1902 1294 1942 admodum
1316 1900 1367 1941 ad
1401 1904 1489 1940 leo-

972 1963 1154 1998 catulum
1223 1958 1483 2013 respiciunt,

821 2032 1024 2056 mammae
1083 2017 1243 2056 interea
1302 2014 1487 2068 quisque

821 2089 921 2113 suae
962 2084 1075 2112 arcte
1111 2073 1402 2121 inhaerentes,
1443 2079 1487 2108 et

823 2146 947 2184 quam
972 2130 1165 2183 proxime
1197 2139 1368 2167 matrem
1403 2125 1487 2164 ad—

821 2189 1035 2226 sistentes.
1086 2188 1203 2225 Haec
1225 2188 1368 2238 itaque
1392 2196 1487 2221 cum

823 2243 1065 2283 ostenderet
1086 2242 1261 2290 Zeuxis,
1288 2242 1377 2293 ipse
1394 2237 1486 2293 qui-

821 2300 913 2340 dem
958 2300 1137 2352 putabat
1168 2299 1387 2342 futurum,
1438 2303 1487 2334 ut

823 2357 923 2395 artis
955 2355 1238 2394 admiratione
1278 2354 1488 2405 percelle-

822 2423 885 2451 ret
908 2421 1180 2465 spectatores,
1242 2410 1298 2448 At
1323 2408 1387 2446 illi
1405 2418 1487 2446 sta·

823 2469 899 2506 tim
956 2467 1125 2520 quidem
1181 2469 1486 2505 exclamarunt,

824 2524 939 2577 Quid
975 2526 1087 2562 enim
1121 2523 1309 2562 facerent
1340 2519 1483 2568 aliud,

824 2580 874 2619 ad
896 2580 1223 2634 pulcherrimum
1255 2588 1485 2631 spectacu«

823 2641 911 2676 lum
961 2635 1169 2676 admissi?
1229 2633 1486 2674 Laudabant

824 2708 925 2734 vero
949 2692 1131 2733 maxime
1162 2705 1306 2733 omnes
1327 2690 1486 2736 eadem,
