1834 3188
402 199 643 231 ch'rnA
679 199 792 230 SEU
827 199 1065 233 nospes,
1328 188 1423 237 153

44 297 189 356 χρὸνος
209 296 288 353 ἤδη
307 296 528 352 ἐλυμήνατό
547 316 641 341 που.
680 299 758 340 ἔστι
780 297 822 340 δὲ
843 294 892 339 οὗ
911 297 1011 339 πολύ
1030 295 1109 340 ἆπό
1129 302 1203 341 τοῦ
1220 298 1420 351 Διπύλου,
1436 301 1564 347 Ρ-’861.

45 369 89 410 ἐν
119 364 308 424 ἀριστερᾷ
337 369 393 415 εἷς
414 365 451 417 ²)
477 365 722 419 Ἀκαδημίαν
750 363 976 416 ἀπιόντων,
1023 365 1070 409 οὗ
1104 368 1201 423 μέγα
1229 366 1273 409 τό
1301 374 1422 423 ww,

14 438 18 442 ’
46 437 116 478 καὶ
133 433 159 489 ἡ
179 435 298 489 στήλη
319 436 459 489 χαμαὶ,
491 434 594 488 πλὴν
615 432 702 476 ἄλλ’
732 435 909 476 ἔστεπταί
928 452 970 490 γε
995 431 1078 486 ἀεὶ,
1112 437 1179 477 καὶ
1201 438 1319 489 φασὶ,
1349 456 1421 478 πυ·
1435 457 1470 490 p.
1485 445 1563 484 362.

47 502 304 558 ρεταίνοντάς
337 521 446 552 τινας
477 503 554 556 ἤδη
585 506 816 545 πεπαῦσθαι
848 500 920 544 ἀπ’
953 499 1099 554 αὐτοῦ,
1142 505 1235 551 καὶ,
1274 503 1328 557 μοὶ
1354 504 1425 547 τὸν

48 570 131 624 Δί’,
175 569 291 615 οὐδὲν
319 571 508 622 ἄπιστον,
551 569 596 620 ὃς
624 568 718 622 ὅλην
743 569 837 611 ποτὲ
858 567 995 613 ἰάσατο
1024 569 1096 624 τὴν
1126 569 1253 614 πόλιν.
1310 570 1423 614 Ἀλλὲι
1449 579 1475 617 3

1411 639 1424 654 0

45 639 121 696 γὰρ
154 636 278 695 οὗπερ
307 641 420 681 ἕνεκα
447 637 654 693 ἐμνήσθην
683 633 829 688 αὐτοῦ,
860 639 922 691 ἔζη
951 639 1020 691 μὲν
1052 641 1105 681 ἔτι
1132 636 1153 682 ὅ
1179 639 1357 695 Τόξαρις.
1403 660 1424 684 ο

44 706 280 761 Ἀνάχαρσις
309 709 367 758 δὲ,
400 707 487 761 ἄρτι
514 705 865 757 καταπεπλευκώς,
899 704 1011 761 ἀνῄει
1031 709 1073 750 ἐκ
1094 713 1326 762 Πειραιῶς,
1359 708 1426 752 οἷα

47 774 94 828 δὴ
116 778 241 825 ξένος,
272 777 340 818 καὶ
363 774 580 830 βάρβαρος,
612 773 659 817 οὗ
679 777 842 829 μετρίως
858 775 1142 829 τεταραγμένος
1163 777 1215 817 ἔτι
1237 775 1307 829 τὴν
1326 775 1426 832 γνώ-

48 861 147 896 μην,
177 841 307 884 πάντα
328 840 506 898 ἀγνοῶν,
535 842 752 896 ψοφοδεὴς
772 841 874 897 πρὸς
891 861 938 884 τα
955 842 1078 884 πολλα
1092 875 1103 894 ,
1136 842 1209 885 οὔκ
1229 845 1326 898 ε’χων
1350 844 1383 895 0¹,
1390 864 1427 889 τι

45 909 232 966 χρήσαιτο
254 913 299 962 ¹¹)
331 912 470 967 ἑαυτῷ.
527 912 593 952 καὶ
624 929 699 966 γαρ
737 915 861 954 συνίει
900 911 1218 966 καταγελώμενος
1247 911 1355 966 παρὰ
1378 916 1426 967 ¹)

45 985 125 1021 τῶν
147 978 335 1033 ὁρώντων
355 980 418 1020 ἐπὶ
437 984 486 1035 τῇ
507 983 626 1035 σκευῆ
644 982 704 1030 y)‚
723 981 789 1021 καὶ
810 978 1070 1035 ὁμόγλωσσον
1092 975 1237 1021 ου’δένα
1258 978 1426 1036 εὕρισκε,

47 1049 115 1090 καὶ
135 1045 256 1096 ὅλως,
290 1048 490 1102 μετέμελεν
511 1045 622 1103 αὐτῷ
645 1046 721 1100 ἤδη
744 1052 816 1100 τῆς
837 1045 955 1098 ὁδοῦ,
988 1049 1054 1090 καὶ
1084 1048 1287 1099 ἐδέδοκτο,
1320 1047 1427 1092 ἰδόν-

46 1134 94 1158 τα
124 1113 250 1168 μόνον
279 1114 350 1165 τὰς
383 1111 578 1168 Ἀθήνας,
619 1117 681 1156 ἐπὶ
708 1114 816 1157 πόδα
844 1113 967 1164 εὐθὺς
999 1113 1126 1158 ὀπίσω
1153 1122 1318 1170 χωρεῖν,
1358 1119 1428 1160 καὶ

47 1185 254 1236 πλοίουΖ)
287 1182 500 1237 ἐπιβάντα,
545 1188 658 1224 πλεῖν
701 1177 821 1232 αὖθις
849 1183 914 1226 ἐπὶ
951 1183 1190 1238 Βοσπόρου,
1239 1183 1339 1228 ὅθεν
1377 1184 1426 1228 οὗ

48 1250 172 1305 πολλὴ
198 1249 290 1300 ὁδὸς
310 1253 462 1305 ἕιιελλεν
481 1247 587 1292 αὕτῶ
604 1252 649 1302 a)
680 1252 840 1292 ἔσεσθαι
861 1253 995 1293 οἴκαδε
1019 1252 1059 1300 ἐς
1078 1251 1260 1302 Σκύθας.
1299 1251 1473 1313 οὕτωςρ,
1488 1268 1565 1313 363,

139 1368 199 1399 cler
213 1367 309 1397 obere
331 1364 440 1397 leez'L
483 1366 620 1397 Verum
642 1377 719 1398 ανω
741 1364 835 1397 nihil
855 1370 911 1398 est
934 1364 1005 1397 nisi
1025 1364 1231 1421 glossema.
1268 1367 1305 1408 t)
1335 1367 1425 1422 εἰς]

138 1410 174 1451 ἐς
204 1422 302 1463 2934:-
321 1411 438 1446 Bel‘mz
460 1412 497 1442 S
498 1411 572 1443 lzm.
623 1417 667 1448 u)
695 1407 798 1451 ὅ,τι
828 1408 1094 1455 χρήσαιτο]
1125 1408 1195 1455 &a
1216 1424 1261 1446 αν
1277 1411 1429 1458 χρήσαι-

139 1470 182 1492 το
205 1458 303 1498 conj
334 1457 411 1488 L'el.
443 1455 642 1489 sexcenties
669 1457 817 1497 rejecta.
889 1458 932 1499 x)
958 1456 1111 1501 παροὶ]
1141 1458 1230 1499 „Sic
1249 1459 1279 1491 J.
1339 1461 1427 1495 ..ΡΙ

138 1506 220 1538 Par.
245 1504 278 1536 S
308 1498 381 1536 ’ὑπὸ
406 1503 445 1535 L.
473 1500 530 1536 ἐπι
550 1503 607 1535 W
613 1502 636 1520 “
684 1498 785 1536 Τπὸ
808 1502 919 1536 etiam
949 1512 1050 1547 2954
1070 1503 1133 1536 sed
1156 1462 1334 1538 frustra.H
1378 1508 1425 1550 y)

139 1549 302 1593 σκευῇ]
330 1551 439 1594 στολῇ
463 1558 562 1592 2954.
594 1559 612 1580 e
639 1548 897 1593 sequentibus,
923 1549 962 1581 ni
990 1549 1121 1591 fallor,
1149 1549 1222 1582 hnc
1251 1551 1427 1586 delatum.

140 1598 181 1638 z)
206 1596 407 1636 πλοίου]
435 1596 522 1637 „Sic
543 1593 634 1626 Edd
656 1596 686 1627 J.
707 1596 753 1627 H.
768 1596 820 1627 ΡΙ.
840 1596 920 1628 Par.
939 1595 1054 1640 πλοίῳ
1076 1596 1134 1630 W
1139 1596 1163 1613 ‘⁶
1189 1596 1248 1628 Sic
1270 1605 1305 1629 et
1324 1607 1426 1642 2954.

140 1643 419 1675 δεάπλοίουΑ.
441 1653 512 1674 1.2.
532 1641 573 1673 B.
599 1652 627 1675 1.
648 1652 680 1684 3.
731 1643 776 1682 a)
804 1636 916 1682 ὁδὸς
940 1630 1134 1686 ἔμελλεν
1158 1639 1311 1689 αὐτῷ]
1338 1646 1430 1687 „In-

139 1699 245 1721 verso
266 1689 394 1721 ordine
415 1688 473 1722 W.
494 1685 547 1731 ἐμ.
571 1682 649 1721 αὐτ.
671 1683 726 1722 ὁδ.
733 1688 758 1706 “

50 1784 222 1831 mellae,
274 1790 316 1820 et
355 1780 487 1833 ipsam
529 1780 709 1828 faciem,
767 1795 889 1821 raeeo
932 1780 1179 1832 adscendit,
1226 1792 1427 1836 tanquam

51 1848 214 1891 tempus
257 1838 358 1876 olim
393 1840 471 1888 jam
507 1837 708 1876 abolevit.
768 1838 1014 1891 peregrinus
1046 1847 1087 1876 et
1114 1837 1313 1877 barbarus
1340 1854 1428 1878 non

52 1896 130 1933 Est
171 1904 309 1934 autem
360 1908 446 1931 non
488 1896 664 1931 multum
689 1907 709 1930 a
769 1893 1040 1933 mediocriter
1068 1893 1206 1933 adhuc
1236 1896 1426 1934 turbatus

51 1951 249 2002 Dipylo,
291 1953 368 1989 sive
396 1949 522 1998 Jcmo,
568 1949 619 1987 ad
647 1949 712 1987 si-
769 1950 937 2007 animo,
991 1950 1163 2004 ignarus
1215 1952 1427 2002 omnium,

54 2009 224 2044 nistram
249 2009 291 2045 in
316 2006 584 2044 Academiam
607 2020 709 2043 eun·
768 2007 990 2058 strepitum
1009 2021 1132 2058 saepe
1152 2009 1343 2061 quemvis
1358 2023 1429 2047 ex·

54 2063 179 2112 tium,
208 2066 394 2100 tumulus
414 2077 497 2101 non
518 2076 707 2114 magnus,
767 2062 1028 2113 horrescens,
1062 2062 1111 2102 de
1132 2078 1174 2102 se
1197 2063 1297 2116 quid
1318 2065 1431 2103 face-

54 2129 95 2157 et
134 2118 252 2156 humi
295 2123 433 2171 jacens
475 2121 710 2157 columella.
767 2129 855 2169 ret,
896 2120 1088 2159 nescius:
1130 2120 1340 2159 sentiebat
1378 2135 1431 2159 e-

53 2176 338 2214 ‘Veruntamen
373 2184 569 2213 coronata
600 2189 711 2213 sem-
768 2175 884 2226 nim,
917 2175 1099 2214 derideri
1133 2191 1175 2215 se
1212 2176 1264 2215 ob
1300 2177 1431 2214 habi—-

53 2246 129 2285 per
156 2241 239 2280 est,
275 2240 315 2269 et
343 2233 482 2282 ajunt,
517 2230 622 2269 febri
643 2234 711 2268 la-
768 2241 858 2270 tum
897 2240 938 2271 et
980 2246 1115 2278 arma;
1174 2243 1216 2272 et
1257 2233 1429 2285 linguae

54 2288 250 2326 borantes
270 2285 471 2339 quosdam
490 2286 606 2323 illius
630 2300 710 2336 ope
769 2301 868 2326 suae
887 2288 1067 2339 peritum
1087 2288 1336 2327 inveniebat
1359 2302 1430 2326 ne-

55 2357 143 2384 esse
162 2343 387 2381 liberatos:
421 2342 710 2394 nequeprofe-
769 2345 948 2383 minem:
1013 2354 1054 2382 et
1097 2345 1140 2381 in
1184 2345 1429 2382 universum

57 2410 125 2439 cto
158 2398 430 2447 incredibile,
473 2398 546 2450 qui
578 2407 710 2435 totam
769 2400 864 2437 viae
886 2399 1021 2450 ipsum
1051 2402 1131 2452 jam
1162 2399 1430 2452 poenitentia

58 2457 158 2495 olim
180 2455 323 2493 urbem
347 2454 569 2493 sanaverit.
631 2453 711 2491 Ve·
769 2454 963 2504 subibat,
1008 2455 1303 2509 decretumque
1344 2455 1428 2506 ipsi

56 2526 147 2550 rum
198 2511 436 2560 enimvero,
490 2513 609 2561 cujus
652 2507 712 2546 rei
771 2520 882 2559 erat,
924 2511 1026 2548 visis
1059 2511 1184 2549 modo
1221 2511 1427 2560 Athenis,

61 2581 204 2606 caussa
221 2568 478 2607 mentionem
507 2567 622 2604 illius
645 2565 713 2601 in-
772 2575 881 2604 retro
913 2568 1049 2619 legere
1085 2567 1288 2621 vestigia,
1321 2582 1431 2606 con-

60 2623 167 2675 ieci,
209 2633 417 2675 superstes
451 2633 539 2663 erat
569 2625 713 2660 Toxa-
772 2636 1006 2674 scensoque
1035 2623 1210 2677 navigio
1232 2624 1431 2678 navigare

59 2678 144 2726 ris,
186 2693 278 2717 cum
305 2679 560 2718 Anacharsis
588 2677 715 2715 navi-
773 2692 917 2716 rursus
953 2679 997 2716 111
1024 2680 1286 2732 Bosporum,
1318 2680 1431 2718 und(

63 2734 235 2789 gatione
263 2735 387 2776 modo
419 2736 564 2785 finita,
597 2749 619 2774 a
641 2734 716 2772 Pi-
774 2734 844 2774 via
878 2734 960 2773 sibi
986 2749 1072 2775 non
1103 2739 1231 2791 longa
1261 2736 1427 2776 domum
