1834 3188
300 204 543 245 Quonono
581 202 820 236 insTomA
858 205 937 236 sir.
972 206 1171 237 CONscn.
1337 196 1433 243 179

38 302 163 348 ταῦτα
184 318 256 347 σου
273 302 318 360 Ζ)
349 304 627 346 ἐπαινέσονται
640 315 649 324 ·
691 304 734 345 οἵ
755 300 884 357 ὅλίῂοι
903 302 944 344 δὲ
961 304 1130 354 ἐκεῖνοι,
1165 295 1221 346 ὧν
1240 301 1290 347 σῦ
1311 322 1429 348 κατα·
1440 322 1477 355 p.
1496 325 1555 358 15.-

44 381 235 428 φρονεῖς,
282 371 386 426 μάλα
416 371 518 427 vidi),
565 373 636 415 καὶ
660 373 700 420 ἔς
728 368 852 426 κόρον
881 370 1134 426 γελάσονται,
1185 370 1357 425 ὁρῶντες
1382 374 1427 418 τὸ

40 439 283 496 ἀσύμφυλον
304 444 344 491 a)
361 475 371 493 ‚
403 444 469 484 καὶ
504 438 783 495 ἀνάρμοστον,
816 440 883 482 καὶ
909 437 1175 494 δυςκόλλητον
1202 446 1278 482 τοῦ
1304 439 1428 498 πράγ-
1441 459 1476 492 p.
1494 449 1546 484 16,

41 527 177 563 ματος.
219 507 389 553 ἑκάστου
408 512 483 566 γὰρ
505 509 552 563 δὴ
576 508 680 551 ἴδιόν
699 525 735 549 τι
752 506 877 549 καλόν
896 509 1014 551 ἐστιν.
1063 512 1098 551 εἰ
1118 509 1159 550 δὲ
1178 513 1296 552 τοῦτο
1317 511 1430 553 ἐναλ-

37 576 198 629 λάξειας
217 573 282 629 b),
302 576 466 627 ἀκαλλὲς
481 576 524 620 τὸ
549 574 645 619 αὐτὸ
670 573 806 630 (παρὰ
823 573 896 628 τήν
919 581 1062 631 χρῆσιν
1083 576 1150 632 c))
1171 577 1345 632 γίγνεται
1362 576 1425 635 d).

39 648 92 689 ἐῶ
111 647 261 702 λέγειν,
295 644 355 689 ότι
378 649 419 688 οἰ
435 648 591 688 ἔπαινοι
608 646 666 687 ἓνὶ
694 645 763 732 μὲεν
782 646 880 692 ι’σως
897 646 1083 699 τερπνοὶ,
1114 649 1170 700 τῷ
1190 646 1428 701 ἐπαινουμέ-

291 710 301 726 Ὶ
338 712 359 728 5!

36 732 116 770 νῳ,
150 721 234 763 τοῖς
265 718 285 756 ὁ
333 721 489 764 αλλοις,
523 715 710 766 ἐπαχθεῖς
787 724 797 737 ·
828 713 897 753 καὶ
926 710 1094 765 μάλιστα
1125 709 1179 765 ἢν
1207 711 1430 768 ὑπερφυεῖς

36 781 108 832 τὰς
134 781 362 837 ὖπερβολᾶς
387 784 550 836 ε’·χωσιν
583 784 696 830 οἵους
728 778 879 829 αυτοῦς
901 782 943 822 οἷ
961 782 1101 822 πολλοὶ
1122 777 1423 836 ἐπεργάζονται,

35 851 109 903 τήν
129 850 292 893 εὔνοιαν
311 850 384 904 τήν
403 849 512 905 παρὰ
541 854 622 891 τῶν
646 849 948 901 ἐπαινουμένων
975 846 1212 902 θηρώμενοι
1226 881 1237 900 ,
1269 853 1336 893 καὶ
1358 854 1428 895 ἐν-

36 921 324 972 διατρίβοντες,
358 916 448 971 ἅχρι
471 922 547 959 τοῦ
568 921 668 959 πᾶσι
697 921 896 970 προφανῆ
924 913 997 968 τὴν
1031 920 1246 960 κολακείαν
1269 918 1428 975 ἐξεργά-

34 994 184 1029 σασθαι
206 981 267 1034 t).
300 984 395 1028 οὐδὲ
424 983 499 1041 γὰρ
521 983 620 1027 κατὰ
642 987 782 1039 τέχνην
805 988 848 1035 g)
881 979 979 1025 αὐτὸ
1011 987 1111 1040 ὁρᾷν
1143 988 1296 1038 ἴσασιν,
1334 984 1425 1031 οὐδ’

33 1053 311 1104 ἐπισκιάζουσι
335 1052 410 1107 τήν
447 1057 654 1096 θωπείαν·
703 1049 791 1095 ἀλλ’
824 1050 1080 1107 ἐμπεσόντες,
1129 1051 1265 1109 ἀθρόα
1295 1054 1428 1098 πάντα

35 1126 102 1166 καὶ
124 1120 328 1173 ἀπίθανα,
361 1124 432 1164 καὶ
464 1121 594 1177 γυμνά
619 1125 824 1171 διεξίασιν.
872 1119 991 1170 Γ’.Ωςτε
1012 1116 1061 1171 l¹)
1094 1117 1188 1164 midi:-
1210 1123 1428 1178 τυγχάνου-
1457 1139 1510 1178 12

35 1206 101 1235 σιν
122 1186 170 1233 οὗ
192 1189 360 1244 μάλιστα
380 1193 580 1245 ἐφίενται·
613 1193 655 1232 οἱ
682 1189 757 1245 γὰρ
779 1189 1061 1244 ἐπαινούμενοι
1089 1190 1192 1245 πρὸς
1214 1190 1346 1234 αὐτῶν
1365 1211 1427 1248 μι-

84 1308 127 1350 z)
156 1308 264 1346 σου]
293 1316 380 1348 ,,σοι
400 1305 454 1340 Μ
465 1305 505 1337 Ρ.
530 1309 566 1337 et
587 1314 706 1348 marg.
728 1304 769 1336 A.
784 1315 813 1338 1.
827 1304 887 1336 W.
914 1313 981 1337 σου
1002 1310 1151 1337 servant
1169 1304 1260 1337 Edd.
1279 1311 1317 1339 et
1332 1306 1398 1339 Ex
1404 1307 1429 1326 “

130 1363 189 1386 σοι
218 1363 276 1393 30.
292 1363 320 1387 1
353 1352 452 1396 2955·
485 1356 521 1383 et
542 1352 585 1381 .'cS
578 1351 655 1382 hm.
679 1349 923 1393 probantibus
947 1350 1107 1382 Censore
1133 1353 1209 1382 Jen.
1232 1358 1267 1384 et
1288 1353 1427 1386 Besslmo

132 1399 361 1432 Cf.T1·mon
385 1410 415 1429 c
425 1407 514 1441 57.
502 1394 642 1429 ἐπαινῶ
662 1394 779 1430 ταυτα
798 1407 878 1430 σου.
928 1400 972 1430 ει)
1004 1391 1348 1440 οἷσυμςουλον],
1355 1398 1429 1437 ,Sic

132 1443 218 1475 dedi
251 1454 291 1475 ex
320 1442 436 1475 Codd.
470 1442 509 1474 L.
533 1443 572 1475 P.
593 1443 651 1474 W.
678 1448 714 1474 et
744 1445 820 1484 Aug,
820 1443 853 1474 Ι.
892 1435 1089 1484 ἀσύφηλον
1117 1454 1214 1475 emm
1244 1443 1286 1475 ha
1283 1444 1432 1477 hebent

124 1489 220 1523 Edd
257 1500 384 1521 omnes
415 1494 513 1532 praet
521 1498 560 1519 er
579 1487 631 1520 Il.
656 1499 749 1530 quae
773 1476 1021 1541 α’συμφηλον,
1050 1497 1084 1519 et
1115 1496 1261 1531 praeter
1282 1491 1311 1522 J.
1335 1501 1432 1543 quae

128 1532 383 1578 ἁσύμφιλον.“
432 1535 479 1567 Et
504 1535 541 1566 A.
563 1545 592 1565 2.
619 1533 731 1566 habet
758 1529 993 1590 οἷσύιιῖμφιλον
1021 1533 1083 1565 sed
1112 1544 1217 1576 30¹¹·
1245 1535 1356 1579 plane
1385 1540 1432 1569 οὲ-

128 1579 336 1625 σύμφυλον.
401 1580 449 1623 h)
477 1577 819 1621 ἐναλλάξειας]
846 1577 1060 1621 ἐναλλάξαις
1082 1580 1182 1623 2956.
1234 1582 1276 1622 c)
1301 1594 1432 1633 παρα

123 1626 211 1671 τὴν
235 1628 428 1672 χρῆσιν]
458 1626 596 1669 liudolf
601 1626 643 1657 Ιιο
674 1628 825 1670 ejusque
857 1626 1017 1659 Censori
1047 1627 1195 1659 Jenensi
1221 1628 1347 1671 spuria
1380 1628 1432 1659 vi-

126 1675 284 1715 dentur,
314 1683 431 1717 neque
459 1673 496 1705 id
520 1677 670 1705 temere.
723 1673 801 1705 Vid.
826 1673 961 1705 Adnot
1038 1673 1083 1714 d)
1110 1673 1347 1729 γίγνεται]
1373 1674 1433 1718 yl-

122 1732 226 1755 νεται
246 1731 346 1761 :5011
410 1720 449 1757 e)
478 1717 738 1761 ἐπαχθεῖς]
766 1717 950 1772 ἐπαχθεὶς
962 1719 1004 1752 Β.
1029 1730 1059 1751 1.
1108 1719 1146 1761 f)
1173 1717 1433 1775 ἐξεργάσα-

127 1769 270 1808 σθαι]
297 1763 583 1808 ,,ἐξεργασεσθαι
602 1766 658 1800 W
663 1768 685 1783 “
757 1768 806 1808 g)
834 1778 954 1800 κατα
977 1764 1170 1808 τέχνην]
1196 1779 1227 1798 κ.
1248 1765 1316 1809 τήν
1336 1765 1431 1810 τέχν.

128 1814 233 1856 2956.
255 1813 393 1845 ethinc
415 1813 527 1843 Sclzm.
543 1812 807 1844 mnnenteBel.
828 1818 863 1843 et
886 1812 1066 1855 probante
1079 1812 1186 1844 Gens.
1199 1813 1360 1845 Jenensi.
1389 1817 1435 1844 At

131 1860 180 1893 cf.
209 1857 304 1894 κατὰ
330 1871 458 1902 τεχνην
485 1853 627 1900 ὁμιλεῖν
658 1856 779 1901 Epist.
808 1857 885 1894 Sat.
918 1869 948 1890 c.
971 1869 1029 1901 59.
1104 1856 1150 1900 h)
1178 1855 1319 1901 ω’στε]
1345 1854 1433 1898 ω’ςτ’

35 1952 224 1993 daverit:
260 1962 302 1992 at
323 1951 388 1990 1111
409 1965 559 2003 pauci,
598 1963 705 2002 quos
766 1964 967 1990 excessus
1020 1949 1231 1999 habeant,
1289 1952 1433 2004 quales

35 2021 84 2050 tu
105 2010 357 2057 contemnis,
391 2007 581 2047 suaviter
605 2020 706 2045 sane
765 1999 920 2060 vulgus
987 2007 1238 2046 scribentium
1303 2007 1431 2056 facit,

36 2077 78 2106 et
110 2065 161 2103 ad
197 2066 435 2104 satietatem
475 2062 704 2112 ridebunt,
767 2063 865 2102 dum
926 2072 1196 2116 aucupantur
1257 2078 1432 2114 eorum,

34 2121 232 2162 videntes
254 2136 338 2160 rem
362 2119 606 2167 absurdam,
642 2119 706 2156 in·
768 2133 875 2172 quos
916 2119 1116 2169 laudant,
1168 2119 1436 2159 benevolen-

38 2192 284 2232 congruam.
307 2186 347 2215 et
374 2151 609 2214 combinaii
635 2189 705 2214 ne·
767 2177 884 2226 tiam,
907 2186 947 2215 et
973 2176 1016 2213 in
1042 2176 1094 2214 iis
1119 2190 1169 2215 eo
1193 2191 1325 2230 usque
1348 2190 1433 2215 mo·

38 2236 184 2274 sciam.
256 2233 533 2285 Singulorum
592 2231 705 2270 enim
765 2242 941 2280 rantur,
986 2231 1122 2271 donec
1164 2234 1435 2272 manifestam

37 2291 213 2345 propria
236 2288 441 2342 quaedam
466 2286 706 2338 pulchritu-
768 2288 965 2327 omnibus
1013 2288 1302 2327 adulationem
1340 2286 1436 2326 effi-

39 2347 95 2386 do
117 2357 194 2387 est,
256 2346 421 2383 Horum
449 2357 548 2381 vero
573 2343 608 2379 si
635 2342 710 2380 vi-
768 2345 897 2383 ciant.
931 2346 1084 2396 Neque
1110 2345 1221 2382 enim
1243 2356 1331 2383 arte
1352 2344 1436 2383 hoc

38 2419 108 2444 ces
133 2411 359 2454 permutes,
375 2399 563 2439 deforme
581 2397 708 2446 idem,
767 2400 906 2439 facere
950 2409 1132 2448 norunt,
1174 2415 1251 2439 nec
1283 2399 1436 2438 adula-

39 2459 174 2514 (quia
214 2468 333 2498 extra
367 2471 490 2494 usum
529 2458 710 2503 suum,)
769 2456 930 2493 tionem
953 2456 1210 2497 inumbrant.
1244 2456 1323 2496 Sed
1347 2457 1434 2494 fac·

41 2516 177 2555 fuerit
210 2514 321 2566 (fit).
382 2513 518 2552 Mitto
544 2511 706 2558 dicere,
767 2520 813 2549 to
845 2511 1035 2562 impetu,
1068 2513 1259 2551 conferta
1292 2513 1435 2551 omnia

41 2571 187 2611 laudes
212 2570 290 2609 uni
313 2568 482 2622 quidem
507 2570 619 2607 forte
643 2570 711 2619 ju-
769 2576 812 2606 et
851 2567 1178 2619 improbabilia,
1240 2579 1280 2608 et
1321 2568 1436 2607 nuda

44 2627 229 2672 enudas,
281 2626 345 2665 illi
406 2639 581 2678 nempe,
636 2622 711 2676 qui
770 2636 1099 2677 persequuntur.
1162 2624 1281 2664 Adeo
1301 2635 1348 2662 ut
1368 2640 1437 2663 ne·

41 2683 266 2732 laudatur,
302 2682 477 2722 caeteris
500 2695 601 2720 vero
623 2694 713 2735 gra·
775 2693 856 2732 que
891 2690 1168 2733 assequantur
1197 2681 1267 2729 id,
1323 2679 1438 2734 quod

46 2754 143 2790 ves,
180 2739 378 2792 inprimis
403 2739 439 2778 si
463 2736 715 2778 immodicos
775 2736 960 2776 maxime
985 2737 1313 2789 concupiscunt.
1349 2736 1437 2789 Qui

1055 2794 1165 2837 ΜΞ
