1834 3188
248 193 349 239 444
598 201 1360 235 ADNOTATIONES

248 303 363 342 illius
396 300 715 356 philosophici,
749 299 800 340 ab
828 298 1098 340 Hermotimo
1124 300 1208 353 jam
1239 299 1475 351 consumti,
1518 301 1711 341 notatio-

246 374 357 399 nem.
387 360 545 401 mem.

360 415 464 456 Ead.
484 419 514 456 1.
534 420 574 459 6.
610 413 898 469 Περινοστῶν)
929 411 1026 455 Vid.
1046 412 1208 452 Demon·
1231 425 1271 465 p.
1292 415 1400 464 598,
1423 418 1463 457 2.
1497 413 1665 454 SOLAN.

361 471 465 512 EacZ.
485 474 513 512 l.
542 476 581 514 9.
612 467 709 512 Ἀπὸ
740 475 812 512 τοῦ
839 467 1003 522 πρώτου
1028 467 1253 523 γεύματος)
1291 470 1374 508 Pro
1407 470 1451 512 ἔκ
1481 474 1555 511 τοῦ
1579 487 1647 524 πρ.
1672 488 1709 525 y.

249 527 365 577 quod
395 528 551 566 frustra
583 541 756 581 negasse
782 526 887 565 alios
924 526 970 563 in
1003 524 1142 564 verbis
1170 525 1309 578 Epist.
1342 524 1393 564 ad
1418 526 1540 565 Rom.
1564 527 1608 577 I,
1638 531 1707 570 20.

247 583 328 627 ἀπὸ
352 586 513 632 κτίσεως
530 580 698 635 κόσμου,
730 582 806 621 ubi
826 583 870 624 ἐκ
889 580 1112 622 dicendum
1131 582 1265 621 fuisse
1284 584 1451 631 volunt,
1484 582 1585 620 satis
1603 585 1711 621 mul-

247 643 303 680 tis
334 640 486 693 probat
508 639 595 681 Jac.
616 639 765 679 Elsner.
792 638 845 677 ad
880 638 997 677 Novi
1032 636 1218 677 foederis
1237 637 1368 677 libros
1393 640 1441 680 T.
1462 644 1502 682 2.
1526 651 1622 693 pag.
1649 643 1706 689 6.,

247 711 370 751 quem
389 695 486 735 ideo
511 695 679 749 saepius
701 694 753 733 ad
775 704 915 748 partes
944 708 1077 744 voco,
1112 694 1213 749 quia
1236 704 1278 734 et
1301 694 1338 732 is
1361 694 1583 735 Lucicmum
1608 697 1710 748 plu-

247 754 399 791 rimum
423 751 475 789 ad
499 761 637 805 partes
662 761 802 790 vocat.
833 752 995 792 Rssrrz.

357 808 460 848 Ead.
481 811 509 847 l.
533 814 598 851 12.
625 805 783 859 ΓὨςτε)
823 806 972 846 Scribo
1002 804 1095 856 ὥςτε
1124 805 1273 860 μηδὲν,
1308 801 1343 848 αἶ
1370 831 1426 838 ·—-
1456 804 1537 865 κᾷν
1567 804 1707 856 ἄλλως.

247 866 415 905 Vons‘r.
475 865 533 903 Et
551 864 622 903 hic
643 867 764 904 locus
785 873 1033 916 corruptus;
1067 863 1139 902 sed
1161 863 1413 904 medicinam
1436 865 1475 905 ei
1495 877 1574 919 ego
1599 864 1712 903 face·

246 937 291 962 re
309 936 397 961 non
417 935 602 972 possum.
661 919 750 958 Alii
772 919 975 959 viderint.
1007 920 1177 959 SOLAN.

357 977 460 1016 Ead.
485 980 514 1017 l.
537 983 600 1021 13.
634 975 822 1018 Μεθύων
838 973 1038 1028 περιήεις)
1077 977 1228 1015 Acute.
1287 975 1406 1014 Alias
1431 975 1539 1014 ebrii
1573 975 1706 1024 fiunt,

249 1034 324 1087 qui
346 1043 484 1072 totum
504 1033 703 1084 ebibunt3
733 1043 779 1070 tu
811 1033 897 1070 nisi
924 1041 1056 1070 totam
1090 1031 1142 1069 ad
1175 1030 1355 1070 fundum
1390 1030 1709 1084 philosophiam

248 1089 516 1140 exhauseris,
548 1099 594 1127 ut
613 1089 754 1128 ebrius
777 1087 1001 1128 oberrabiS.
1044 1088 1182 1127 GESN.
1241 1088 1373 1126 Recte
1398 1087 1584 1127 Gesner-us
1604 1102 1712 1125 auc-

248 1147 352 1184 toris
372 1155 554 1184 mentem
577 1155 619 1184 et
642 1144 756 1197 cepit
785 1154 826 1183 et
856 1143 1055 1185 reddidit,
1115 1143 1270 1196 Neque
1304 1143 1408 1182 adeo
1440 1146 1576 1196 justae
1610 1152 1710 1181 sunt

251 1202 406 1241 Vorstii
425 1210 464 1239 et
483 1201 625 1240 Solam·
645 1200 925 1253 suspiciones.
984 1200 1129 1238 Unum
1148 1200 1261 1238 forte
1280 1197 1356 1255 κᾷν
1371 1232 1381 1249 ,
1413 1199 1526 1253 quod
1547 1213 1624 1251 pro
1644 1199 1711 1240 καὶ

248 1257 434 1310 conjecit
461 1258 667 1306 Vorstius‚
700 1255 918 1309 probabit,
963 1255 999 1293 si
1032 1255 1128 1309 quis
1160 1255 1330 1294 strictae
1361 1255 1447 1308 legi
1479 1254 1712 1295 inhaereat.

247 1315 404 1353 Verum
443 1313 488 1351 in
527 1323 697 1366 promtu
728 1322 827 1351 sunt
860 1312 1092 1365 particulae
1131 1308 1181 1353 ἂν
1211 1311 1336 1350 etiam
1370 1311 1414 1349 in
1455 1310 1712 1350 Indicativis

250 1370 429 1408 omissae
446 1373 651 1423 exempla.
711 1369 846 1421 Supra
867 1383 900 1407 c.
921 1372 988 1412 39.
1010 1368 1112 1410 ὅπου
1132 1385 1189 1423 γε,
1222 1369 1289 1409 καὶ
1310 1370 1345 1409 εἰ
1359 1365 1506 1417 πάντες
1525 1366 1572 1409 τά
1592 1365 1713 1420 ὅμοιοι

247 1425 353 1479 εἶχον
371 1459 381 1476 ,
414 1424 563 1478 ἄδηλον
584 1421 637 1478 ἦν
669 1427 734 1466 καὶ
757 1422 905 1474 οὕτως,
936 1423 1064 1473 ὅστις,
1105 1421 1127 1466 ὅ
1154 1422 1202 1465 τὰ
1223 1429 1295 1465 τοῦ
1313 1428 1418 1465 θεοῦ
1434 1421 1708 1478 ὑφῃρημένος.

246 1484 386 1522 Proin.
408 1497 438 1521 s.
464 1483 593 1522 Cauc.
619 1497 652 1521 c.
679 1487 744 1525 18.
768 1480 872 1523 ὅπου
904 1498 972 1535 γε,
1007 1484 1043 1523 εἰ
1063 1482 1130 1522 καὶ
1149 1478 1193 1521 τὸ
1213 1484 1295 1520 πᾶν
1315 1484 1432 1521 τοῦτο
1463 1486 1545 1534 πῦρ
1565 1479 1713 1532 ὑφελό-

247 1556 366 1592 μενος
384 1537 622 1590 κατεκόμισα
644 1540 698 1587 εἰς
714 1535 788 1589 τὴν
809 1541 909 1591 γῆν,
943 1534 1042 1589 μηδ’
1067 1535 1169 1584 ὅλως
1186 1553 1222 1577 τι
1239 1532 1362 1577 αὐτοῦ
1380 1536 1628 1586 καταλιπών,
1663 1534 1712 1577 οὗ

246 1597 343 1649 μέγα
362 1592 467 1647 ὑμᾶς
486 1591 671 1648 ἠδίκουν.
719 1591 870 1641 ’Ἁλλως
901 1602 1039 1632 autem
1070 1594 1262 1647 περιϊέναι
1297 1593 1477 1631 maxime
1507 1592 1713 1631 convenit

248 1652 291 1688 in
313 1651 500 1701 ebrium,
534 1660 712 1699 temere,
744 1649 828 1687 huc
850 1650 953 1687 illuc
976 1649 1238 1688 oberrantem
1254 1681 1264 1699 ‚
1297 1662 1374 1687 nec
1396 1648 1600 1701 pedibus,
1634 1663 1711 1687 nec

246 1709 407 1755 oculis,
441 1722 519 1746 nec
544 1706 738 1745 consiliis
767 1704 1092 1758 rationibusque
1118 1705 1225 1744 bene
1253 1704 1362 1745 fixis.
1425 1704 1524 1744 Vid.
1550 1703 1601 1743 ad
1619 1704 1711 1742 Pis-

246 1773 325 1802 cat.
349 1777 383 1801 c.
406 1769 474 1805 20.
506 1764 663 1802 Lnnm.

357 1819 463 1858 Ibid.
495 1816 562 1861 Ἐν
583 1824 640 1875 τῷ
661 1819 862 1873 πυθμένι)
891 1819 959 1856 Ex
979 1816 1147 1856 Hesiocl.
1181 1818 1357 1857 BounD.

356 1876 456 1930 Pag.
479 1878 595 1920 84.1.
617 1878 657 1920 5-
686 1873 850 1931 Ι”.Ωςπερ
882 1875 1006 1928 φασὶν
1037 1875 1080 1915 ἐν
1113 1877 1322 1926 Δελφοῖς)
1361 1872 1479 1912 Dico
1510 1871 1562 1911 ad
1586 1872 1707 1911 Paus.

243 1934 420 1974 Eoum),

361 1988 465 2031 Ibid.
490 1984 562 2030 Ἐν
583 1987 792 2041 Δελφοῖς)
821 1986 1019 2039 Delphos
1044 1987 1169 2024 tellus
1190 1999 1210 2023 a
1239 1984 1455 2037 principio
1481 1983 1709 2022 vaticinari

247 2045 375 2084 solita
406 2045 518 2094 fuit,
574 2058 683 2098 quae
712 2046 859 2096 paullo
889 2052 988 2095 post
1021 2040 1251 2094 Daphnem
1285 2041 1534 2090 constituit,
1575 2055 1597 2078 a
1629 2053 1710 2093 qua

247 2101 421 2140 Themis
453 2100 627 2140 eandem
669 2101 914 2139 facultatem
950 2097 1102 2149 adepta
1134 2107 1222 2146 est,
1272 2111 1294 2135 a
1321 2095 1529 2135 Themide
1570 2105 1710 2134 autom

247 2159 405 2211 Apollo
428 2156 542 2196 dono
566 2156 754 2209 accepit:
788 2169 869 2208 qua
893 2154 942 2193 de
966 2168 1009 2191 re
1029 2153 1197 2192 Pansam.
1220 2153 1264 2190 in
1287 2152 1501 2191 Phocicis.
1536 2152 1679 2192 Come.

360 2214 465 2256 Ibicl.
502 2217 581 2255 Τοῦ
601 2216 709 2264 ἱεροῦ
729 2209 934 2263 νάματος)
964 2209 1101 2251 Fontis
1127 2209 1384 2264 Cresphontis.
1416 2209 1561 2247 Bnon.

356 2270 461 2310 Ead.
484 2273 511 2309 l.
536 2275 574 2314 8.
613 2271 751 2324 Τῷδε)
781 2267 836 2306 Ν.
858 2268 909 2306 L.
942 2267 1110 2306 SOLAN.
1384 2315 1401 2322 „

360 2326 464 2365 Ead.
487 2329 514 2366 1.
537 2331 600 2369 12.
640 2326 715 2366 Καὶ
733 2322 830 2365 ἄλλα
844 2325 1004 2366 ποικίλα
1029 2321 1143 2376 πρός.
1176 2323 1211 2363 εἰ
1228 2319 1276 2373 δὴ
1299 2319 1346 2363 σὺ
1369 2319 1602 2374 ὠνήσασθαι
1620 2320 1705 2363 ἐθέ-

246 2390 325 2426 λων
347 2385 453 2434 etc.)
484 2384 551 2424 καὶ
570 2379 666 2423 ἅλλα
688 2384 869 2427 ποικίλα,
899 2378 1035 2434 πρὸςει
1058 2379 1106 2431 δὴ
1128 2376 1175 2421 σὺ
1197 2374 1435 2430 ὠνήσασθαι
1457 2379 1603 2420 ἐθέλων
1625 2387 1704 2418 etc.

250 2441 298 2477 Et
331 2440 414 2479 alia
456 2438 695 2479 omnimoda.
754 2436 929 2477 Aoceclis
965 2451 1053 2474 vcro
1081 2447 1123 2474 1η
1154 2451 1273 2473 emere
1308 2434 1453 2473 volens.
1495 2435 1703 2472 MAncu.

249 2496 560 2546 Hermotimus,
593 2508 677 2548 quo
704 2493 923 2546 probaret,
957 2490 1171 2540 sufficere,
1205 2491 1240 2528 si
1267 2491 1361 2543 quis
1395 2504 1519 2528 unam
1550 2498 1703 2528 sectam

252 2552 534 2603 experiretur,
575 2550 626 2589 ad
654 2548 930 2604 judicandum
963 2548 1013 2587 de
1037 2546 1210 2586 caeteris
1234 2546 1454 2594 omnibus,
1486 2559 1586 2583 usus
1608 2545 1708 2584 fue-

254 2617 318 2644 rat
351 2606 636 2646 similitudine
663 2605 841 2646 ementis
872 2606 1043 2652 vinum,
1075 2603 1148 2657 qui
1169 2603 1206 2640 si
1234 2617 1362 2640 unum
1397 2600 1600 2653 pocillum
1630 2600 1704 2637 bi-

253 2661 386 2709 berit,
419 2662 605 2714 judicare
629 2663 764 2715 possit
783 2661 833 2701 de
861 2670 955 2700 toto
989 2660 1065 2698 illo
1097 2658 1241 2707 dolio,
1283 2656 1393 2696 unde
1422 2657 1597 2695 haustus
1632 2656 1705 2695 ille

256 2717 404 2772 pocilli
424 2726 532 2758 esset
554 2718 810 2772 depromtus.
872 2716 1004 2772 Atqui
1028 2724 1154 2769 negat
1174 2713 1394 2754 Lucianus
1413 2727 1496 2753 rem
1515 2712 1623 2753 hanc
1645 2712 1705 2752 ita
