1834 3188
292 178 392 224 464
645 190 1400 222 ADNOTATioNEs

403 288 502 330 Εαιῖ.
521 290 550 327 l.
570 292 610 331 9.
649 287 706 330 Τὰ
725 294 781 345 τῷ
800 287 885 331 ὄντι
905 287 1068 342 ἆγαθά)
1105 288 1214 339 Quae
1245 289 1354 328 haud
1375 289 1489 329 dubie
1517 301 1605 330 suni
1632 291 1746 330 hona.

289 346 434 387 Bnon.
496 345 593 384 Vid.
617 345 727 384 idem
748 360 873 398 supra
899 346 1107 398 Halcyon.
1132 345 1208 383 sub
1232 347 1327 384 init.
1361 347 1527 387 SOLAN.

402 401 506 442 Ead.
527 405 552 443 l.
577 407 642 444 10.
679 403 756 443 Καὶ
776 407 968 443 Στωϊκῶν
988 400 1044 458 τῷ
1065 399 1202 457 ἄκρῳ)
1231 402 1394 441 NIelius
1409 432 1423 449 ,
1454 417 1577 457 quam
1598 404 1644 442 in
1664 404 1751 441 An·

289 458 390 515 glic.
417 461 457 506 ἐς
474 457 654 500 Στωϊκὸν
677 458 720 500 τὸ
741 456 881 510 ἄκρον.
912 459 1088 500 Bon-nn.

403 515 502 554 Eacl.
520 519 548 555 1.
575 520 641 558 11.
668 511 776 568 ‘ch’
796 513 977 568 ἡδονῆς)
1006 516 1071 554 Μ.
1099 515 1161 556 Fl.
1189 514 1232 554 S.
1258 515 1392 558 Amst.
1420 525 1544 557 recte.
1603 515 1656 555 In
1677 529 1748 555 re-

288 573 393 626 liqq‚
419 571 620 610 mendose
646 567 739 622 s’q2',
782 572 868 610 nisi
900 571 1014 625 quod
1044 571 1090 609 in
1126 571 1162 611 J.
1200 571 1363 610 excidit
1395 571 1517 611 litera
1532 583 1575 623 ἐ,
1607 574 1676 611 vel
1704 589 1746 613 v.

289 631 457 668 SOLAN.
518 628 640 667 Male
660 628 833 667 Solanus
856 627 1053 667 Aldinam
1075 627 1155 666 Ed.
1174 627 1365 675 incusat,
1399 638 1472 667 aut
1491 631 1634 667 saltem
1658 642 1746 667 non

288 686 391 724 satis
414 684 645 737 expressit,
679 684 783 737 quid
804 685 877 724 illa
896 684 1062 724 babeat.
1121 682 1261 724 Video
1283 685 1417 735 enim,
1447 685 1585 735 illam,
1616 683 1749 723 nimi-

286 757 378 782 rum
408 740 607 779 Aldinam
635 741 836 793 primam,
879 755 1016 794 neque
1045 738 1140 794 ἐφ’,
1181 754 1322 793 neque
1349 738 1428 793 ὑφ’
1452 740 1630 786 habere.
1672 739 1746 780 sed

285 799 371 837 sic:
404 794 509 850 μήθ’
529 792 572 849 φ’
586 793 752 849 ἡδονῆς.
782 797 897 836 unde
918 807 1000 836 tam
1021 794 1102 848 ὑφ’
1124 811 1248 850 quam
1269 794 1338 849 ἐφ’
1361 796 1532 847 efficias,
1565 796 1610 834 id
1631 796 1747 849 quod

286 854 433 894 eodem
464 851 593 892 modo
623 854 666 891 in
692 854 856 893 Juntina
871 868 913 893 se
935 852 1156 903 habuisse,
1199 863 1311 892 recte
1347 854 1591 892 observarat
1619 852 1746 891 idem.

283 913 448 951 Rn1Tz.
506 910 606 948 Non
629 924 715 948 uno
741 910 869 949 modo
895 911 1050 949 erravit
1070 910 1271 958 Reitzius‚
1305 909 1402 948 dum
1426 909 1566 948 Solani
1586 923 1745 949 errores

285 977 419 1008 notat,
479 966 666 1004 Primum
686 967 810 1005 litera
829 967 896 1015 A.‚
921 980 1001 1018 qua
1021 981 1122 1004 usus
1138 976 1199 1005 est
1217 964 1388 1005 Solemus
1405 967 1451 1004 in
1471 965 1742 1011 Editionum,

285 1039 394 1079 quae
415 1019 493 1074 ὕφ’
515 1022 745 1071 haberent,
777 1037 976 1070 recensu,
1008 1037 1093 1060 non
1117 1022 1316 1061 Alslinam
1341 1022 1535 1076 designat
1554 1022 1744 1075 primam,

284 1095 408 1134 quam
429 1080 502 1118 ille
523 1088 596 1116 aut
613 1092 689 1131 per
712 1080 762 1118 A.
788 1083 824 1121 1.
849 1089 921 1117 aut
942 1078 1067 1117 etiam
1089 1093 1164 1131 per
1179 1078 1281 1118 Ala.
1307 1079 1546 1133 significare
1569 1077 1742 1127 solebat,

283 1136 356 1175 sed
378 1134 780 1174 Amszelodamensem
812 1133 928 1188 (vid.
951 1136 1073 1174 Tom.
1096 1135 1132 1172 I.
1155 1135 1291 1174 Praef.
1310 1148 1350 1186 p.
1374 1134 1650 1184 CXLVIII.)
1673 1144 1746 1172 aut

283 1193 411 1232 etiam
440 1191 715 1244 Anglicanum
747 1191 964 1230 Codicem.
1025 1191 1146 1244 Ego,
1191 1205 1243 1228 ne
1277 1190 1347 1228 hic
1379 1189 1514 1229 codex
1546 1204 1640 1227 cum
1672 1189 1743 1228 illa

280 1248 488 1288 Editione
513 1248 762 1286 commutari
785 1257 952 1300 posset,
985 1261 1004 1284 a
1028 1247 1244 1298 principio
1267 1246 1376 1285 hanc
1406 1246 1576 1284 institui
1605 1260 1652 1284 ac
1674 1255 1744 1285 te-

278 1305 356 1344 nui
378 1305 607 1353 tationem,
640 1314 711 1353 ut,
744 1304 778 1341 si
800 1303 1180 1342 Amsteloclamensis
1203 1301 1352 1341 Editio
1377 1301 1658 1357 significanda
1682 1316 1744 1340 es·

277 1371 359 1410 set,
392 1361 526 1400 Amst.
551 1359 829 1410 scriberetur,
868 1360 933 1398 sin
961 1359 1109 1397 Codex
1138 1359 1392 1411 Anglicanus
1419 1358 1546 1412 Angl.
1582 1369 1655 1396 aut
1684 1359 1742 1398 Α.

276 1419 492 1462 Alterum,
527 1417 571 1454 in
599 1430 683 1468 quo
709 1417 904 1469 peccavit
932 1416 1109 1454 Reitzius
1139 1415 1246 1453 illud
1277 1426 1364 1464 est,
1408 1415 1521 1470 quod
1553 1429 1741 1453 mancam

280 1489 427 1514 vocem
447 1470 488 1525 φ’
510 1473 555 1510 in
585 1471 693 1513 Edd,
726 1473 763 1513 J.
787 1481 829 1511 et
848 1474 899 1512 A.
923 1478 958 1514 1.
992 1478 1028 1515 2,
1063 1483 1203 1509 utrum
1237 1486 1313 1524 pro
1343 1469 1436 1522 ἐφ’,
1479 1485 1530 1509 an
1558 1486 1636 1524 pro
1664 1469 1741 1519 ’ὑφ’

279 1531 461 1573 habeas,
504 1530 711 1567 incertum
736 1541 826 1568 esse
852 1528 980 1578 dicit,
1030 1542 1157 1581 quum
1183 1527 1235 1566 ob
1259 1527 1576 1579 praecedentem
1601 1526 1738 1580 adspi-

277 1598 409 1626 ratam
431 1593 462 1626 θ
482 1585 526 1622 in
553 1582 655 1637 μήθ’
680 1585 916 1623 necessario
939 1599 1015 1636 pro
1042 1580 1118 1633 ὑφ’
1143 1582 1335 1622 habenda
1355 1584 1423 1622 sit.
1484 1584 1576 1624 Jam
1611 1597 1739 1636 quum

278 1646 404 1683 semel
426 1641 629 1692 scriptum
652 1651 761 1678 esset
791 1637 896 1691 ὑφ’,
933 1651 978 1678 ut
1010 1639 1280 1678 scribendum
1311 1649 1422 1689 erat,
1465 1654 1612 1694 magna
1646 1654 1739 1678 cum

280 1698 544 1753 negligentia
562 1696 741 1735 Reiizz'ns
761 1706 898 1734 tamen
925 1692 1020 1749 μήτ’
1050 1693 1126 1747 ὑφ’
1148 1694 1305 1745 edidit,
1337 1699 1442 1735 male
1473 1710 1630 1735 memor
1660 1694 1741 1734 ad-

247 1755 251 1758 ”
278 1756 364 1794 huc
395 1753 596 1793 lectionis
629 1749 726 1805 μήτ’
757 1750 838 1803 ἐφ’.
897 1753 1047 1805 Neque
1083 1751 1378 1804 diligentiores
1407 1762 1526 1790 erant
1564 1752 1655 1806 Rip.
1699 1762 1741 1790 et

279 1812 390 1863 Seyb.
424 1810 498 1863 qui
533 1823 579 1848 ea
610 1808 652 1846 in
686 1822 728 1847 re
759 1808 938 1862 vestigia
961 1809 1077 1846 illius
1105 1817 1354 1860 premerent.
1412 1808 1597 1857 Belinus,
1630 1808 1738 1847 vitio

276 1867 593 1916 animadverso,
627 1861 824 1917 uvq'te'z‘fip'
850 1864 978 1903 scribi
1000 1864 1146 1917 jussit,
1179 1873 1220 1902 et
1250 1863 1311 1902 sic
1342 1862 1447 1902 adeo
1471 1864 1740 1903 Schmicderns

277 1938 374 1964 vere
394 1923 580 1974 scripsit.
611 1921 669 1959 At
689 1921 814 1959 unice
833 1931 986 1959 rectam
1006 1921 1234 1958 lectionem
1254 1923 1335 1972 jam
1357 1934 1479 1959 nemo
1499 1934 1586 1959 non
1607 1935 1737 1974 agno-

275 1980 387 2020 verit
410 1994 461 2018 ex
481 1977 590 2016 Edd.
611 1976 747 2016 tribus
773 1986 875 2017 vett.
900 1976 1026 2015 modo
1046 1976 1244 2014 laudatis.
1276 1978 1432 2015 Lnnm.

389 2034 491 2074 Eud.
512 2037 542 2074 1.
569 2039 634 2076 12.
674 2030 843 2074 Φθόνου
862 2033 902 2073 δὲ
917 2031 1138 2087 κρείττονι)
1171 2030 1267 2070 Vid.
1293 2045 1417 2084 supra
1438 2029 1489 2069 ad
1510 2046 1544 2071 c.
1571 2038 1637 2075 12.
1658 2032 1736 2070 bu-

273 2097 340 2148 jus
364 2093 482 2133 Dial.
509 2092 574 2128 vel
600 2104 634 2128 c.
661 2094 724 2132 19.
747 2088 797 2128 de
820 2090 954 2128 Merc.
980 2088 1100 2129 cond,
1133 2087 1206 2126 ubi
1228 2086 1278 2126 de
1300 2087 1380 2126 hac
1399 2087 1567 2139 phrasi,
1600 2090 1735 2141 perfa·
1754 2122 1767 2129 ,

275 2150 370 2199 cili,
402 2147 474 2187 sed
512 2145 724 2185 interdum
762 2159 849 2184 non
882 2145 1124 2193 intellecta,
1166 2144 1312 2194 paucis
1342 2143 1421 2197 egi.
1480 2144 1567 2182 Hic
1595 2155 1733 2184 tamen

274 2209 370 2259 plus
403 2202 574 2242 videtur
606 2200 851 2254 significari.
914 2201 1023 2239 Nam
1062 2200 1214 2239 invidia
1245 2203 1396 2253 major,
1441 2210 1504 2239 est
1537 2201 1731 2253 quidem,

275 2265 442 2317 quinon
466 2258 717 2313 perturbatur
750 2256 924 2306 invidia,
968 2259 1036 2310 qui
1061 2260 1205 2309 spernit
1232 2256 1445 2305 invidiam,
1485 2259 1553 2296 vel
1584 2258 1652 2295 cui
1685 2272 1732 2296 ea

274 2331 426 2357 nocere
450 2329 535 2353 non
558 2323 719 2366 potest,
753 2321 800 2350 ut
817 2313 963 2353 Horat.
985 2319 1025 2355 2.
1046 2312 1125 2354 Od.
1149 2314 1243 2354 XX.
1273 2336 1330 2343 —
1358 2312 1589 2367 Invidiaque
1607 2316 1733 2366 major

273 2375 386 2413 urbes
420 2371 647 2425 relinquam.
707 2367 792 2409 Sed
823 2379 864 2407 et
904 2379 1048 2422 potest
1075 2368 1242 2407 invidia
1275 2379 1358 2407 tam
1393 2369 1554 2418 activa,
1607 2382 1730 2421 quam

274 2431 464 2482 passiva,
504 2429 630 2465 simul
665 2424 872 2478 intelligi,
914 2424 959 2463 id
985 2435 1072 2473 est,
1112 2426 1186 2478 qui
1218 2439 1356 2477 neque
1384 2424 1551 2464 invidet
1580 2426 1726 2473 alteri,

274 2500 412 2539 neque
439 2493 580 2532 curat,
614 2481 650 2520 si
679 2483 782 2520 alter
802 2482 866 2518 illi
885 2481 1097 2530 invideat,
1130 2491 1358 2534 utrumque
1388 2480 1497 2518 enim
1524 2479 1728 2533 philoso-

275 2541 405 2594 phum
428 2540 558 2579 decet.
587 2539 748 2579 RmTz.
806 2537 999 2576 Nimium
1021 2537 1092 2575 hic
1117 2537 1280 2590 quaerit
1306 2536 1493 2576 Reitzius.
1551 2537 1727 2574 Passio--

275 2610 348 2634 nes
372 2596 500 2634 animi
523 2594 663 2634 variae
684 2603 956 2633 recensentur
980 2608 1000 2632 a
1025 2594 1221 2645 Lycino,
1256 2606 1357 2645 quas
1390 2606 1410 2628 a
1429 2591 1622 2643 sapiente
1647 2606 1724 2630 suo

277 2652 433 2690 alienas
454 2665 540 2690 esse
564 2653 675 2700 vult,
709 2648 854 2700 dolor,
887 2652 1109 2702 voluptas,
1142 2650 1227 2697 ira,
1261 2646 1446 2697 invidia,
1479 2647 1723 2686 divitiarum

278 2721 413 2754 ainor;
447 2717 570 2761 atque
592 2706 696 2747 adeo
721 2703 882 2760 φθόνον
904 2710 1089 2761 κρείττων
1112 2704 1222 2744 nihil
1242 2712 1326 2751 est,
1359 2703 1444 2741 nisi
1465 2704 1634 2743 invidere
1652 2720 1726 2743 nc·-
