1834 3188
273 194 372 239 688
625 203 1383 234 ΑυΝοΤΑΤιωκΕε

386 302 489 344 Eud.
511 305 536 342 l.
561 307 599 352 6.
636 300 974 354 Παραπλέοντας)
1003 300 1074 342 Sic
1094 300 1250 352 scribo,
1277 315 1361 339 non
1382 310 1430 339 ut
1453 301 1497 340 in
1522 303 1732 350 omnibus,

271 372 381 418 quos
413 360 528 410 vidi,
560 359 681 398 libris
715 368 802 409 est,
833 360 1133 413 περιπλέοντας.
1171 358 1339 397 somn.
1398 360 1531 399 Recte
1564 359 1737 400 Salanus

268 419 408 471 vidit,
451 431 528 470 pro
556 417 842 471 περιπλέοντας
880 414 1194 455 rescribendum
1239 416 1561 470 παραπλέοντας,
1599 426 1641 455 et
1674 417 1735 455 sic

266 479 397 530 plane
429 473 606 514 exhibet
633 474 721 513 Ms.
750 474 857 525 Reg·
875 477 999 517 3011.
1032 472 1130 513 Bu».
1190 472 1284 512 Neo
1306 486 1394 511 non
1414 472 1525 527 Aug.
1549 481 1593 513 et
1614 474 1734 514 Gorl.

267 532 397 572 Unde
417 539 531 570 recte
550 538 770 569 mutarunt
789 527 881 582 Rip.
902 539 945 568 et
967 528 1097 571 Schm.
1135 529 1292 568 Lmrm.

380 586 489 628 Εαᾶ.
508 589 536 626 l.
556 592 597 630 7.
627 586 800 639 Πηχέων
816 584 886 640 ἓξ)
919 585 1091 634 Nescio,
1127 600 1177 624 an
1201 586 1261 624 sic
1282 584 1433 639 nugari
1457 584 1643 624 voluerit
1655 584 1737 623 Lu·

268 649 429 695 cianus,
469 652 518 682 ut
548 657 787 682 mensuram
822 651 1024 695 poneret,
1068 657 1175 695 quae
1201 643 1276 681 vix
1311 645 1440 681 ullam
1474 640 1526 680 ad
1554 641 1734 693 reliqua,

270 717 382 756 quae
404 700 476 740 hic
497 698 721 751 dicuntur,
752 699 1075 752 proportionem
1096 698 1262 738 habeat.
1320 698 1485 749 Facile,
1518 711 1737 736 numerum

269 760 343 799 hio
363 772 453 798 esse
484 765 756 809 corruptum,
789 765 939 809 putare
966 755 1120 810 aliquis
1144 757 1295 809 possit.
1356 754 1440 795 Sed
1465 769 1611 808 parum
1633 755 1738 794 alias

269 828 445 872 quoque
474 813 702 868 religiosus
722 812 946 864 hac'parte
969 820 1036 851 est
1061 826 1201 850 scurra
1234 822 1400 862 noster,
1433 822 1482 851 ut
1502 825 1604 850 mox
1628 812 1738 850 circa

269 874 540 924 halcyonem.
590 869 730 909 zesn.
805 868 1063 910 Joculariter
1107 883 1341 907 mensuram
1384 868 1557 907 videtur
1587 865 1740 907 addere

270 930 487 983 exiguam,
500 941 595 965 cum
618 927 663 964 in
674 925 1038 978 exspectationem
1060 939 1239 978 magnae
1257 928 1456 965 lectorem
1472 923 1738 977 conjecisset,

269 984 550 1041 praemittens
575 998 693 1022 naves
719 996 808 1021 esse
830 984 1048 1022 maoeimas.
1111 982 1270 1035 Quales
1296 982 1570 1034 metaphorae
1591 979 1740 1032 decep-

269 1042 407 1082 tionis
438 1053 563 1094 parce
593 1048 636 1079 et
655 1049 753 1091 apte
772 1048 1023 1090 usurpatae,
1056 1038 1247 1077 fallendo
1271 1037 1509 1088 delectant,
1543 1051 1740 1090 quarum-

270 1113 357 1153 que
388 1099 580 1149 exempla
614 1095 792 1148 collegit
812 1094 954 1134 Eman.
990 1095 1235 1143 Thesaurus,
1269 1094 1313 1132 in
1337 1093 1439 1134 Idea
1459 1103 1632 1148 argutae
1653 1092 1742 1131 dic-

267 1155 405 1196 tionis
421 1187 431 1204 ‚
466 1162 562 1192 toto
583 1166 617 1191 c.
637 1152 755 1191 XVI.
779 1165 802 1190 a
824 1165 920 1205 pag.
940 1155 1035 1194 369.
1057 1150 1108 1189 ad
1132 1156 1226 1195 385.
1287 1150 1376 1189 Ubi
1402 1148 1605 1189 Corinthi
1629 1149 1738 1188 bella

267 1210 439 1252 moenia
462 1208 610 1249 videns
634 1209 764 1262 Agis,
800 1208 1057 1261 interrogat,
1089 1210 1250 1261 quinam
1270 1219 1359 1247 sunt
1383 1207 1480 1246 haec
1496 1208 1652 1245 moenia
1669 1208 1740 1244 in-

265 1269 489 1308 habitantes
508 1264 850 1306 MULIERES?
878 1264 961 1304 Vel
985 1264 1066 1304 hoc
1085 1264 1313 1313 Martialis,
1345 1288 1402 1296 ---
1436 1262 1595 1303 Centum
1620 1261 1740 1302 Cora·

265 1342 354 1365 mus
379 1322 590 1378 amphoras
619 1321 834 1375 AQUAE
847 1321 979 1377 fecit,
1023 1336 1116 1359 cum
1147 1322 1327 1375 quisque
1360 1328 1625 1373 exspectaret
1645 1321 1738 1357 vini.

263 1383 472 1434 Notaque
502 1388 566 1419 est
596 1379 679 1417 ista
706 1378 926 1417 cavillatio
963 1377 1184 1432 Caligulae
1213 1376 1410 1424 victoris,
1463 1390 1557 1414 cum
1591 1375 1737 1414 literas

264 1442 478 1479 laureatas
517 1435 570 1474 ad
604 1435 889 1488 Magistratus
925 1435 1136 1473 mitteret:
1189 1434 1334 1473 Parate
1368 1449 1485 1488 quam
1512 1434 1738 1471 maximum

265 1494 518 1548 triumphum,
535 1508 655 1547 quam
677 1491 914 1532 MINIMO
935 1491 1157 1531 SUMTU.
1190 1489 1316 1529 Addo
1339 1489 1600 1543 Aristophan.
1621 1489 1735 1527 Plut.

265 1557 337 1595 27.
368 1549 605 1591 πιστότατον
631 1545 832 1604 ἡγοῦμαι,
874 1549 942 1588 καὶ
974 1549 1255 1597 κλεπτίστατον,
1289 1547 1362 1584 ubi
1385 1545 1472 1584 vid.
1495 1545 1735 1597 interprett.

267 1609 315 1647 Si
339 1608 410 1646 cui
431 1606 502 1644 hic
519 1609 639 1644 lusus
670 1618 759 1643 non
784 1603 976 1642 adsideat
1001 1604 1045 1640 in
1069 1603 1319 1642 facetiarum
1344 1602 1572 1655 magistro,
1605 1610 1648 1640 et
1674 1614 1737 1639 sa-

266 1665 325 1705 tis
347 1677 498 1717 magna
522 1676 609 1701 esse
632 1660 806 1713 navigia
829 1658 1083 1710 contendat,
1115 1658 1358 1698 cubitorum
1380 1672 1479 1706 sex,
1510 1665 1663 1708 utpote
1684 1672 1737 1696 ex

267 1718 514 1767 cucurbita,
555 1731 662 1770 quae
692 1719 761 1756 vel
792 1716 853 1754 sic
884 1731 984 1755 sane
1017 1725 1079 1754 est
1106 1715 1313 1764 maxima,
1348 1728 1422 1768 per
1439 1728 1503 1753 me
1520 1713 1645 1762 licet,
1677 1714 1738 1753 ita

266 1785 479 1830 exponat,
514 1777 583 1814 vel
599 1773 642 1825 ξ’,
676 1774 703 1812 i.
723 1787 756 1812 e.
778 1777 845 1817 60.
864 1787 941 1826 pro
960 1774 1003 1823 ἓξ
1022 1775 1158 1827 legat,
1191 1785 1276 1826 quo
1296 1769 1554 1824 respondeat
1570 1784 1736 1809 mensu-

265 1848 338 1873 rae
371 1832 544 1871 navium
569 1829 794 1870 hostilium
816 1844 850 1868 c.
874 1843 958 1883 seq.
990 1830 1153 1867 Rssvrz.
1210 1825 1435 1880 ΓΕξήκοντα
1453 1830 1603 1881 legunt
1625 1828 1735 1868 Mss,

265 1892 404 1945 Regg.
436 1890 562 1933 2954.
600 1897 643 1928 et
670 1891 796 1932 5011.
830 1886 946 1939 quod
979 1901 1122 1925 verum
1145 1883 1314 1924 videtur
1336 1884 1489 1923 Belino.
1520 1883 1616 1924 Bu»,
1677 1885 1736 1922 Et

265 1947 377 1986 mihi
401 1959 583 2000 quoque.
628 1943 736 1982 Nam
761 1940 1066 1997 ἄπροςόόκηι-ον
1089 1941 1195 1980 illud
1212 1974 1223 1994 ⁷
1255 1939 1369 1995 quod
1387 1940 1566 1980 Reitzius
1587 1940 1632 1977 in
1654 1940 1735 1979 hac

268 2004 467 2044 oratione
500 2000 668 2055 quaerit
695 2001 862 2051 (minus
897 2010 1035 2039 autem
1064 2008 1179 2038 recte
1208 1997 1472 2051 metaphoram
1501 1996 1736 2050 deceptionis

265 2063 425 2108 vocat)
458 2068 531 2097 aut
564 2060 728 2096 nullum
761 2065 847 2107 est,
888 2066 962 2094 aut
988 2065 1099 2096 certe
1127 2053 1249 2094 valde
1266 2053 1539 2108 languidum,
1575 2064 1616 2092 et
1639 2068 1737 2092 mo—

265 2126 411 2157 mento
429 2129 506 2154 suo
531 2114 598 2164 (Za
613 2116 747 2167 poinie
764 2112 1033 2165 Francogalli
1055 2112 1234 2161 dicunt)
1265 2124 1423 2150 carenS.
1455 2109 1608 2163 Neque
1628 2113 1735 2148 mul-

266 2184 357 2213 tum
387 2175 507 2226 juvet
540 2170 748 2209 Codicum
771 2172 1073 2208 nonnullorum
1106 2168 1240 2207 lectio
1273 2165 1422 2221 μεγάλα
1445 2181 1523 2219 pro
1547 2167 1730 2220 μέγιστα,

266 2245 392 2283 quam
420 2227 560 2270 Belino
587 2227 807 2279 probatam
831 2226 923 2264 sine
946 2224 1101 2264 idonea
1122 2239 1267 2263 caussa
1287 2222 1423 2263 edidit
1449 2222 1733 2263 Schmiederus.

265 2288 369 2328 Jure
395 2286 540 2338 itaque
559 2298 651 2323 meo
670 2281 877 2336 ἑξήκοντα,
910 2279 969 2335 (ξ’
994 2283 1119 2332 olim,
1152 2291 1200 2319 ut
1223 2290 1335 2320 recte
1350 2279 1528 2319 Reitzius
1546 2279 1733 2318 animad-

264 2341 418 2391 vertit,
450 2342 700 2392 exaratum)
733 2355 825 2378 cum
848 2338 981 2378 Schm.
1003 2338 1271 2391 rescripsisse
1291 2336 1456 2379 videor.
1487 2336 1645 2374 mem.

348 2416 349 2420 ¹
378 2397 479 2438 Εαιῖ.
501 2400 530 2440 l.
552 2402 592 2441 8.
635 2394 800 2449 Αὐτὴν)
838 2392 978 2447 Αὐτὴν
1012 2394 1063 2433 ad
1094 2408 1219 2432 unam
1253 2391 1511 2445 κολοκύνθην
1541 2392 1732 2446 elliptice

264 2456 462 2503 refertur,
493 2455 576 2493 etsi
595 2454 772 2505 pluralis
791 2461 831 2492 et
852 2462 1051 2490 neutrum
1071 2450 1328 2504 adjectivum
1347 2448 1597 2502 praecessit:
1632 2461 1732 2500 qua·

263 2511 317 2549 lis
345 2510 561 2564 synthesis
594 2509 706 2563 apud
741 2509 925 2548 Latinos
957 2521 1131 2561 quoque
1161 2516 1223 2545 est
1248 2507 1477 2560 frequens,
1508 2514 1556 2543 ut
1580 2507 1730 2544 Terent.

265 2568 381 2606 Eun.
401 2572 451 2617 2,
475 2572 521 2617 1,
549 2570 616 2610 19.
642 2565 807 2605 Adeone
836 2565 1009 2604 homines
1034 2565 1275 2603 immutarier
1305 2579 1359 2602 ex
1387 2578 1540 2609 amore,
1580 2572 1623 2600 ut
1653 2577 1733 2601 non

269 2639 487 2675 cognoscas
506 2622 667 2662 eundem
696 2637 787 2662 esse.
850 2621 1014 2660 Sallust.
1041 2621 1134 2660 Cat.
1155 2623 1233 2668 56,
1254 2622 1291 2664 5.
1315 2620 1482 2658 Servitia
1509 2639 1565 2647 —
1595 2620 1727 2671 cujus,

270 2680 323 2718 ad
345 2693 467 2734 quem
491 2682 517 2718 1.
535 2679 635 2719 vide
656 2680 832 2720 Excurs.
854 2678 974 2718 VIII.
1004 2676 1140 2717 Cor-tii.
1201 2676 1296 2715 Alia
1318 2677 1510 2726 exempla
1533 2688 1583 2713 ex
1608 2675 1729 2712 Lati-

269 2736 337 2774 nis
371 2745 503 2776 auctt.
536 2735 711 2790 collegit
746 2736 818 2775 le.
853 2733 1044 2787 lVoplfcns
1077 2733 1120 2772 in
1155 2733 1298 2772 Lectt.
1318 2730 1502 2769 Tullian.
1527 2744 1568 2784 p.
1595 2734 1661 2775 15.
1689 2739 1732 2769 et
