1834 3188
366 180 688 213 11ERM0T1MUS
725 179 831 211 siva
865 179 933 210 DE
969 180 1142 211 sacris.
1383 171 1447 216 87

65 277 149 329 οἷς,
191 277 267 322 οὔκ
295 275 347 321 ὂίν
377 276 611 330 ἀποθάνοις
632 277 670 336 i)
703 276 1090 334 προςενεγκάμενος·
1136 277 1186 322 σύ
1227 279 1269 322 δὲ
1304 276 1590 333 ἠξίουςΡ·8οιι..

58 345 317 401 τούλάχιστον
335 349 534 401 ἐξαρκεῖν,
569 348 624 398 ὥς
645 348 873 390 ἀποτελέσαι
895 345 969 400 τὴν
988 365 1058 389 του
1081 353 1179 390 ολου
1201 353 1364 404 γνῶσιν.

172 420 313 457 ΕΡΜ.
334 414 465 458 ’Έστω
486 422 607 458 ταῦτα
626 414 680 467 ὦς
698 414 854 471 βούλει,
886 421 1051 458 Λυκῖνε.
1084 420 1122 458 τί
1144 411 1219 459 οὖν
1237 411 1313 467 1ς“);
1348 417 1448 459 ἕκα-
1471 414 1524 455 63

57 482 128 527 τᾶν
149 485 211 537 ἔτη
231 482 304 539 χρὴ
332 487 499 538 βιῶναι,
533 487 600 528 καὶ
625 482 799 536 τοςαῦθ·’
818 482 1033 540 ὑπομεῖναι
1052 483 1290 542 πράγματας
1320 482 1347 540 ἢ
1370 481 1447 528 οὐκ

56 548 107 595 ἂν
127 551 254 601 ἄλλως
276 552 651 607 φιλοσοφήσαιμενς

167 629 302 665 ΛΥΚ.
341 618 400 662 Οὔ
425 620 524 676 γάρ,
558 617 590 663 αἶ
606 622 834 679 Ἑρμότιμε·
866 623 933 664 καὶ
956 619 1091 664 δεινὸν
1111 620 1252 673 οὐδὲν,
1284 623 1375 677 εἴγε
1399 616 1446 664 ἆ-

54 697 167 746 ληθῆ
196 694 317 748 ἔλεγες
351 692 392 732 ἐν
423 688 546 746 ἀρχῇ,
580 687 634 742 ὥς
656 690 677 735 ὅ
705 694 774 746 μὲν
796 695 886 747 βίος
906 687 1079 744 βραχύς,
1110 687 1136 744 ἦ
1161 691 1202 732 δὲ
1228 690 1343 743 τέχνη
1363 706 1444 742 μα·-

52 760 154 814 κρή·
185 765 260 803 νῦν
288 762 329 803 δὲ
350 756 424 801 οὔκ
445 756 529 801 οἷδ’
563 757 657 811 ὅ,τι
686 760 854 812 παθών,
884 757 1142 814 ἀγανακτεῖς,
1174 761 1211 801 εἰ
1228 755 1282 811 μὴ
1305 756 1441 811 αὐθη-

1422 823 1442 838 ΊΙ

52 827 177 883 μερόν
201 827 298 882 ἡμῖν
328 829 424 882 πρὶν
454 831 573 870 δῦναι
598 827 714 883 ’ἥλιον
734 826 797 884 1),
832 827 1098 885 Χρύσιππος,
1128 825 1158 882 ἢ
1181 825 1382 877 Πλάτων,
1413 845 1440 879 η

52 894 306 950 Πυθαγόρας
335 898 480 950 γένοιο.

162 968 301 1005 EPM.
339 968 531 1023 Περιέρχῃ
554 984 623 1020 με,
655 960 686 1008 ὦ
705 972 878 1017 Λυκῖνε,
912 968 981 1009 καὶ
1004 964 1261 1014 συνελαύνεις
1290 965 1329 1013 ἐς
1358 978 1440 1006 στε-

46 1030 135 1083 νὸν,
168 1028 285 1074 οὐδὲν
309 1030 384 1074 ὕπ’
406 1036 504 1087 ἐμοῦ
526 1032 662 1077 δεινὸν
684 1033 856 1085 παθών,
886 1032 965 1078 ὑπὸ
987 1033 1156 1089 φθόνου
1179 1030 1344 1086 δηλαδὴ,
1379 1028 1440 1072 ὅτι

47 1098 123 1155 ἐγώ
153 1101 220 1153 μὲν
262 1100 520 1156 προῦκοπτον
552 1106 594 1146 ἐν
620 1109 703 1153 τοῖς
730 1103 967 1159 μαθήμασι,
1017 1102 1065 1148 σύ
1096 1104 1137 1146 δὲ
1177 1097 1437 1157 ὠλιγώρησας

174 1173 191 1180 η

45 1169 191 1211 ἑαυτου
214 1173 294 1221 ¹¹¹),
325 1176 557 1224 τηλικοῦτος
583 1170 650 1214 ὧν.

92 1248 134 1293 1⁸)
161 1244 461 1289 οἷποθάνοις]
490 1246 760 1294 ,,οἷποθοῖνοιο]
791 1252 848 1284 Ita
879 1253 908 1286 J.
929 1252 985 1285 Fl.
1012 1252 1059 1284 H.
1079 1252 1162 1285 Par.
1185 1254 1221 1283 et
1254 1250 1309 1282 M.
1333 1248 1434 1280 etc.“

136 1293 344 1330 Ἀποθάνοι
365 1293 383 1330 ὁ
405 1298 503 1338 conj.
526 1298 645 1333 Solan.
696 1299 773 1331 Nos
795 1294 1004 1337 ἀποθάνοις
1022 1296 1291 1341 praetulimus,
1319 1306 1431 1339 quani

139 1343 186 1376 01)
208 1353 388 1383 caussam,
405 1343 473 1377 vid.
497 1344 630 1378 Adnot.
680 1344 724 1386 k)
751 1345 794 1378 τί
820 1340 951 1389 οῧνς]
980 1346 1092 1385 Haec,
1114 1343 1206 1376 duce
1229 1341 1432 1383 interprete

134 1388 273 1421 Latino
288 1414 296 1430 ,
322 1401 341 1421 a
362 1390 601 1433 sequentibus
622 1391 805 1434 separavi,
825 1392 939 1435 vulgo
961 1402 1037 1422 non
1056 1389 1239 1422 distincta.
1278 1386 1432 1430 Saepius

133 1434 225 1467 haec
239 1435 478 1468 librariorum
498 1436 723 1479 negligentia
743 1437 835 1470 mihi
855 1436 1084 1470 emendanda
1104 1439 1248 1476 erat,ut
1258 1435 1380 1466 Prom.
1401 1444 1430 1464 s.

136 1483 249 1513 Cauc.
274 1492 303 1513 c.
328 1494 359 1525 9.
387 1481 446 1514 Sic
467 1487 503 1514 et
520 1483 554 1515 τί
575 1484 684 1517 τοῦτο
708 1483 819 1526 vulgo
842 1495 920 1515 non
939 1483 1061 1515 fuerat
1079 1481 1295 1514 distinctum
1316 1479 1431 1512 Diull.

133 1528 250 1562 Deor.
264 1528 305 1566 V,
316 1534 405 1560 extr.
427 1534 463 1560 et
484 1528 566 1561 aliis
587 1529 808 1573 quibusdam
827 1528 932 1571 locis⁷
962 1540 1055 1573 quae
1076 1527 1212 1572 partim
1236 1528 1310 1568 jam
1322 1527 1430 1557 Hem-

133 1573 327 1606 sterlzasius
349 1579 384 1608 et
403 1576 564 1606 Reitzfus
585 1577 837 1608 restituerant.
889 1575 947 1608 Cf.
972 1577 1040 1607 Pro
1063 1576 1171 1617 Laps.
1197 1584 1247 1616 ¹3-
1269 1572 1319 1605 in.
1387 1571 1426 1614 l)

133 1617 279 1654 δύναι
304 1617 357 1665 ἤλ
371 1624 469 1661 ιον]
496 1617 600 1664 ἥλιον
619 1623 730 1656 δῦναι
750 1633 850 1666 2954.
877 1627 1052 1654 narrante
1073 1620 1125 1653 sic
1147 1620 1282 1651 Boline.
1333 1618 1428 1650 Nam

131 1663 255 1709 δύναι,
282 1667 382 1711 quod
401 1673 488 1699 vett..
505 1669 599 1702 Edtl.
613 1694 622 1711 ‚
650 1680 739 1713 quas
761 1668 945 1710 consului,
974 1679 1100 1700 omnes
1119 1666 1269 1707 habent,
1292 1676 1312 1697 a
1329 1664 1430 1696 Reit-

134 1715 188 1745 zio
211 1721 246 1746 et
263 1719 418 1748 receutt.
438 1714 619 1757 scriptum
641 1722 695 1747 est
717 1716 837 1755 δῦναι,
862 1721 896 1747 et
916 1715 1001 1747 hinc
1019 1713 1144 1746 forsan
1168 1711 1312 1744 &cliuus
1336 1720 1428 1754 quo-

134 1770 205 1803 que
224 1770 311 1804 prae
338 1759 483 1793 incuria
505 1760 648 1793 formae
666 1761 792 1794 retulit
822 1760 922 1793 hunc
943 1759 1152 1800 Aoristum,
1178 1758 1282 1798 cujus
1303 1767 1428 1788 neces-

133 1805 281 1839 sitatem
302 1818 377 1839 non
400 1806 505 1839 video
527 1808 712 1850 equidem,
739 1807 805 1839 etsi
825 1818 901 1840 non
922 1810 1069 1850 ineptus
1088 1806 1146 1839 sit.
1184 1802 1347 1837 Mutavit
1364 1813 1428 1834 au-

131 1857 208 1884 tem
227 1854 408 1894 Heinius,
435 1853 506 1885 nisi
537 1853 670 1896 fallor,
695 1853 795 1898 quod
824 1859 889 1886 aut
914 1853 1008 1885 hanc
1027 1850 1234 1885 Praesentis
1264 1849 1425 1881 formam

131 1897 343 1942 ignoraret,
368 1905 432 1931 aut
461 1900 648 1932 Aoristuin
675 1900 762 1933 huic
781 1900 865 1932 loco
886 1900 1070 1944 aptiorem
1098 1908 1173 1929 esse
1195 1896 1423 1940 opinaretur.

134 1944 193 1978 Cf.
214 1944 313 1977 infra
332 1957 362 1978 e.
386 1945 440 1987 65.
467 1946 697 1988 [Infinitivus
717 1953 770 1979 est
789 1947 912 1990 δῦναι,
927 1957 995 1978 nec
1010 1950 1134 1990 potest
1152 1943 1273 1976 aliter.
1302 1941 1426 1984 Quare

131 1988 205 2024 hoc
232 1991 378 2024 restitui
407 1998 569 2037 utroque
602 1992 699 2026 loco.
740 1994 784 2027 G.
798 1994 889 2036 ‘D.]
945 1993 1007 2033 m)
1044 1989 1246 2032 ἑαυτοῦ]
1273 1987 1364 2031 „Sic
1393 1987 1425 2019 J.

44 2058 87 2088 et
111 2063 203 2086 cum
227 2050 407 2102 quibus;
439 2065 524 2088 non
552 2052 702 2089 moria-

45 2115 125 2153 tur,
145 2105 216 2158 qui
237 2107 442 2145 sumserit.
474 2109 542 2144 Tu
563 2118 701 2146 autem

43 2161 286 2215 postulabas
320 2163 533 2201 minimam
564 2164 702 2216 parti·-

45 2221 178 2256 culam
230 2217 421 2257 sufficere
464 2219 515 2257 ad
569 2220 704 2272 per-fi·-

45 2274 235 2313 ciendam
252 2276 701 2328 totiuscognitionem.

100 2331 239 2371 Ilm-m.
273 2331 367 2369 Sint
393 2331 496 2379 ista,
528 2332 592 2368 uti
621 2333 698 2380 vis,

44 2388 227 2440 Lyciue.
283 2386 398 2440 Quid
422 2387 574 2441 igitur,
608 2403 702 2426 cen-

43 2454 187 2484 tumne
203 2458 338 2482 annos
358 2443 498 2483 vivere
519 2454 703 2495 oportet,

45 2511 86 2540 et.
118 2511 183 2540 tot
219 2501 425 2539 sustinere
466 2500 701 2546 molestias,

46 2558 165 2596 aliter
192 2556 489 2611 philosophari
523 2572 609 2595 non
645 2556 701 2594 li-

47 2613 143 2652 cet?

105 2669 196 2723 Lyc.
242 2671 367 2719 Non,
414 2670 701 2709 Hermotimez

49 2738 184 2778 neque
203 2727 246 2765 id
264 2727 531 2766 intolerabile
551 2738 702 2780 putan-

760 2050 884 2100 dum,
919 2049 1123 2104 siquidem
1151 2061 1246 2086 vere
1271 2045 1423 2084 dixisti

762 2109 809 2146 ab
824 2107 967 2156 initio,
985 2107 1112 2145 vitam
1128 2105 1294 2143 brevem
1319 2117 1421 2152 esse,

761 2175 889 2203 artem
917 2175 1054 2202 autem
1075 2166 1259 2215 longam.
1296 2159 1424 2197 Nunc

761 2236 883 2269 vero,
944 2234 1088 2258 nescio
1132 2233 1213 2272 qua
1251 2229 1421 2263 caussa,

764 2276 1027 2330 indignaris.
1091 2276 1126 2314 si
1156 2289 1241 2311 non
1274 2270 1421 2310 eodem

761 2332 829 2372 die
865 2333 988 2371 nobis
1022 2342 1121 2370 ante
1153 2331 1253 2368 solis
1293 2341 1424 2365 occa-

762 2403 877 2436 sum,
911 2389 1205 2439 Chrysippus,
1240 2394 1311 2422 aut
1331 2384 1422 2421 Pla·

763 2455 832 2491 to,
867 2455 937 2483 aut
959 2444 1228 2496 Pythagoras
1252 2440 1335 2481 fias.

819 2502 955 2539 IIerm.
1002 2498 1295 2538 Circumvenis
1328 2513 1420 2547 me,

761 2558 864 2594 etin
890 2557 1104 2607 angustias
1128 2555 1269 2607 cogis,
1304 2557 1419 2592 nulla

762 2628 865 2651 ame
893 2608 1069 2651 allectus
1102 2611 1276 2664 injuria,
1320 2625 1419 2664 prae

763 2669 925 2707 invidia
957 2670 1150 2717 scilicet,
1194 2669 1309 2721 quod
1338 2682 1419 2721 ego

762 2741 804 2780 pi
816 2740 1006 2780 ogressus
1020 2726 1165 2780 aliquo
1181 2739 1314 2779 usque
1328 2740 1416 2762 sum
