1834 3188
237 187 338 232 616
596 195 1350 231 Anmo'rA'rxonns

239 296 433 334 Hermot.
457 309 491 336 c.
515 299 583 340 97.
603 297 632 338 f.
657 297 695 346 ἐς
713 294 835 351 ὅλμον
854 294 963 350 ὕδωρ
984 295 1139 350 ἐκχέας·
1171 294 1224 335 ad
1246 308 1370 350 quem
1390 297 1419 335 1.
1438 295 1520 336 alia
1541 297 1700 339 similia

239 355 323 407 jam
349 351 461 391 dedi.
492 354 657 392 Rm'rz.

355 408 461 449 Ibid.
494 408 735 464 Εὗχρῆσθαι
762 415 848 459 τοῖς
873 409 916 452 ἐν
938 407 1108 460 πόλεσι)
1146 409 1352 449 vertunt:
1393 408 1505 450 rebus
1532 413 1703 453 civitatis

244 475 343 506 recte
362 467 420 504 uti
434 477 613 518 possent,
645 481 739 505 cum
763 467 819 506 sit
833 497 844 516 ‚
875 466 967 506 bene
989 465 1267 520 rempublicam
1285 482 1425 520 gerere.
1483 466 1702 520 Improbat

243 523 290 561 in
308 521 516 562 historico
536 523 649 563 inter
673 523 756 563 alia
785 521 857 576 τὴν
886 520 1066 578 ἀγκύλην
1097 528 1184 571 ταῖς
1214 521 1497 576 ἐπιχειρήσεσι,
1536 524 1704 565 scilieet

243 580 473 633 ἑρμηνείαν.
530 578 745 633 Interpres
762 611 773 629 ,
816 579 1215 634 argumentationibus
1245 579 1470 620 rotundam.
1525 580 1583 619 At
1618 581 1703 620 hoc

242 634 410 677 laudem
429 643 623 675 meretur.
683 636 833 684 Verte,
863 647 1079 677 tortuosam
1098 636 1508 689 argumentationibus.
1563 636 1614 676 In
1637 652 1704 678 ea-

244 690 337 734 dem
365 690 545 743 periodo
565 695 714 749 κομιδῇ
727 694 988 748 τεθηγμένος,
1020 706 1107 731 non
1129 701 1192 732 est
1211 691 1425 732 admodum
1442 696 1704 744 acuminatus,

242 757 293 785 ut
314 747 579 800 ineptissime
603 749 812 802 interpres
828 780 839 798 ,
871 748 944 790 sed
965 748 1081 789 valde
1099 751 1341 798 concitatus,
1370 758 1419 789 ut
1441 752 1582 790 solent
1603 765 1704 790 ora-

243 812 355 844 tores
375 817 477 844 esse.
538 805 609 843 Ex
629 805 925 847 Alcidamante
953 806 1083 846 refert
1111 806 1284 846 Aristot.
1315 810 1409 850 111.
1440 805 1570 846 Rhet.
1601 821 1637 847 c.
1659 815 1702 853 3.

242 859 356 899 inter
381 859 541 914 frigida
563 860 676 901 dicta
701 860 860 919 ἀκράτῳ
882 867 954 915 τῆς
975 863 1154 911 διανοίας
1181 859 1283 917 ὀργῇ
1302 862 1567 918 τεθηγμένον,
1598 881 1706 904 mera

241 917 367 958 animi
383 918 445 956 ira
464 919 683 960 incitatum.
743 920 894 974 Frigus
913 929 976 959 est
995 919 1040 957 in
1059 915 1220 974 ἀκράτῳ
1239 915 1352 975 ὀργῇ.
1412 919 1505 959 Nec
1527 934 1707 974 sequen·

242 972 305 1013 tia
336 972 461 1013 verba
490 985 697 1027 ceperunt
718 975 994 1028 interpreteS,
1023 976 1090 1022 καὶ
1110 974 1130 1017 ὅ
1152 976 1221 1029 μὲν
1239 979 1338 1024 νοῦς
1355 973 1564 1030 σύστοιχος
1582 979 1678 1019 ἔστω
1692 1009 1705 1030 ,

241 1029 310 1069 καὶ
330 1029 508 1078 πυκνὸς,
543 1045 636 1071 cum
656 1031 729 1070 illa
751 1041 947 1081 vertunt,
977 1034 1186 1072 sententiae
1208 1042 1335 1071 autem
1362 1034 1462 1072 inter
1487 1049 1527 1072 se
1556 1035 1707 1073 cultae--

244 1095 373 1134 reant,
409 1102 457 1125 ac
477 1086 630 1129 solidae
651 1090 750 1138 sint,
782 1102 985 1142 perquam
1012 1087 1206 1128 absurde.
1268 1088 1376 1127 Cum
1397 1089 1474 1140 sit,
1504 1106 1636 1129 sensus
1655 1094 1706 1130 sit

241 1141 319 1179 sibi
338 1157 553 1194 consonus,
586 1143 683 1190 (hoc
703 1153 789 1194 est,
824 1144 897 1197 qui
915 1143 997 1182 sibi
1018 1143 1102 1196 ipsi
1125 1159 1211 1183 non
1230 1146 1457 1198 repugnet)
1487 1156 1522 1184 et
1539 1149 1706 1200 sapiens,

243 1196 326 1235 hoc
355 1208 442 1250 est,
495 1199 615 1240 varia
651 1215 789 1240 rerum
823 1200 1076 1256 cognitione
1110 1209 1153 1241 et
1179 1201 1360 1242 scientia
1388 1203 1509 1242 velut
1537 1201 1705 1246 densus.

243 1253 422 1296 GnAnv.
902 1259 905 1262 ’

357 1309 463 1354 Ibi&
504 1317 597 1360 Τοῖς
619 1314 662 1355 ἐν
680 1311 841 1366 πόλεσι)
884 1312 956 1356 Sic
973 1312 1079 1368 legit
1099 1312 1328 1366 interpres:
1371 1313 1493 1353 aliter
1508 1316 1636 1369 longe
1659 1315 1706 1355 in

244 1365 353 1410 Cod.
386 1368 493 1410 Petri
519 1369 707 1410 Golmam·
727 1373 767 1413 ἐν
795 1373 905 1414 ποσί.
936 1370 1115 1409 Bomm.
1176 1371 1284 1412 Ποσὶ
1307 1371 1414 1410 Mss.
1439 1370 1566 1414 GoZm.
1590 1382 1632 1410 et
1651 1373 1707 1414 L.

245 1436 293 1461 ut
312 1423 484 1478 Nigrin.
509 1441 542 1469 c.
559 1431 597 1469 4.
621 1437 661 1467 et
678 1427 777 1468 Jov.
801 1430 929 1482 Trag.
955 1442 989 1468 ο.
1009 1433 1075 1472 31.
1095 1436 1136 1465 et
1158 1432 1224 1471 43.
1281 1427 1335 1466 In
1355 1427 1533 1480 reliquis
1554 1427 1708 1470 πόλεσι.

244 1479 414 1523 SOLAN.
471 1482 574 1522 Non
597 1493 700 1521 sunt
716 1483 819 1524 haec
837 1484 929 1537 ipsa
954 1482 1199 1541 Thucydidis
1215 1482 1360 1524 verba:
1391 1483 1465 1523 sed
1485 1483 1595 1524 hanc
1614 1499 1710 1524 sen-

245 1537 422 1574 tentiam
459 1551 513 1576 ex
544 1542 751 1592 perplexa
783 1541 902 1579 illius
939 1540 1133 1579 oratione
1159 1538 1316 1579 licebat
1345 1554 1582 1593 excerpere.
1639 1543 1707 1581 Eo

246 1592 380 1645 magis
411 1593 649 1634 inclinabat
676 1596 842 1635 animus
872 1609 950 1648 pro
973 1596 1076 1646 illo,
1105 1601 1187 1644 τοῖς
1208 1597 1249 1638 ἐν
1273 1593 1431 1645 πόλεσι,
1463 1599 1604 1650 legere
1624 1604 1710 1646 τοῖς

246 1649 289 1692 ἐν
309 1650 422 1697 ποσὶ,
452 1653 525 1700 iis,
558 1667 657 1706 quae
683 1663 773 1691 ante
789 1651 925 1707 pedes,
959 1654 1027 1691 vel
1054 1666 1155 1705 prae
1184 1666 1332 1700 manu,
1365 1662 1480 1693 sunt:
1510 1654 1572 1703 ita
1598 1664 1710 1694 certe

247 1704 291 1745 in
318 1704 672 1759 interpretatione
697 1709 839 1761 posui.
900 1707 1018 1761 Quin
1051 1707 1164 1746 nihil
1194 1708 1469 1747 excusatione
1500 1723 1606 1760 opus
1638 1725 1712 1749 es·-

246 1774 292 1801 5e
319 1760 471 1813 video,
513 1763 705 1817 inspecta
729 1764 979 1807 Bourdelotii
1005 1762 1058 1803 ad
1082 1762 1203 1804 ‘hune
1228 1767 1372 1807 locum
1395 1763 1710 1810 observatione.

249 1817 388 1857 GESN.

360 1873 462 1916 Eacl.
487 1877 514 1913 1.
539 1879 578 1920 4.
615 1875 697 1932 Τήν
721 1877 763 1921 δὲ
792 1876 964 1932 φωνὴν)
1006 1877 1093 1918 Hic
1125 1891 1227 1917 vero
1257 1878 1379 1916 locus
1409 1875 1517 1917 mihi
1547 1891 1709 1932 semper

248 1928 528 1972 difficillimus
552 1933 668 1973 visus
689 1945 751 1974 est
777 1946 819 1974 et
838 1935 1039 1982 mutilus;
1073 1947 1212 1987 neque
1233 1933 1346 1972 enim
1372 1936 1503 1972 ullum
1533 1946 1710 1987 apparet

247 1986 420 2024 verbum
442 1988 555 2029 unde
577 2000 741 2042 pateat,
772 1992 926 2044 probet
956 2006 1008 2029 an
1041 1991 1208 2042 rejiciat
1229 1990 1460 2039 Lucianus,
1495 2003 1603 2043 quae
1633 1991 1709 2030 hic

248 2053 458 2082 recenset:
488 2054 530 2083 et
551 2061 698 2086 manca
717 2061 815 2086 sane
833 2047 1068 2096 sententia,
1112 2046 1146 2084 si
1168 2045 1273 2084 haec
1292 2044 1342 2083 ab
1365 2046 1461 2098 ipso
1480 2045 1711 2100 improbari

250 2099 536 2141 cumGraevio
556 2103 735 2159 aliisque
760 2104 933 2154 sentias,
993 2103 1103 2143 Nam
1133 2101 1249 2156 quod
1270 2102 1486 2155 sequitur,
1519 2102 1574 2156 μή
1597 2120 1709 2156 κομι-

249 2157 302 2210 δῇ
328 2158 574 2210 τεθηγμένος
604 2169 685 2202 etc.
729 2163 846 2199 nulla
878 2169 965 2199 arte
993 2157 1172 2207 efficies,
1212 2167 1260 2196 ut
1288 2158 1340 2196 ad
1369 2158 1473 2197 haec
1502 2169 1709 2213 spectent.

248 2211 307 2249 At
327 2212 362 2250 si
383 2227 526 2252 rursus
553 2215 684 2262 haec,
716 2229 823 2268 quae
855 2225 1041 2264 enarrat,
1074 2214 1245 2268 probet,
1276 2214 1392 2267 quod
1424 2214 1521 2266 fiet,
1551 2216 1588 2255 si
1615 2231 1711 2256 cum

249 2268 628 2324 praecedentibus,
659 2281 708 2310 ut
727 2272 928 2323 facimus,
960 2275 1216 2325 conjungas,
1256 2280 1305 2309 ut
1334 2272 1432 2325 ἔχων
1462 2270 1516 2310 ad
1542 2282 1711 2312 utrum-

251 2338 333 2375 que
353 2326 586 2377 pertineat;
633 2342 720 2367 non
751 2328 891 2366 minor
921 2327 1055 2367 oritur
1087 2326 1326 2369 difficultas.
1387 2327 1494 2382 Quis
1521 2329 1631 2368 enim
1661 2329 1709 2368 in

250 2379 481 2431 historico,
516 2384 602 2422 nisi
626 2385 740 2423 forte
766 2398 858 2422 cum
889 2398 966 2437 pro
993 2385 1201 2423 concione
1221 2381 1408 2424 dicentes
1427 2383 1617 2434 inducit,
1647 2400 1713 2424 ve·

250 2436 478 2477 hementiam
497 2440 611 2479 illam
641 2450 684 2480 et
716 2442 907 2480 oratorias
936 2452 1037 2480 artes
1068 2439 1288 2493 requirat?
1332 2440 1492 2480 Confer
1522 2455 1627 2496 quae
1658 2440 1710 2480 de

251 2491 459 2533 historico
479 2499 592 2548 stylo
613 2496 725 2549 apud
749 2497 870 2536 Cicer.
905 2497 1229 2550 praecipiuntur
1249 2495 1295 2534 in
1319 2495 1370 2536 de
1392 2497 1467 2536 Or.
1484 2497 1552 2544 II,
1580 2499 1642 2540 15.
1665 2506 1709 2536 et

254 2547 328 2587 Or·
347 2556 414 2592 20.
476 2552 556 2591 Sed
573 2555 615 2592 in
634 2554 694 2592 his
711 2564 841 2592 tracta
864 2552 1054 2609 quaedam
1075 2555 1252 2607 etfluens
1271 2555 1486 2607 expetitur,
1517 2568 1593 2592 non
1612 2554 1708 2592 haec

253 2616 432 2646 contorta
446 2619 480 2647 et
498 2612 603 2649 acris
618 2612 759 2649 oratio.
820 2608 991 2648 Nodum
1010 2612 1182 2648 solvant
1203 2608 1291 2657 alii,
1324 2608 1429 2647 mihi
1455 2622 1541 2646 non
1559 2609 1708 2663 liquet.

253 2662 421 2702 SOLAN.
483 2665 679 2716 solanus,
713 2665 787 2719 qui
817 2665 869 2703 ad
892 2664 1017 2705 verba
1040 2663 1112 2718 τὴν
1132 2666 1173 2705 ὁὲ
1192 2663 1334 2717 φωνὴν
1355 2665 1433 2703 ista
1466 2663 1708 2716 adnotavit,

253 2716 365 2757 sorte
397 2721 504 2759 lecta
536 2731 681 2763 nostra
723 2721 1077 2776 interpretatione
1108 2721 1231 2763 aliter
1261 2720 1457 2768 sentiret,
1511 2719 1706 2775 inprimis
