1834 3188
383 194 481 241 170

280 302 317 356 p.
332 311 364 346 6.
380 302 505 348 οἶσθά
522 323 603 349 που
624 306 692 349 καὶ
723 302 867 360 αῧτός,
900 302 933 350 ὦ
961 310 1110 364 ἕταῖρε,
1144 308 1198 360 ὦς
1226 306 1274 353 οὗ
1295 315 1374 353 τῶν
1398 309 1758 369 εὐμεταχειρίστων,

276 371 970 462 Ρ-7·ου’δὲ1ῥ“αθύμως’συντεθῆναι
989 373 1038 429 k)
1072 380 1305 431 δυναμένων
1334 378 1438 423 τοῦτ’
1473 383 1597 430 ἐστὶν,
1639 380 1757 434 ἄλλα,

378 443 418 484 εἷ’
432 460 468 483 τι
488 438 526 491 l)
558 444 599 484 ἐν
620 441 756 500 λόγοις
776 446 844 486 καὶ
877 443 971 487 α’λλο
990 446 1069 497 ¹¹¹),
1102 452 1254 500 πολλῆς
1283 453 1352 502 τῆς
1379 453 1595 503 φροντίδος
1626 449 1761 504 δεόμε-

373 528 468 562 νον,
509 508 630 565 ahu)
661 531 742 564 τις,
787 531 840 562 ως
871 510 892 555 ὅ
928 518 1180 569 Θουκυδίδης
1213 518 1362 569 φησὶν,
1403 519 1443 566 ἐς
1471 516 1532 559 ἀεὶ
1553 520 1617 571 ⁰)
1630 523 1761 572 κτῆμα

872 209 1279 244 LUCIANI

373 583 596 634 συντιθείη.
642 579 732 623 οἶδα
754 582 823 635 μὲν
845 599 921 624 ουν
945 580 992 624 οὗ
1013 600 1123 625 πανυ
1148 583 1325 634 πολλοὺς
1345 581 1476 626 αυτῶν
1495 588 1757 640 ἐπιστρέψων,
1780 627 1784 631 .

372 648 496 696 ἐνίοις
517 648 558 689 δὲ
576 650 642 690 καὶ
660 645 772 691 ποῖνυ
796 649 975 705 ἐπαχθὴς
997 650 1148 703 δόξων,
1181 671 1248 695 και
1271 653 1438 707 μάλιστα
1461 652 1628 704 οπόσοις
1652 653 1761 696 ἆπο-
1781 651 1784 654 ⁴

1594 724 1688 775 εἰΡ)
1717 722 1759 764 δὲ

369 786 439 825 καὶ
464 783 657 844 ἐπῄνηται
683 783 761 829 15πό
785 792 863 829 τῶν
889 787 974 830 τότε
998 786 1336 844 ἀκροασαμένων,
1369 792 1493 843 μανία
1513 787 1540 842 η’
1558 807 1601 844 γε
1621 789 1668 844 q)
1701 790 1759 831 ἐλ-

370 717 587 758 τετέλεσται
606 715 706 771 ἤδη,
739 719 808 760 καὶ
832 721 874 761 ἐν
897 725 952 777 τῷ
968 726 1093 777 κοινῷ
1114 722 1304 763 δέδεικται
1325 719 1352 775 ἦ
1380 725 1546 773 ἱστορία.

369 853 458 901 πὶς,
507 852 561 904 ὥς
592 858 634 897 οἵ
660 860 840 897 τοιοῦτοι
877 856 1220 911 μεταποιήσουσιν
1246 855 1274 911 ἢ
1318 856 1625 912 μεταγράψουσί
1644 860 1688 907 ²)
1720 875 1759 899 τι

367 926 448 963 τῶν
476 919 580 974 ἅπαξ
615 926 927 977 κεκυρωμένων,
958 927 1026 967 καὶ
1054 923 1181 981 ὥςπερ
1210 928 1248 975 ἐς
1277 926 1348 974 τὰς
1379 929 1605 979 βασιλείους
1634 922 1759 975 αὐλὰς

367 987 655 1045 ἇποκειμένων.
697 991 806 1046 ὅμως
827 994 868 1035 δὲ
891 989 940 1035 οὔ
957 998 1090 1046 χεῖρον
1121 995 1190 1034 καὶ
1210 992 1312 1049 πρὸς
1336 989 1485 1042 αὐτοὺς
1504 996 1681 1043 ἐκείνους
1702 996 1756 1035 εἰ-

368 1062 542 1111 ρῆσθαι,
583 1057 722 1113 ἴνέ),
763 1063 800 1103 εἴ
826 1079 924 1104 ποτε
952 1058 1124 1114 πόλεμος
1155 1059 1274 1112 ἄλλος
1305 1065 1492 1115 συσταίη,
1528 1059 1559 1114 ἢ
1592 1066 1757 1109 Κελτοῖς

364 1125 469 1181 πρὸς
490 1129 634 1179 Γέτας,
663 1126 694 1181 ἦ
718 1125 867 1178 Ἰνδοῖς
891 1126 994 1182 πρὸς
1016 1132 1239 1184 Βακτρίους
1269 1127 1343 1181 (ου’
1362 1130 1437 1185 γὰρ
1463 1126 1690 1184 πρὸςῆμᾶς
1711 1145 1754 1183 γε

407 1227 456 1273 k)
484 1232 808 1274 συντεθῆναι]
833 1233 1036 1286 μετεθῆναι
1055 1227 1396 1288 2954.1)02mo?
1423 1231 1472 1266 εἰ
1489 1230 1554 1274 τι]
1581 1224 1694 1272 „am-³
1719 1229 1758 1264 εἴ

452 1289 489 1310 τι
512 1278 566 1309 Μ.
574 1278 597 1295 “
668 1278 728 1319 m)
755 1277 833 1312 καὶ
858 1274 995 1321 ἄλλο]
1022 1279 1110 1311 Post
1141 1276 1226 1313 ἄλλο
1254 1284 1355 1311 recte
1384 1277 1560 1321 Rudolplz
1581 1275 1750 1320 reposuit

454 1334 623 1365 comma,
648 1323 738 1356 alias
757 1335 955 1369 perperam
974 1331 1061 1380 post
1080 1323 1204 1369 λόγοις
1223 1324 1462 1357 collocatum.
1512 1322 1751 1356 praeiverant

451 1369 525 1411 jam
545 1369 639 1403 Edd.
663 1370 705 1404 B.
733 1383 760 1403 1.
777 1375 813 1403 et
830 1382 863 1414 3
933 1373 982 1411 n)
1008 1366 1086 1416 ἢν]
1117 1372 1150 1405 εἰ
1165 1371 1261 1413 conj.
1288 1369 1364 1404 Bel.
1382 1370 1587 1402 inveterata
1605 1380 1670 1402 sua
1687 1374 1748 1400 te-

449 1415 634 1448 meritate.
685 1416 743 1449 Cf.
763 1428 875 1461 supra
895 1417 941 1449 ad
969 1417 1093 1461 Scyth.
1115 1429 1146 1450 c.
1172 1429 1224 1450 11
1244 1416 1287 1449 de
1310 1412 1419 1450 ὁπότ’
1443 1410 1488 1449 δὶν
1508 1427 1592 1448 cum
1612 1415 1744 1459 Optat.

450 1462 496 1498 o)
525 1458 570 1499 ἐς
596 1458 692 1507 αἐὶ]
720 1462 806 1502 „Sic
824 1469 924 1495 reete
942 1463 984 1497 L.
1008 1469 1044 1495 et
1060 1474 1178 1507 marg.
1199 1465 1239 1496 A.
1266 1474 1294 1494 1.
1314 1463 1374 1494 W.
1392 1474 1440 1500 ως
1463 1459 1519 1496 αἐὶ
1538 1461 1635 1494 male
1650 1460 1744 1494 Edd.

448 1506 505 1538 M.
530 1507 663 1549 etiam,
690 1508 753 1540 sed
774 1508 812 1541 in
832 1507 966 1554 litura
984 1509 1136 1562 fuitque
1152 1509 1252 1542 haud
1280 1508 1390 1540 dubie
1418 1505 1453 1546 ἐς
1472 1505 1541 1542 αἐί.
1547 1508 1570 1525 “
1618 1507 1745 1539 Etiam

447 1552 489 1584 A.
511 1563 541 1585 2.
563 1552 675 1585 habet
696 1551 743 1593 ἐς.
814 1555 861 1598 p)
889 1534 966 1597 εἰ]
977 1567 1024 1598 ην
1052 1555 1150 1596 conj.
1169 1555 1246 1587 Bel.
1277 1551 1456 1599 ἐπῄνηται
1478 1552 1639 1596 turpitel
1670 1563 1741 1596 pro

447 1597 695 1637 Subiunctivo
713 1599 865 1632 habens.
933 1601 978 1643 q)
1006 1602 1160 1644 μανιοι
1185 1597 1208 1644 ἤ
1232 1601 1300 1644 γε]
1326 1600 1490 1656 ,,μανία,
1517 1599 1607 1643 εἴγε]
1637 1598 1744 1631 Litu-

444 1655 507 1676 rae
528 1644 589 1676 hic
609 1651 695 1677 sunt
713 1644 751 1677 in
763 1647 822 1678 W.
833 1651 869 1678 et
886 1646 1037 1690 vulgata
1056 1647 1172 1679 lectio
1190 1648 1396 1690 rep051ta.“
1415 1643 1474 1678 'H
1490 1658 1528 1689 γε
1549 1655 1618 1690 p10
1640 1644 1741 1688 vulg.

444 1689 518 1733 εἴγε
546 1701 588 1722 ex
618 1700 719 1734 2954..
751 1697 785 1723 et
813 1692 914 1734 2956.
946 1692 1164 1735 ediderunt,
1187 1695 1237 1723 Β
1236 1693 1311 1724 *luzo
1341 1698 1540 1732 monente,
1576 1691 1680 1734 Bipp.
1706 1695 1743 1722 et

446 1736 564 1791 idm·
613 1738 684 1769 Pro
715 1748 756 1769 eo
776 1737 814 1769 in
837 1749 940 1780 3011
963 1738 1024 1772 καὶ
1045 1719 1193 1782 legitiir.
1252 1744 1288 1773 r)
1314 1733 1740 1788 μεταποιήσουσιν

442 1777 470 1824 ἢ
493 1780 741 1839 μεταγράψ
757 1797 775 1817 ο
789 1796 809 1817 υ
816 1786 889 1840 σι]
919 1783 1242 1829 ,,μεταποιήσωσιν
1264 1780 1289 1828 ἢ
1306 1804 1352 1808 --
1375 1795 1463 1818 ωσιν
1484 1785 1542 1817 W
1547 1786 1580 1821 “,
1623 1781 1684 1816 510
1702 1786 1739 1815 et

445 1838 549 1870 3011.
599 1832 637 1871 s)
667 1827 752 1873 ιν]
780 1826 856 1873 ,,ὴ“ν
885 1831 967 1862 W.⁴‘

348 1897 556 1948 veniunt,
589 1899 746 1963 possit
779 1899 1010 1949 Hocvero,

348 1955 466 1991 nosti
518 1955 631 1994 forte
681 1956 773 2007 ipse
814 1969 1010 2008 quoque,

349 2009 532 2060 sodalis,
585 2025 709 2063 quam
753 2025 841 2050 non
871 2012 926 2049 sit
959 2026 1011 2050 ex

346 2066 593 2112 facillimis,
643 2081 781 2120 neque
833 2082 884 2106 ex
932 2067 1008 2116 iis,

349 2135 457 2173 quae
497 2123 764 2176 negligenter
805 2123 1008 2176 componi

345 2178 537 2230 possint,
590 2178 662 2217 sed
707 2180 792 2218 hoo
825 2196 922 2228 esse,
972 2179 1009 2217 si

348 2234 453 2286 quid
475 2244 537 2273 est
557 2234 600 2272 in
624 2234 1009 2273 studiisliterarum

345 2289 488 2340 aliud,
524 2290 640 2345 quod
667 2294 797 2329 multa
822 2306 919 2329 cura
945 2291 1008 2328 ina

345 2345 514 2400 digeat3
567 2348 603 2385 si
645 2347 817 2401 quidem
853 2346 1007 2400 aliqruis‘

343 2412 530 2456 tanquam
589 2404 901 2458 possessionem
960 2404 1007 2442 in

342 2470 593 2510 perpetuum
637 2461 906 2510 obtinendam,
960 2469 1010 2498 ut

344 2514 403 2550 ait
421 2515 717 2567 Thucydides,
750 2530 1006 2569 componere

344 2571 461 2611 velit.
524 2574 638 2610 Novi
665 2573 863 2626 equidem
887 2573 1003 2621 fore,

344 2635 498 2664 utnon
519 2627 744 2667 admodum
758 2633 914 2667 multos
936 2629 1006 2666 ad-

341 2691 531 2733 vertam,
575 2686 678 2736 quin
711 2686 914 2732 omnino,
958 2695 1007 2723 ut

346 2736 520 2776 odiosus
570 2740 698 2778 etiam
750 2741 1005 2794 quibusdam

1071 1899 1232 1949 videar,
1254 1900 1338 1938 illis
1363 1898 1622 1950 praesertim,
1642 1897 1738 1950 qui-

1071 1956 1148 1993 bus
1169 1960 1249 2007 jam
1271 1956 1458 2007 perfecta
1483 1964 1569 2002 est,
1604 1963 1645 1992 et
1669 1967 1734 1991 os·

1070 2021 1189 2050 tensa
1226 2012 1269 2048 in
1321 2009 1495 2062 publico
1539 2010 1734 2051 historia.

1070 2068 1116 2105 Si
1141 2082 1240 2105 vero
1261 2067 1386 2105 etiam
1412 2066 1583 2104 laudata
1604 2067 1660 2103 sit
1679 2065 1731 2103 ab

1068 2123 1343 2161 audientibus
1361 2156 1370 2172 ,
1404 2122 1572 2160 insania
1597 2122 1731 2160 fuerit

1067 2193 1252 2232 sperare,
1297 2188 1599 2217 retractaturos
1643 2177 1732 2215 ali-

1070 2236 1199 2289 quid,
1234 2245 1306 2273 aut
1339 2236 1463 2273 aliter
1495 2236 1730 2285 scripturos

1068 2306 1238 2338 eorum,
1275 2305 1383 2344 quae
1406 2293 1534 2329 semel
1566 2290 1730 2328 firmata

1066 2348 1397 2386 auctoritatibus
1440 2356 1482 2386 et
1520 2346 1641 2399 quasi
1681 2344 1729 2383 in

1069 2407 1184 2443 aulas
1226 2405 1358 2457 regias
1395 2402 1582 2454 reposita
1611 2410 1726 2441 sunt.

1068 2461 1355 2499 Veruntamen
1385 2473 1472 2496 non
1499 2457 1726 2509 pessimum

1068 2517 1200 2556 fuerit
1229 2516 1354 2555 etiam
1395 2513 1444 2552 ad
1475 2514 1570 2552 illos
1606 2514 1724 2565 ipsos

1067 2573 1181 2611 dicta
1202 2572 1305 2609 haec
1327 2584 1428 2618 esse,
1452 2579 1513 2614 ut,
1539 2570 1573 2607 si
1595 2583 1727 2622 quan-

1067 2629 1121 2667 do
1150 2628 1302 2665 bellum
1339 2625 1545 2664 confletur
1579 2624 1720 2675 aliud,

1066 2694 1138 2722 aut
1164 2682 1375 2721 Celtarum
1403 2681 1601 2720 adversus
1633 2681 1724 2719 Ge-

1065 2749 1158 2790 tas,
1190 2748 1261 2777 aut
1296 2748 1443 2777 contra
1474 2737 1724 2790 Bactrianos
