1834 3188
249 189 350 236 378
608 193 1364 228 ADNOTATIONES

253 296 490 338 invenient.
518 295 681 336 Rizrrz.
740 293 893 332 Minus
918 291 1022 331 haec
1045 291 1262 331 subtiliter
1281 295 1348 332 vel
1369 307 1391 332 e
1411 294 1708 347 grammaticis,

253 358 323 394 vel
345 368 366 393 e
389 352 575 401 criticis,
622 349 788 405 legibus
819 348 1033 400 disputata
1064 358 1162 386 sunt
1195 358 1284 386 tum
1317 362 1340 387 a
1372 349 1521 401 Jensi0‚
1561 361 1649 390 tum
1685 367 1710 390 a

254 411 421 451 Reitzio.
479 409 631 459 Neque
650 407 761 445 enirn
779 414 891 444 recte
910 404 1119 457 praecipit
1136 404 1301 454 Densius,
1330 405 1542 445 Adverbia
1562 417 1604 446 et
1623 407 1709 446 Ad-

252 468 410 522 jectiva
432 464 668 517 promiscue
694 477 715 500 a
735 460 950 500 veteribus
970 469 1170 513 usurpata
1190 461 1344 500 fuisse:
1377 476 1513 514 neque
1532 462 1711 503 Reitzius

255 521 524 577 probandus,
560 519 633 572 qui
657 518 742 558 11.1.
764 515 942 570 perinde
967 531 1055 555 esse
1082 516 1220 564 dicat,
1254 515 1356 565 ὅλως
1385 518 1477 570 quis
1510 533 1560 556 an
1593 517 1706 570 ὅλος,

257 595 308 618 an
344 578 470 618 etiam
504 574 886 627 3R0v‚.praeferat.
956 574 1141 611 Primum
1181 573 1293 611 enim
1324 583 1372 612 ut
1406 574 1713 627 cacophoniam

254 635 525 674 Reitzianam
558 629 779 670 verborum
813 626 941 677 οὕτως
973 627 1071 677 ὅλως
1103 643 1190 668 non
1224 629 1356 684 magis
1389 643 1467 684 ego
1496 645 1708 684 agnosco,

257 706 381 744 quam
409 691 575 727 illorum
597 685 724 735 οἷ’τως
751 682 926 733 α’πίστως
948 686 1119 724 Timon.
1147 700 1179 727 0.
1202 691 1269 730 36.
1293 684 1420 734 οὕτως
1441 681 1611 740 ἀτεχνῶς
1630 688 1712 725 ali-

255 748 324 793 bi,
360 746 623 797 aliorumque
645 743 871 790 similium,
906 742 964 779 ita
992 741 1093 779 hinc
1125 743 1396 780 manifestum
1432 752 1493 780 est
1524 757 1714 782 normam

255 801 478 857 judicandi
515 800 598 838 hoc
630 797 799 852 quidem
829 802 925 836 loco
963 812 1055 835 cum
1088 797 1243 836 Reitzio
1278 798 1410 850 repeti
1446 813 1535 837 non
1572 813 1710 852 posse.

255 858 429 899 Deinde
450 854 563 905 ὅλου,
598 869 703 909 quae
731 864 793 892 est
813 854 941 892 unius
964 855 1107 906 Long.
1133 854 1235 895 Cod.
1257 855 1408 904 lectio,
1443 858 1560 893 nulla
1579 856 1718 894 ratio-

257 931 311 954 ne
333 914 600 969 grammatica
625 910 797 949 defendi
822 920 975 963 potest.
1037 909 1203 963 Quodsi
1225 910 1339 953 enim
1363 926 1449 949 non
1474 924 1717 963 possumus,

259 972 362 1026 quin
393 974 520 1018 δοκεῖς
546 977 684 1007 mente
717 976 976 1018 repetamus,
1019 966 1114 1018 quis
1147 980 1334 1019 unquam
1366 966 1543 1006 dixerit:
1586 970 1720 1016 δοκεῖς

260 1025 388 1075 οὕτως
416 1024 509 1067 ὅλον
538 1023 664 1073 sivum
703 1023 836 1075 Optio
867 1022 1012 1074 itaque
1044 1032 1107 1060 est
1133 1023 1244 1061 inter
1269 1019 1358 1070 ὅλος
1381 1033 1421 1061 et
1447 1021 1560 1071 ὅλως.
1621 1025 1715 1064 Jam

258 1099 360 1123 vero
382 1093 608 1133 utrumque
629 1080 814 1128 dicitur,
848 1087 887 1116 et
910 1077 996 1115 dici
1018 1087 1180 1129 potest,
1214 1076 1304 1119 ὅλου
1323 1078 1446 1126 εἶναι,
1481 1091 1522 1118 et
1543 1077 1644 1128 ὅλως
1664 1078 1717 1120 εἶ·

259 1158 349 1189 ναι,
384 1141 426 1180 ἓν
445 1155 522 1179 τινι
541 1134 754 1189 πράγματι.
812 1132 926 1173 Illud
951 1145 1012 1172 est
1034 1136 1079 1171 in
1103 1135 1237 1174 Diall.
1269 1136 1401 1173 Deor.
1428 1135 1540 1185 XII,
1568 1141 1606 1178 2.
1635 1134 1720 1174 hoc

260 1206 372 1236 certe
395 1191 594 1247 ἀνάλογον
617 1193 691 1241 iis,
727 1204 833 1243 quae
865 1190 1016 1229 Jcnsius
1044 1189 1185 1236 dedit,
1218 1189 1318 1239 ὅλως
1339 1190 1439 1232 εἶναι
1458 1190 1559 1244 πρὸς
1576 1196 1624 1247 τῇ
1641 1189 1720 1243 θή-

260 1272 310 1303 ρᾳ
331 1252 467 1291 Diall.
484 1252 615 1289 Deor.
642 1248 770 1296 XIX,
797 1252 836 1289 2.
864 1256 904 1284 et
925 1247 1024 1295 ὅλως
1047 1248 1138 1299 περὶ
1162 1245 1205 1287 τὸ
1226 1244 1438 1300 μειράκιον
1458 1246 1561 1289 εἶναι
1581 1248 1721 1287 Dian.

258 1311 434 1349 {Meretn
458 1307 512 1355 X,
534 1312 573 1349 4.
596 1304 671 1342 ubi
688 1305 843 1341 frustra
865 1302 1041 1342 Reitzius
1062 1302 1205 1341 turbas
1223 1313 1377 1345 movet.
1437 1304 1609 1343 Scilicet
1628 1301 1725 1346 ὅλον

260 1365 362 1407 εἶναι
382 1366 422 1405 ἓύ
441 1380 518 1405 τινι
537 1359 765 1414 respondet
784 1359 1041 1397 Latinorum
1062 1358 1227 1411 phrasi:
1258 1371 1381 1399 totum
1403 1377 1480 1399 esse
1497 1363 1538 1399 in
1560 1360 1724 1414 aliquo,-

260 1421 360 1469 ὅλως
381 1435 480 1459 vero
501 1417 624 1466 εἶναι,
660 1427 721 1455 est
741 1418 892 1469 penitus
906 1448 916 1464 ‚
945 1432 1103 1468 prorsus
1122 1433 1199 1453 esse
1220 1418 1261 1454 in
1278 1433 1329 1456 re.
1390 1417 1577 1456 Tandem
1611 1416 1724 1456 idem

261 1493 348 1517 esse
370 1486 512 1528 potest
532 1484 779 1525 utrumque,
813 1471 883 1510 sed
912 1471 1076 1511 diversa
1107 1481 1246 1510 tamen
1266 1472 1375 1511 ratio
1402 1483 1486 1522 est,
1532 1488 1613 1526 qua
1648 1487 1725 1511 ea-

261 1534 353 1572 dem
376 1529 706 1571 haec'sententia
728 1528 993 1580 exprimitur.
1053 1528 1181 1566 Nunc
1199 1537 1245 1565 ut
1263 1528 1417 1580 largiar
1436 1529 1587 1578 Jensio,
1623 1526 1725 1578 ὅλως

259 1590 353 1629 11.1.
384 1602 471 1626 non
506 1600 594 1624 esse
628 1586 843 1637 ineptum,
884 1582 975 1631 ὅλος
1003 1593 1140 1622 tamen
1177 1583 1228 1621 ob
1259 1584 1394 1624 Codd.
1425 1586 1723 1624 auctoritatem

259 1643 580 1698 praeferendum
610 1641 732 1679 duco.
791 1640 899 1678 Nam
929 1650 1092 1692 praeter
1113 1639 1222 1678 Edd.
1246 1641 1295 1679 Β.
1318 1646 1356 1682 2.
1377 1650 1418 1679 et
1435 1647 1474 1684 3.
1499 1641 1624 1679 etiam
1644 1641 1719 1680 W.

262 1701 371 1740 Cod.
392 1709 536 1738 tuetur
558 1698 666 1735 hanc
690 1696 943 1745 lectionem,
975 1706 1015 1734 et
1039 1694 1152 1747 quod
1184 1696 1228 1732 in
1262 1696 1367 1736 Cod.
1397 1702 1519 1739 3011.
1552 1695 1573 1738 ὅ
1603 1695 1723 1752 λόγος

259 1757 432 1810 legitur,
471 1764 576 1794 teste
600 1752 771 1805 quidem
803 1753 968 1802 Belum,
1002 1751 1105 1789 huic
1128 1751 1339 1790 scribendi
1360 1752 1470 1790 vitio
1494 1762 1613 1792 vetus
1630 1756 1724 1793 lec-

260 1814 324 1852 tio
349 1811 465 1861 ὅλος,
497 1810 670 1848 minime
693 1822 791 1848 vero
816 1806 938 1858 ὅλως,
973 1808 1143 1846 subesse
1164 1807 1347 1848 videtur.
1380 1810 1530 1849 131111111-

374 1891 479 1931 Eud.
501 1893 529 1930 1.
552 1891 590 1932 5.
637 1884 723 1929 0an
745 1889 783 1936 ἐς
802 1884 986 1942 μακρὰν)
1017 1882 1102 1928 Οὔκ
1126 1889 1182 1935 εἷς
1203 1884 1357 1941 μακρὸν
1379 1885 1537 1941 χρόνον.
1575 1889 1722 1929 Bnon.

376 1969 480 2010 Ead.
503 1973 530 2007 1.
550 1973 590 2010 9.
616 1965 813 2009 ΓΗσίοδον
838 1967 961 2020 οἰκεῖ)
1000 1966 1097 2005 Lib·
1126 1971 1161 2008 1.
1196 1966 1323 2019 Oper.
1365 1967 1483 2004 Haec
1517 1975 1607 2005 tota
1637 1965 1723 2004 dis-

262 2028 436 2067 sertatio
464 2024 682 2064 Hesiodum
716 2024 766 2062 de
791 2023 860 2062 via
883 2024 955 2060 illa
985 2022 1156 2060 virtutis
1188 2022 1504 2074 interpretatur.
1546 2023 1723 2063 Bounn.

261 2083 429 2124 Ηεείοιῖ.
451 2078 556 2134 Ἐργ.
580 2086 674 2124 288.
708 2081 874 2118 SOLAN.
937 2079 1005 2118 Cf.
1024 2079 1230 2129 Necyom.
1263 2093 1298 2117 0.
1322 2083 1361 2121 4.
1390 2090 1431 2117 et
1456 2077 1724 2116 nobilissima

262 2140 447 2180 Socratis
469 2136 592 2177 verba
615 2152 680 2189 ap.
700 2136 882 2189 Xenoph.
904 2136 1106 2174 IVIemorr.
1131 2135 1201 2184 II,
1231 2139 1250 2176 1
1266 2168 1277 2185 ,
1296 2140 1363 2177 20.
1386 2149 1447 2188 sq.
1478 2135 1637 2175 L1311M.

373 2217 478 2258 Ead.
499 2219 527 2254 l.
550 2220 615 2259 13.
647 2212 974 2266 ““Ωδοιπόρηται)
1006 2213 1209 2252 Lucienus
1229 2228 1280 2252 ex
1299 2227 1476 2253 numero
1498 2227 1723 2262 annorum,

265 2289 372 2329 quos
396 2277 474 2327 jam
494 2271 797 2325 philosophiae
819 2268 964 2308 studio
986 2268 1155 2308 dederat
1175 2270 1480 2318 Hermotimus,
1505 2269 1723 2323 colligens,

264 2346 358 2370 eum
380 2345 465 2368 non
485 2332 614 2382 longe
637 2328 797 2380 abipsa
819 2327 1013 2375 Virtute,
1047 2340 1171 2379 quam
1193 2340 1269 2378 pro
1290 2339 1452 2364 summo
1473 2325 1585 2363 bono
1607 2334 1724 2376 pete-

262 2386 367 2425 bant
387 2384 637 2438 philosophi
659 2383 746 2433 illi,
782 2382 947 2430 abesse,
977 2382 1048 2420 ubi
1086 2383 1340 2420 contrarium
1377 2397 1428 2421 ex
1454 2379 1721 2420 Hermotimo

265 2443 497 2496 intelligit,
530 2442 614 2488 ait,
647 2437 719 2492 οὐχ
749 2438 867 2481 ἱκανὰ
902 2435 977 2479 οὖν
1002 2440 1166 2491 ἵδρωταί
1195 2453 1279 2488 σοι,
1323 2433 1354 2479 ὦ
1377 2435 1609 2490 “Ἐρμὸτιμε,
1652 2437 1721 2478 καὶ

267 2496 545 2551 ὅδοιπὸρηταις
577 2499 634 2535 Et
663 2497 734 2535 hic
758 2496 922 2534 scilicet
942 2498 1062 2534 locus
1097 2504 1343 2547 argumento
1364 2504 1446 2538 est,
1484 2506 1604 2546 quam
1636 2493 1718 2530 im-

266 2554 407 2591 munis
427 2554 484 2592 sit
503 2554 552 2591 ab
572 2551 928 2606 inquinatissimis
948 2551 1121 2590 maculis
1142 2551 1379 2603 exquisitae
1396 2549 1467 2587 hic
1484 2549 1721 2603 elegantiae

267 2609 462 2660 scriptor.
524 2608 713 2647 Emenda
743 2606 1023 2660 ὡδοιπόρηται.
1081 2607 1242 2646 Melius
1274 2605 1582 2644 Grammaticae
1610 2607 1724 2659 leges

267 2666 312 2703 in
334 2664 416 2703 hoc
436 2665 565 2703 verbo
591 2674 779 2704 servatae
804 2673 904 2702 sunt
924 2664 1036 2702 infra
1058 2678 1091 2703 c.
1112 2667 1178 2704 27.
1208 2667 1289 2709 τοῖς
1310 2659 1383 2716 γὰρ
1413 2664 1722 2716 προωδοιπορη-

267 2718 404 2769 κόσιν,
437 2716 468 2761 ὦ
494 2727 668 2768 Λυκῖνε,
711 2719 919 2768 πιστεύσας
939 2730 1019 2759 etc.
1052 2729 1094 2758 et
1127 2719 1170 2755 in
1198 2718 1303 2756 Vera
1336 2716 1448 2755 Hist.
1474 2732 1507 2755 c.
1532 2722 1568 2760 4,
1590 2732 1723 2758 συνω-
