1834 3188
278 218 378 265 618
631 231 1388 266 ADNo'rA'rroNEs

387 333 487 388 Pag.
502 338 598 378 216-
619 335 696 377 l.3.
725 328 838 373 Ἐπεὶ
852 331 961 387 τοῖς)
990 331 1135 370 Docet
1157 330 1303 386 figuris
1323 346 1408 370 non
1432 332 1622 372 molestis
1643 348 1734 373 ora-

274 392 436 431 tionem
458 389 713 437 ornandam,
746 389 829 430 ἐπεὶ
857 394 942 436 τοῖς
968 389 1278 441 κατηρτυμέιοις
1293 394 1372 430 τῶν
1394 393 1533 442 ζωμῶν
1553 389 1734 440 ἐοικότας

274 445 492 500 ἇποφαίνει
511 445 606 494 τούς
625 445 779 500 λόγους
810 444 1008 500 Micyllus
1027 445 1179 487 vertit.
1212 448 1397 499 quoniam
1414 446 1587 500 perinde,
1612 458 1654 486 ut
1664 451 1733 502 jus

274 504 463 560 aliquod,
496 506 709 543 orationem
738 518 890 556 quoque
909 513 1010 541 recte
1034 501 1233 542 conditam
1252 502 1391 541 habere
1411 502 1532 543 debet.
1593 503 1732 558 Quam

273 567 401 616 longe
423 559 630 600 aGraecis
652 558 752 599 abit.
784 557 1040 598 Benedictus.
1069 558 1260 613 siquidem
1274 558 1377 598 illud
1393 562 1606 599 orationem
1629 576 1734 600 con-

276 620 456 659 dimentis
477 615 666 657 similem
675 612 840 656 reddit.
874 615 1168 668 Nequaquam.
1229 616 1381 655 Oratio
1406 616 1503 655 cibo
1528 615 1652 656 debet
1671 616 1734 655 si-

273 676 386 715 milis
417 688 531 720 esse,
572 686 659 712 non
696 671 985 713 condimento.
1052 670 1383 712 Condimentum
1421 682 1562 712 autem
1591 672 1734 712 cibum

269 732 410 772 reddit
431 729 673 785 gratiorem.
733 729 813 767 Illa
835 727 1105 768 condimenta
1122 738 1223 767 sunt
1240 727 1420 783 figurae,
1453 743 1562 782 quae
1579 728 1735 769 debent

270 803 359 829 esse
392 784 624 840 ηδύσματα,
665 800 752 825 non
781 786 995 838 ἐδέσματα,
1027 795 1076 823 ut
1109 785 1304 838 superius
1332 783 1492 827 docuit
1552 785 1733 827 Verten-

269 845 368 883 dum
394 844 550 898 igitur:
586 842 776 897 siquidem
808 857 918 882 suam
942 844 1156 882 orationem
1189 841 1322 881 reddet
1345 842 1510 882 similem
1533 845 1619 908 juri
1643 842 1736 882 bene

269 901 453 950 condito,
486 909 560 938 aut
578 916 668 940 suos
686 899 821 939 libros.
853 898 1030 938 GRAEV.
1090 899 1148 937 Et
1171 898 1237 938 vis
1261 899 1597 951 praepositionis
1616 916 1732 949 κατα,

270 968 311 998 et
336 959 446 996 ratio
464 961 535 1009 τῆς
553 957 657 1006 ἐπεὶ,
690 969 771 1009 qua
789 957 857 994 vel
884 954 929 993 in
952 954 1035 994 hoc
1057 954 1208 994 libello
1232 955 1464 1008 aliquoties
1486 956 1622 995 utitur
1637 957 1733 996 Lu-

271 1017 430 1063 cianus,
462 1013 591 1052 facile
623 1011 1024 1066 interpretationem
1056 1021 1243 1050 nostram
1272 1011 1531 1062 tuebuntur,
1561 1014 1664 1052 licet
1685 1012 1731 1051 in

270 1073 351 1110 alia
385 1070 527 1109 omnia
557 1070 735 1114 abeant,
778 1079 985 1122 quantum
1015 1067 1143 1107 nobis
1174 1077 1363 1119 constat,
1402 1068 1657 1122 interpretes
1688 1078 1732 1109 et

268 1126 606 1181 Lexicographi.
665 1125 817 1165 Nostri
844 1129 900 1179 τῷ
927 1124 1176 1192 καταρτύειν
1187 1124 1326 1165 simile
1351 1100 1527 1164 'verbum
1554 1125 1728 1175 habent,

268 1183 498 1223 versaltzen.
531 1183 668 1221 Gsssn.
726 1183 784 1221 At
809 1181 979 1226 Suidas,
1007 1194 1285 1234 καταρτυσων·
1314 1195 1648 1234 παρασκευασων.
1669 1178 1731 1224 εὗ-

267 1243 475 1292 τοεπὶσων.
506 1249 548 1279 et
561 1238 730 1289 ΗεεγεῙι.
749 1252 1068 1287 κατασκευασαι,
1100 1241 1324 1288 τελειωσαι,
1355 1243 1577 1291 στερεῶσαι.
1608 1239 1728 1282 Ριυυ,

265 1297 382 1336 Idem
415 1295 579 1349 Rudolp
582 1296 654 1334 hus
684 1295 729 1333 in
753 1295 848 1336 Ind
881 1296 1012 1334 vertit
1044 1295 1087 1334 h
1110 1297 1138 1335 1.
1163 1293 1347 1344 condire,
1380 1303 1421 1334 et
1451 1295 1555 1335 citat
1584 1295 1728 1333 minus

267 1363 362 1406 apte
386 1354 547 1420 Dionys
552 1313 673 1393 Ρ.Ηαί
694 1350 746 1393 de
766 1350 966 1405 Compos.
989 1351 1116 1392 Verb.
1140 1365 1180 1403 Ρ.
1202 1356 1240 1393 3.
1265 1350 1395 1404 Steph.
1414 1356 1573 1401 πολιαῖς
1587 1368 1730 1404 κατηρ-

265 1411 437 1462 τυμένης
456 1406 624 1462 ἡλικίας.
654 1423 748 1449 cum
771 1422 854 1463 quo
881 1412 980 1448 loco
1001 1408 1143 1461 aptius
1158 1407 1393 1464 Schaejerus
1414 1409 1582 1449 confert
1599 1407 1729 1448 Alci-

263 1469 402 1522 plzron·
425 1467 505 1519 Ep.
530 1466 576 1514 I,
599 1470 636 1509 8-
669 1461 691 1506 ὅ
712 1465 856 1530 λέμβος
887 1490 935 1495 -
969 1471 1053 1512 τοῖς
1071 1470 1236 1513 πολλοῖς
1256 1466 1405 1516 ἐρέταις
1424 1467 1730 1521 κατηρτυμένος.

268 1525 463 1562 Ceterum
486 1520 746 1563 Schneider-us
774 1522 818 1560 in
843 1522 1013 1562 Lexico
1038 1521 1198 1560 Gesneri
1220 1521 1552 1572 explicationem
1573 1523 1730 1575 proba-

266 1580 357 1625 vit,
391 1579 461 1617 cui
486 1588 527 1618 et
550 1591 628 1632 ego
657 1577 897 1630 adstipulor
918 1578 971 1617 ob
1004 1578 1090 1616 loci
1111 1576 1301 1615 indolem
1324 1586 1365 1616 et
1388 1591 1537 1617 sensus
1557 1581 1731 1633 elegan-

267 1636 383 1674 tiam.
447 1634 713 1688 Quamquam
733 1633 845 1672 hanc
866 1634 984 1672 verbi
1008 1649 1243 1686 καταρτυειν
1260 1642 1516 1690 potestatem
1541 1635 1732 1677 nondum

266 1706 332 1731 me
355 1691 459 1730 alibi
481 1694 621 1744 legere
641 1690 830 1734 memini
874 1691 1033 1732 Lnnm.

380 1747 485 1790 llud.
518 1744 867 1801 Κατηρτυμένοις)
895 1748 1027 1789 Arist„
1047 1745 1396 1788 Rhet.111.Ald.
1419 1745 1502 1787 Ed.
1523 1761 1565 1803 Ρ
1575 1749 1730 1796 552,1.

267 1821 317 1846 ου
337 1821 412 1859 γαο
429 1801 629 1856 ηδύσμασι
647 1806 795 1855 χοῆται,
826 1801 912 1844 αλ’λ
932 1800 985 1851 ὥς
1003 1805 1186 1854 ἐδέσμασι
1203 1809 1288 1851 τοῖς
1308 1803 1521 1852 ἐπιθέτοις
1554 1805 1723 1848 SOLAN

380 1859 1031 1927 Εαιῖ.1.7.Συμπλέκηται]
1075 1859 1146 1898 Sic
1172 1856 1199 1912 ἦ
1224 1863 1299 1901 τοῦ
1329 1861 1535 1914 ἱστορικοῦ
1562 1860 1722 1914 γνώμη,

267 1930 355 1956 non
385 1913 591 1969 ποιητική.
653 1916 876 1960 Sententia
897 1916 1000 1955 huic
1018 1915 1117 1955 loco
1140 1915 1327 1968 subjecta
1348 1915 1452 1955 haec
1477 1916 1582 1954 mihi
1605 1917 1732 1958 vide-

266 1985 358 2012 tur:
391 1974 485 2023 Est,
506 1972 582 2012 ubi
602 1971 835 2011 historicus
855 1987 1026 2027 magnas
1047 1982 1088 2012 et
1111 1971 1356 2026 magnificas
1379 1986 1444 2012 res
1464 1972 1607 2012 animo
1627 1988 1730 2012 con-

268 2031 408 2082 cipere
434 2040 475 2069 et
496 2028 644 2082 eloqui
669 2027 829 2070 debeat.
876 2028 957 2070 Sed
980 2027 1087 2071 illud
1108 2027 1377 2082 magnificum
1398 2037 1438 2068 et
1456 2028 1728 2080 splendidum

267 2101 353 2124 non
381 2086 504 2125 debet
524 2099 613 2125 esse
636 2084 719 2122 nisi
742 2087 786 2123 in
805 2085 956 2135 rebus,
990 2099 1086 2124 vere
1105 2084 1160 2122 iis
1178 2083 1349 2137 quidem
1368 2084 1523 2139 gestis·
1556 2085 1731 2131 dicendi,

267 2157 419 2197 genere
443 2141 622 2210 poetico
638 2155 856 2195 nunquam
882 2150 1038 2184 utatur.
1070 2142 1191 2179 Run.

379 2198 482 2241 Eud.
502 2201 529 2237 l.
544 2203 583 2241 8.
611 2193 801 2248 Ἀκὰτια)
831 2198 1086 2240 Navicuxam
1109 2199 1283 2241 acatium
1304 2197 1409 2243 Plin.
1434 2198 1524 2250 IX
1545 2203 1616 2244 30.
1647 2197 1731 2240 Sed

267 2255 410 2308 potius
438 2255 509 2293 hic
525 2253 570 2296 τὸ
594 2254 637 2295 ἐν
658 2251 806 2307 ἀκατίῳ
837 2256 963 2296 ἱστίον
986 2253 1036 2294 de
1065 2256 1158 2294 velo
1180 2254 1507 2310 intelligendum
1531 2265 1640 2298 recte
1660 2255 1746 2301 γί-·

268 2312 332 2350 dit
357 2311 513 2366 Bafius
533 2325 570 2364 p.
594 2315 685 2354 121
714 2311 756 2350 V
756 2322 847 2350 orst.
879 2310 1048 2352 SOLAN.

378 2367 611 2410 Ead.1.12
646 2368 848 2415 Κίνδυνος
864 2392 911 2397 -
931 2365 1018 2409 τότε
1037 2366 1245 2422 μέγιστον)
1277 2368 1362 2407 Ubi
1383 2367 1727 2421 ostendit‚quan-

270 2424 324 2463 do
343 2433 383 2464 et
409 2423 623 2477 quomodo
648 2423 879 2465 historicus
911 2423 1045 2477 possit
1075 2424 1255 2476 poeticis
1288 2424 1583 2467 locutionibus
1603 2434 1643 2462 et
1663 2423 1723 2462 di-

271 2479 393 2520 cendi
422 2480 645 2534 generibus
669 2479 752 2531 uti,
786 2490 834 2520 ut
866 2495 990 2549 quam
1023 2479 1286 2519 considerate
1316 2481 1400 2523 illis
1430 2481 1632 2523 utendum
1652 2481 1724 2529 sit,

272 2552 362 2574 cum
382 2537 544 2576 utitur:
592 2539 795 2586 Κινδυνος
809 2555 884 2591 γαρ
913 2533 1014 2595 αυτῇ
1030 2535 1118 2580 τότε
1140 2540 1323 2591 μέγιστοι·
1338 2541 1628 2591 παρακινῆσαι,
1659 2538 1727 2578 καὶ

270 2599 555 2645 κατενεχθῆναι
572 2595 611 2642 ἔς
631 2591 700 2635 τὸν
719 2610 788 2645 της
807 2599 1017 2647 ποιητικῆς
1036 2593 1275 2646 κορύβαντα.
1328 2595 1612 2645 Interpretes:
1644 2593 1726 2632 Pe·-

274 2649 436 2687 rio-ulum
458 2652 556 2688 enim
576 2661 652 2699 est,
685 2667 750 2698 ne,
783 2650 890 2704 quod
915 2652 1136 2692 maximum
1154 2661 1230 2700 est,
1263 2650 1310 2689 de-
1329 2660 1433 2692 statu
1452 2651 1586 2687 mentis
1612 2665 1726 2688 emo-

275 2715 426 2753 rentur,
459 2717 492 2744 et
518 2709 558 2744 in
585 2683 701 2745 istiam
730 2706 980 2760 Corybantem
1002 2709 1170 2760 po'e'iices
1194 2709 1399 2760 impingat.
1458 2704 1541 2742 Ista
1575 2706 1721 2753 verba,

275 2760 381 2813 quod
407 2765 623 2801 marimum
648 2774 721 2811 est,
755 2764 914 2816 frigent
936 2762 1028 2812 hic,
1062 2763 1097 2801 si
1132 2763 1228 2816 quis
1262 2760 1497 2800 accuratius
1519 2776 1566 2802 ea
1588 2762 1728 2816 inspi-
