1834 3188
494 222 1196 256 TYRANNICIDA.

1440 215 1542 261 337

147 323 249 369 οἷλλᾶ
269 324 337 368 καὶ
361 321 569 378 ἀνῆλθον,
599 322 669 366 καὶ
686 318 971 373 ἐκινδύνευσα,
1013 321 1081 363 καὶ
1106 322 1233 376 μυρία
1265 318 1347 376 πρὸ
1377 326 1449 377 τῆς
1471 329 1545 367 τοῦ
1552 341 1587 376 p.
1605 340 1683 375 152.

1527 386 1539 402 ²

144 395 360 438 νεανίσκου
387 397 548 448 σφαγῆς
577 392 748 445 ἐποίησα
769 387 833 446 ¹).
887 388 943 445 μὴ
969 387 1047 445 γάρ
1080 385 1185 431 οὕτω
1218 389 1391 446 ῥᾷστον,
1438 394 1519 445 μηδ

144 460 302 517 εὐχερὲς
319 458 545 516 ὗπολάβητε
566 458 667 502 εἶναι
684 456 728 502 τὸ
753 461 937 513 πρᾶγμα,
969 453 1158 512 φρουράν
1186 452 1439 513 ὑπερβῆναι,
1471 461 1538 501 καὶ

145 527 394 585 δορυφόρων
411 534 628 586 κρατῆσαι,
659 528 727 570 καὶ
745 527 974 582 τρέψασθαι
1001 523 1223 575 τοςούτους
1247 524 1376 579 μόνον

146 597 287 652 σχεδὸν
313 597 357 640 τὸ
392 599 572 654 μέγιστον
605 599 648 640 ἐν
671 600 723 654 τῇ
752 597 1088 650 τυραννοκτονίᾳ,
1140 594 1207 635 καὶ
1238 593 1281 637 τὸ
1309 592 1536 648 κεφάλαιον

141 671 221 708 τῶν
241 669 392 722 ἔργων,
421 663 536 709 τοῦτό
558 667 676 708 ἐστιν.
709 661 757 705 οὗ
779 660 854 718 γὰρ
878 659 928 715 δὴ
954 656 1073 710 αὐτός
1095 678 1136 716 γε
1161 658 1183 703 ὁ
1203 658 1405 718 τύραννος
1434 666 1534 720 μέγα

139 736 209 777 καὶ
232 733 458 784 δυςοέλωτον
475 734 544 776 καὶ
566 727 906 786 δυςκατὲργαστόν
929 730 1032 772 ἐστιν
1046 761 1056 779 ,
1089 726 1185 770 ἄλλα
1202 728 1249 770 τὰ
1268 737 1532 787 φρουροῦντα

137 804 209 844 καὶ
231 802 446 855 συνέχοντα
468 799 540 854 τήν
560 802 800 854 τυραννίδα
833 797 861 840 ἅ
884 815 945 847 τις
968 816 1020 840 αν
1046 796 1210 853 νικήσῃ,
1251 796 1383 840 πάντα
1412 792 1532 850 οὗτος

135 867 403 924 κατώρθωσε,
434 870 504 911 καὶ
524 868 568 912 τὸ
587 867 728 912 λοιπὸν
742 900 754 919 ,
788 864 937 929 ὀλίγον.
968 863 1012 909 τὸ
1033 866 1074 908 δὲ
1093 864 1182 918 δή
1166 862 1255 921 οἷχρι
1277 883 1356 908 των
1378 864 1530 921 τυράν-

133 953 222 979 νων
239 941 477 991 προςελθεῐν
494 939 538 988 Υ)
553 970 565 989 ,
597 934 674 980 οὐκ
694 934 744 979 ἂν
762 935 916 990 υπῆρξέ
936 951 1027 1015 μοι,
1059 931 1112 987 μὴ
1135 927 1222 987 ουχὶ
1242 951 1320 975 των
1342 936 1434 990 περὶ
1455 932 1529 976 αὖ-

133 1003 233 1054 vods
253 1002 471 1058 φυλακων,
502 1005 568 1047 καὶ
594 1003 836 1060 δορυφόρων
859 1020 1057 1045 απαντων
1073 998 1354 1056 κεκρατηκότι,
1385 1000 1529 1044 κακεί-

1390 537 1399 547 ·
1439 523 1540 569 ἄλλα

133 1089 235 1121 νους
256 1070 436 1122 ἅπαντας
465 1071 788 1128 προνενικηκότι.
822 1067 940 1116 ου’δὲν
962 1072 1015 1113 ἔτι
1047 1073 1314 1125 προςτίθημι,
1346 1066 1435 1113 ἀλλ’
1462 1071 1574 1122 ε’πὶρ.
1591 1086 1669 1123 155.

128 1137 284 1182 τούτων
303 1134 424 1189 αὖθις
443 1142 568 1195 μένω·
601 1146 785 1194 φυλακῆς
816 1138 1036 1194 ἐκράτησα,
1068 1137 1329 1192 δορυφόρους
1347 1140 1524 1193 ἐνίκησα,

128 1207 200 1249 τὸν
218 1205 441 1262 τύραννον,
472 1205 727 1261 ἀφύλακτον,
759 1207 962 1259 ἄνοπλον,
993 1204 1148 1262 γυμνὸν
1165 1204 1375 1248 ἀπέδωκα·
1406 1211 1524 1261 τιμῆς

129 1273 240 1325 ἄξιος
263 1278 328 1318 ε’πὶ
347 1273 505 1326 τούτοις
528 1275 631 1318 εἶναι’
650 1292 712 1320 σοι
731 1280 859 1328 δοκῶ,
889 1273 919 1330 ἢ
939 1277 995 1317 ἔτι
1016 1273 1193 1323 ἀπαιτεῖς
1208 1270 1309 1330 παρ’
1331 1277 1432 1329 ἐμοῦ
1449 1273 1522 1317 τὸν

128 1341 285 1396 φόνον,
319 1339 424 1384 Ἀλλ’
458 1346 587 1387 εἶκαὶ
618 1345 753 1398 φόνον
786 1349 934 1399 ζητεῖς,
973 1341 1068 1386 οὐδὲ
1097 1348 1214 1384 τοῦτο
1250 1344 1380 1395 ἐνδεῖ,
1422 1339 1497 1386 οὗδ

125 1409 370 1464 ἀναίμακτός
387 1413 431 1466 Ζ)
463 1415 539 1466 εἰμι
552 1444 563 1464 ,
597 1411 685 1455 ἀλλ’
707 1415 914 1469 εἴργασμαι
929 1410 1104 1468 μεγάλην
1123 1412 1189 1453 καὶ
1206 1413 1397 1467 γενναίαν
1416 1425 1520 1465 σφα-

166 1525 214 1568 x)
241 1522 471 1570 ἐποίησα]
500 1522 663 1571 ἐπόνησα
682 1525 784 1567 conj.
809 1524 1049 1569 Wyttenbach.
1068 1525 1189 1570 Epist.
1211 1525 1304 1560 crit.
1324 1537 1361 1570 p.
1375 1535 1433 1570 45
1453 1526 1519 1560 be-

212 1582 261 1603 ne
284 1571 447 1615 quidem.
474 1573 613 1606 Verum
631 1579 669 1606 et
686 1572 836 1616 vulgata
855 1570 1082 1605 benehabet.
1131 1575 1179 1615 y)
1205 1570 1513 1617 noogefflffslv]

210 1619 752 1709 ss‘z⁰51ffiss²5⁷r5555532239rff3
755 1616 1106 1708 ἑῗαὲξοῖἔξξζῗῖἕ
1099 1618 1514 1720 ἑζοξξιὲαἶῖξὶἶᾶἵυᾏῗ

209 1709 258 1742 H.
282 1709 307 1740 1.
329 1710 441 1742 etiam
465 1715 627 1753 praestat
656 1712 893 1755 προςελθεῑν,
926 1722 1011 1743 meo
1039 1710 1187 1754 quidem
1210 1720 1331 1747 sensu.
1394 1712 1441 1755 z)
1469 1707 1516 1746 οἶ·-

211 1754 510 1798 ναίμοικτος]
536 1757 678 1799 ‚,SicJ.
697 1757 781 1790 Ald.
804 1759 852 1800 (1.
880 1757 1053 1797 et2..)Fl
1074 1760 1131 1790 [ν.
1152 1757 1195 1790 Β.
1219 1769 1251 1791 2.
1275 1761 1329 1801 (et
1352 1769 1381 1790 ι.
1397 1760 1511 1802 etg.)

120 1850 179 1902 di,
210 1852 478 1904 periclitatus
495 1867 600 1904 sum,
634 1862 675 1893 et
692 1868 785 1893 sex-
843 1851 972 1901 fecit3
1003 1865 1181 1904 parvum
1206 1851 1409 1905 quiddam
1432 1863 1509 1903 est,

119 1918 242 1947 centa
277 1918 374 1947 ante
415 1909 583 1948 caedem
612 1910 783 1963 juvenis
845 1907 960 1962 quod
982 1918 1185 1960 superest.
1205 1909 1417 1948 Accedere
1437 1920 1511 1948 au-

117 1964 216 2004 feci.
277 1965 427 2004 Nolite
459 1966 571 2005 enim
607 1976 782 2020 putare,
843 1974 925 2004 tem
958 1963 1010 2003 ad
1037 1973 1242 2017 tyrannos
1277 1965 1384 2003 mihi
1419 1979 1509 2004 non

116 2020 372 2059 facillimum
392 2021 520 2073 adeo,
554 2032 595 2062 et
625 2023 783 2076 procli-
827 2021 1050 2075 contigit,
1083 2021 1169 2059 nisi
1192 2022 1404 2074 superatis
1427 2021 1510 2061 de-

117 2091 169 2116 ve
189 2090 279 2115 esse
299 2078 536 2130 negotium,
568 2078 781 2131 praesidia
840 2077 1055 2131 victisque
1077 2076 1217 2129 prius,
1263 2090 1368 2132 quos
1391 2079 1508 2117 circa

115 2146 334 2184 superare,
369 2134 570 2173 satellites
593 2135 777 2185 vincere,

115 2198 182 2226 tot
214 2187 408 2227 homines
431 2190 475 2226 in
500 2191 643 2244 fugam
668 2205 780 2230 con—

110 2244 240 2298 jicere
261 2259 416 2283 unum:
448 2244 519 2284 sed
548 2248 778 2289 maximum

111 2300 233 2339 fere
222 2315 266 2338 m
288 2300 583 2352 tyrannicidio
600 2333 611 2350 ‚
645 2313 686 2342 et
707 2318 778 2342 ca-

111 2366 192 2410 put
222 2370 397 2420 operum
429 2356 511 2395 hoc
544 2369 622 2399 est.
682 2359 778 2398 Ne-

113 2426 196 2465 que
216 2413 327 2452 enim
350 2425 448 2449 sane
469 2423 676 2465 tyrannus
700 2415 776 2467 ip—

111 2483 156 2507 se
199 2482 396 2523 magnum
436 2469 636 2520 quiddam
687 2480 772 2519 est,

111 2534 322 2579 captuque
363 2533 405 2563 et
435 2525 636 2564 confecta
668 2526 773 2565 adeo

112 2578 312 2628 difficile3
346 2580 419 2619 sed
450 2594 519 2629 ea,
563 2596 670 2634 quae
703 2597 772 2621 cu-

111 2635 330 2684 stodiunt,
363 2637 670 2692 continentque
699 2648 773 2690 ty-

108 2691 354 2740 tannidem,
392 2707 497 2746 quae
517 2694 552 2731 si
581 2694 676 2746 quis
697 2695 772 2732 vi—

108 2747 181 2797 cit,
195 2748 335 2786 omnia
356 2748 428 2788 ille
447 2752 656 2802 praeclare
669 2764 769 2790 con-

155 2817 206 2846 Lu
212 2816 305 2849 cian.
333 2816 415 2849 Vol.
443 2818 484 2850 ll
490 2819 510 2850 ''-

840 2147 882 2172 se
906 2133 1132 2183 habebant,
1159 2133 1424 2185 custodibus,
1442 2149 1506 2173 sa-

838 2189 1134 2244 tellitibusque
1155 2190 1382 2229 universis.
1424 2191 1506 2229 Ni-

837 2244 902 2283 hil
923 2248 1006 2298 jam
1033 2245 1219 2298 adjici03
1252 2245 1323 2285 sed
1350 2247 1397 2283 in
1417 2246 1503 2285 hoc

836 2315 981 2339 rursus
1009 2315 1175 2341 maneo.
1236 2300 1500 2341 Praesidium

833 2358 1048 2410 superavi,
1065 2358 1152 2396 vici
1175 2358 1401 2396 satellites:
1434 2366 1499 2407 ty·-

834 2426 1016 2452 rannum
1070 2413 1321 2452 custodibus
1375 2414 1495 2464 exui,

835 2468 1060 2518 inermem,
1115 2469 1277 2507 nudum
1318 2466 1495 2508 reddidi.

833 2524 949 2563 Num
989 2534 1164 2577 propter
1204 2524 1308 2564 haec
1339 2524 1505 2562 hono'r'e

833 2580 987 2634 dignus
1018 2580 1099 2618 tibi
1135 2580 1306 2620 videor:
1347 2592 1399 2616 an
1423 2579 1501 2616 in·-

831 2650 959 2688 super
990 2636 1157 2675 caedem
1180 2652 1200 2672 a
1225 2649 1288 2674 me
1316 2635 1497 2687 poscis?

829 2691 988 2731 Verum
1029 2693 1064 2729 si
1108 2691 1274 2730 caedem
1325 2704 1498 2744 quoque

828 2748 996 2800 poscis,
1046 2761 1186 2802 neque
1221 2747 1324 2786 haec
1354 2745 1495 2787 deest:

1179 2805 1218 2843 Y

1505 1341 1603 1389 '16
