1834 3188
330 188 382 219 1N
417 187 660 225 QUOMODO
700 187 933 219 nss‘ronm
972 189 1047 219 srr
1083 189 1280 220 consen.
1430 176 1531 226 577

73 296 171 327 ante
191 300 400 340 pugnam,
435 300 514 340 qua
536 286 578 323 in
599 299 641 326 re
661 287 836 325 solenne
856 299 943 325 esse
964 285 1215 326 vocabulum
1237 286 1361 327 docet
1376 287 1533 330 Pollux

69 345 106 395 I,
131 349 222 388 163.
242 345 311 383 De
331 342 461 382 muris
479 353 617 382 autem
638 341 948 381 collabentibus
966 343 1220 382 insolentius
1239 344 1408 386 videtur
1425 347 1534 385 fuis·

72 397 136 441 se.
160 401 319 439 LnnM.

183 456 288 496 Eacl.
312 459 339 498 l.
360 459 400 499 4.
421 452 627 505 Ἔδεσσα)
656 453 839 494 Edessea
866 453 1048 494 Arabiae
1083 455 1258 508 civitas,
1290 467 1412 498 antea
1436 458 1531 497 An-

69 513 234 553 tiochia
254 513 392 561 dicta,
425 521 473 550 ut
498 510 645 550 scribit
665 511 773 552 Plin.
795 512 846 550 V.
876 526 910 551 c.
937 517 1003 555 24.
1035 512 1178 554 Goon.
1239 514 1352 553 Olim
1376 515 1532 554 Antio-

69 571 165 609 chia
196 568 247 608 ad
274 566 502 621 Καλλιοοήν
528 567 652 607 dicta.
715 569 764 607 V.
786 567 891 608 Plin.
919 569 968 618 V,
992 572 1060 612 24.
1083 579 1123 608 et
1148 570 1292 623 Spanh·
1314 576 1408 615 602.
1439 570 1532 612 So-

74 642 177 666 LAs.
240 625 367 674 Πόλις
389 627 562 676 Συοίας,
597 622 663 666 διὰ
684 622 759 676 τήν
780 629 861 665 ταῖν
890 622 1050 667 ὑδάτων
1071 623 1203 677 §fiam
1235 626 1341 669 ου’τω
1367 633 1532 680 κληθεῖ-

71 699 134 733 σα,
170 678 249 724 απὸ
268 699 338 733 της
359 683 400 723 ἔν
422 680 642 723 Μακεδόνι.
674 680 762 720 vid.
789 680 918 734 Steph.
944 682 1039 734 Byz.
1066 682 1116 721 de
1139 682 1238 722 Urb.
1258 698 1298 735 p.
1322 689 1416 729 334
1450 684 1531 722 ibi-

72 754 154 792 que
171 737 321 782 Ber-,kd
342 738 552 791 Spanlzem.
577 736 627 777 de
643 746 874 791 praestant.
907 747 949 777 et
969 753 1047 778 usu
1065 752 1221 779 numm.
1244 742 1293 782 Τ.
1314 740 1349 780 I.
1372 755 1414 796 p.
1433 744 1534 786 536.

71 795 216 836 Lond.
245 806 288 833 et
313 795 582 835 alibi.RU1.o

185 851 290 892 Ead.
318 854 348 892 1.
378 856 417 895 7.
472 847 707 903 Δημοτικα)
757 849 821 892 M.
853 859 894 890 et
923 851 969 891 Ρ.
1028 852 1080 892 In
1111 850 1289 908 reliquis
1316 849 1534 908 ὃημωηκᾶ.

75 909 245 949 SOLAN.

180 963 281 1004 Ead.
303 965 332 1004 l.
355 967 396 1008 8.
431 961 781 1016 Παρενεβέβυστο)
813 961 865 1002 V.
886 964 1025 1001 locum
1056 964 1450 1005 manifestissimum
1487 965 1533 1005 in

75 1022 198 1060 Gallo
234 1035 268 1059 c.
296 1025 359 1063 11.
391 1019 466 1058 ubi
490 1034 575 1058 vox
598 1017 734 1057 affinis
757 1016 937 1070 περιβύω
963 1018 1200 1060 adhibetur.
1234 1020 1403 1063 somn.
1461 1023 1534 1061 In.

72 1079 137 1116 fra
167 1091 265 1116 vero
295 1077 402 1118 Gall.
433 1090 467 1114 c.
494 1082 559 1119 11.
590 1077 674 1120 ait,
714 1074 998 1127 περιβύσαντες
1023 1072 1255 1130 ὑπαυχένια.
1312 1080 1372 1118 Et
1407 1092 1534 1133 supra

74 1134 127 1174 de
149 1134 287 1173 Mete.
313 1131 436 1172 cond.
458 1146 492 1172 ο.
515 1137 581 1176 32
604 1131 983 1184 συμπαοαβυσωσιν.
1014 1133 1152 1172 IDEM,

185 1189 290 1229 Ibid.
317 1185 668 1240 Ἐπὲστειλεν]
699 1189 815 1227 Male
841 1188 1072 1241 interpres:
1102 1189 1332 1243 epistolavit.
1364 1205 1459 1231 narn
1485 1191 1536 1230 il·

72 1245 149 1286 lud
165 1241 315 1294 εὐτελὲς
335 1259 421 1284 non
446 1255 507 1284 est
525 1246 568 1283 in
594 1244 672 1283 hac
693 1259 822 1294 voce,
858 1258 938 1295 qua
962 1245 1099 1284 utitur
1123 1247 1293 1287 Lucian.
1318 1246 1419 1288 infr.
1427 1262 1536 1312 ‘cap.

73 1309 144 1347 31
165 1312 206 1342 et
226 1301 419 1341 Her-,odoi
443 1302 514 1350 VI,
538 1308 577 1345 3.
602 1301 775 1353 aliique.
837 1301 927 1339 Nec
949 1300 1070 1341 valde
1096 1303 1359 1367 probabilis,
1403 1304 1438 1343 si
1471 1305 1544 1342 fas

74 1369 136 1399 est
156 1358 317 1407 dicere,
357 1357 554 1398 Wielandi
571 1357 803 1408 sententia,
835 1355 877 1397 τὸ
900 1353 1047 1406 εὐτελὲς
1071 1371 1158 1398 esse
1182 1359 1226 1397 in
1247 1373 1354 1399 voce
1378 1359 1534 1413 κύριος.

73 1417 332 1455 G1aecorum
356 1416 496 1453 animo
516 1415 724 1480 ingenuo,
760 1422 800 1452 et
819 1413 1028 1452 libertatis
1051 1415 1207 1453 amanti
1230 1430 1315 1454 non
1338 1417 1537 1455 tolerabi-

72 1472 129 1518 1i;
163 1471 291 1510 immo
315 1472 360 1509 in
388 1468 747 1524 στοατοπεδάρχης.
779 1483 873 1508 nam
900 1484 1027 1522 quum
1050 1472 1089 1509 L
1092 1472 1266 1510 ucianus
1291 1473 1537 1524 saepissime

74 1527 189 1566 dicat
212 1525 449 1582 στοατηγὸς,
482 1527 586 1566 haec
608 1529 758 1565 vocula
784 1540 868 1564 non
898 1526 982 1563 nisi
1004 1525 1086 1565 hoc
1115 1542 1202 1565 uno
1227 1531 1323 1566 loco
1347 1528 1431 1583 legi
1465 1530 1540 1567 vi-

74 1584 208 1626 detur
241 1584 362 1624 Run.
423 1584 540 1623 Inter
561 1583 688 1633 vilia,
721 1585 790 1621 vel
813 1581 1000 1634 plebeja‚
1034 1585 1101 1621 vel
1127 1583 1416 1623 mendicorum
1441 1599 1540 1638 pro-

75 1641 189 1693 pria,
232 1640 440 1679 vocabula
474 1640 649 1678 minime
679 1639 828 1678 referri
851 1647 991 1690 potest
1015 1638 1386 1694 στρατοπεδαρχης,
1421 1640 1538 1695 quod

75 1696 187 1749 apud
213 1697 377 1751 Dionys.
397 1696 498 1736 Hal.
524 1710 658 1748 aeque
682 1709 727 1733 ac
749 1695 935 1732 muneris
965 1710 1050 1735 vox
1083 1701 1414 1751 στρατοπεόαρχία
1444 1700 1538 1750 plus

76 1755 202 1791 semel
224 1752 409 1790 occurrit
428 1752 479 1791 de
508 1751 661 1790 tribuno
687 1751 876 1799 militum,
911 1761 952 1789 et
985 1751 1067 1790 hoc
1095 1753 1307 1793 tribunam.
1367 1754 1542 1792 Adsen-

78 1809 163 1847 tior
190 1808 434 1858 Wielamlzb,
469 1806 620 1860 Κύριος
644 1807 894 1845 illiberalius
918 1806 1076 1845 dictum
1108 1809 1300 1860 putanti,
1342 1824 1419 1862 pro
1450 1805 1543 1851 Αὖ-

76 1863 304 1916 τοκοάτωρ,
355 1868 423 1903 vel
453 1862 678 1918 Σεβαστὸς,
722 1865 789 1901 vel
822 1868 991 1916 Kalootp.
1058 1864 1214 1903 Gesner-i
1257 1876 1540 1905 commentum

79 1920 300 1975 epistolavit
320 1921 500 1961 retinere
524 1921 736 1987 placebat,
770 1919 841 1957 sed
867 1929 1112 1959 correctum.
1145 1922 1299 1959 Lmrm.

189 1976 292 2016 End.
325 1980 354 2017 l.
384 1982 422 2020 9.
460 1974 528 2018 'E
510 1974 754 2032 Ιννοῃζοντα)
805 1974 996 2028 Castigat
1029 1977 1274 2029 scriptorem
1310 1976 1541 2023 historiae,

80 2033 155 2087 qui
187 2033 290 2071 alibi
326 2036 455 2072 multa
486 2035 678 2086 poetica,
732 2031 839 2070 alibi
873 2009 1038 2085 plebeja
1065 2043 1105 2071 et
1131 2032 1300 2072 barbara
1335 2034 1541 2072 vocabula

77 2104 179 2129 suae
201 2089 441 2128 intexuerat
465 2090 681 2131 historiae.
741 2088 860 2126 Inter
881 2087 1041 2140 plebeia
1066 2090 1192 2128 etiam
1229 2100 1290 2128 est
1320 2108 1367 2132 τα
1396 2088 1545 2144 e'yxon—

79 2150 207 2196 ζοντα.
268 2145 347 2184 Sed
374 2148 494 2184 locus
520 2147 592 2185 ille
615 2146 675 2184 sic
697 2144 867 2183 videtur
890 2159 976 2184 esse
985 2145 1364 2213 interpungendus
1388 2157 1427 2185 et
1452 2161 1543 2184 cor

79 2201 302 2256 rigendus:
334 2202 401 2242 καὶ
421 2204 461 2243 οἵ
479 2217 710 2253 στρατιωται
731 2198 928 2254 ἠγὸοαζον
950 2219 997 2241 τα
1019 2200 1274 2258 ἐγχοήζοντα,
1305 2205 1371 2243 καὶ
1389 2202 1466 2255 ἤδη
1486 2207 1543 2243 λε-

78 2259 297 2310 λουμένοι
287 2258 376 2309 περὶ
401 2254 502 2299 αὐτὰ
524 2260 724 2325 ἐγίνοντο,
759 2267 793 2294 et
814 2257 956 2296 milites·
984 2245 1158 2296 emebant
1189 2259 1265 2296 sibi
1292 2262 1463 2308 victum,
1508 2267 1543 2297 ct

80 2315 182 2355 lauti
200 2314 279 2354 illis
301 2313 564 2363 indulgebant.
606 2309 772 2369 Ἐγχοηζ
773 2330 868 2353 οντα
895 2313 1071 2353 Ciceroni
1090 2325 1130 2352 et
1159 2315 1298 2353 Tacito
1322 2324 1420 2354 sunt
1440 2325 1546 2353 uten-

81 2371 197 2420 silia,
228 2373 363 2423 copiae
382 2372 502 2409 ricini
520 2372 768 2409 neces-variae.
827 2369 907 2407 Sed
929 2370 1134 2408 Graecum
1158 2371 1409 2409 vocabulum
1431 2369 1545 2424 apud

81 2430 243 2466 nullum
278 2427 414 2464 bonae
440 2435 565 2464 notae
597 2426 843 2478 scriptorem
877 2425 1081 2467 invenias,
1141 2427 1290 2465 Paullo
1314 2437 1412 2466 ante
1434 2443 1545 2468 πτω-

81 2501 173 2537 xmo(
198 2479 399 2535 ὀνόματα,
434 2496 519 2519 non
543 2497 676 2534 masna
695 2480 819 2519 multa
841 2481 1032 2533 inflarla,
1049 2490 1096 2519 ut
1116 2485 1246 2520 stulte
1269 2493 1309 2521 et
1334 2483 1424 2523 sine
1451 2497 1546 2522 sen-

83 2540 218 2578 tentia
242 2541 369 2578 vertit
392 2539 622 2588 interpres,
656 2537 727 2576 sed
755 2536 941 2575 mendicis
963 2540 1245 2587 conzeniensta,
1279 2548 1372 2588 aut,
1406 2549 1453 2578 ut
1478 2539 1546 2578 Se-

85 2611 181 2634 neca
207 2596 424 2648 loquitur‚
464 2593 580 2631 rerba.
608 2592 661 2630 cul
689 2608 876 2631 summam
914 2609 1069 2661 caream
1099 2596 1328 2647 spectantia.
1363 2595 1542 2634 GnAnv.

90 2650 255 2690 Graevio
278 2649 574 2703 corrigendum
609 2648 777 2687 videtur
799 2665 888 2700 περι
912 2646 1032 2697 αὕτα,
1069 2663 1192 2702 quam
1222 2652 1447 2690 lectionem
1474 2666 1547 2690 se-

88 2716 243 2762 quutus
271 2705 499 2746 Wielanclus
522 2706 671 2746 vertit.
703 2704 783 2745 uncl
800 2704 977 2745 maehum
998 2706 1100 2755 sich,
1131 2722 1175 2746 so
1198 2705 1294 2745 bach
1311 2710 1366 2747 sie
1383 2708 1467 2749 siclt
1481 2723 1548 2760 ge·

134 2775 282 2807 Luc-ian.
312 2773 390 2807 Vol.
423 2776 486 2807 IV.
1186 2762 1223 2801 O
1242 2777 1266 2802 ο
