1834 3188
341 193 393 223 m
430 192 667 230 Quomono
705 191 936 221 HISTORIA
972 191 1046 221 svr
1083 191 1277 222 consen.
1437 176 1533 225 581

77 293 321 344 juramento,
360 303 438 342 pro
474 303 558 343 quo
588 289 739 328 Latini
772 288 923 328 dicunt
944 291 1031 342 jure
1061 288 1248 342 jurando.
1304 284 1379 337 ’Eg
1410 285 1538 330 αὐτοῦ

79 351 154 388 τοῦ
173 347 290 400 ἔργου
304 377 314 395 ,
347 360 433 384 non
455 355 517 385 est
536 362 590 385 ex
610 348 693 399 ipso
715 362 842 399 opere,
878 345 951 384 sed
969 361 1023 384 ex
1043 345 1114 385 illo
1134 349 1217 399 ipso
1232 344 1395 398 proelio.
1429 344 1534 383 Thu-

79 402 210 457 cydid.
234 401 304 439 lib.
329 408 366 446 3.
392 411 433 442 et
453 403 656 441 Luc-ianus
677 403 720 439 in
747 402 829 439 hoc
853 401 946 454 ipso
970 401 1116 441 libello
1141 417 1173 440 c.
1195 406 1260 444 29.
1280 402 1322 442 ἔν
1343 404 1398 455 τῷ
1417 401 1531 454 ἔργῳ,

77 462 119 498 in
140 461 222 512 ipso
243 459 404 512 proelio.
464 459 596 512 Saepe
623 459 737 512 ἔργον
763 455 852 498 κατ’
883 457 1022 510 ἐξοχὴν
1037 457 1250 511 proelium,
1285 457 1426 497 bellum
1447 471 1534 495 no-

76 524 152 554 tat.
220 514 397 567 Τρωϊκὸν
419 516 534 568 ἔργον
554 515 732 553 Arriano
755 524 818 553 est
843 516 1057 567 Trojanum
1079 514 1232 553 bellum.
1292 515 1349 552 Et
1372 513 1434 551 sic
1454 526 1532 551 ac-

76 571 318 623 cipiendum
341 572 384 609 in
405 572 479 609 illo
503 571 725 610 notissimo
743 585 862 609 versu
882 571 1067 610 Iiomeri:
1102 570 1270 612 Μύθων
1292 566 1435 622 ῥητῆρ’
1450 571 1531 621 ἔμε-

71 645 136 669 ναι
159 627 366 682 πρηκτῆρά
386 645 424 669 τε
442 629 585 681 ἔργων,
626 627 826 666 verborum
849 638 1035 665 oratorem
1057 644 1151 675 esse,
1194 638 1438 680 actoremque
1464 642 1531 664 νε·-

71 702 170 724 rum.
229 684 483 724 Phoenicem
506 684 565 722 ait
587 683 794 722 Achillem
823 682 1018 722 docuisse
1044 684 1158 736 pacis
1183 694 1225 723 et
1256 684 1354 722 belli
1390 692 1526 731 artes,

69 751 119 779 ut
139 740 318 780 disertus
338 751 445 780 esset
465 741 508 778 in
529 739 826 789 concionibus,
840 738 961 777 rebus
981 754 1080 778 vero
1101 739 1294 792 gerendis
1314 748 1526 785 strenuus,

71 806 113 835 et
134 811 260 835 manu
281 798 417 838 fortis.
476 795 604 849 Apud
624 794 800 835 eundem
836 794 962 839 πολλοὶ
994 795 1142 852 ἐοργώς
1160 806 1223 836 est
1242 795 1367 836 fortis
1381 826 1393 845 ,
1425 803 1528 833 stre-

66 867 203 893 nuus:

285 905 474 950 Kdfflav'
497 906 601 962 ὁμῶς
626 906 648 950 ὅ
666 904 705 949 τ’
724 906 865 963 ἀεργὸς
887 905 990 962 ἄνήρ
1006 941 1017 958 ,
1050 905 1074 950 δ’
1093 925 1133 949 τε
1158 905 1286 949 πολλοὶ
1304 903 1466 962 ἐοργώς.

71 966 230 1006 Occidit
254 977 332 1005 ram
355 968 543 1020 ignavus,
576 982 694 1020 quam
722 965 855 1020 fortis.
913 964 1040 1006 Iliad.
1075 970 1128 1007 Ψ.
1160 980 1253 1003 cum
1286 965 1525 1002 Patroclum

68 1023 359 1075 sepeliissent‚
400 1024 489 1064 λαοὶ
512 1019 553 1064 δ’
582 1023 646 1064 ἐπὶ
673 1023 765 1076 ἔργα
791 1019 1030 1075 τράπωνται.
1091 1021 1337 1070 Ειιείατῆἰιιε,
1371 1016 1524 1072 δηλαδὴ

66 1084 139 1121 τοῦ
159 1081 344 1131 πολέμου.
377 1077 432 1129 ὥς
452 1096 534 1121 που
558 1079 658 1132 φησὶ
687 1080 786 1134 μέγα
812 1080 928 1134 ἔργον
960 1076 1098 1132 ἄρηος.
1159 1077 1229 1118 Sic
1257 1076 1433 1117 Latinis
1464 1091 1523 1115 res

56 1153 200 1190 gerere.
228 1136 377 1178 Horat.

276 1192 357 1232 Res
370 1209 500 1246 gerere
518 1202 553 1230 et
575 1193 698 1231 vieios
718 1190 913 1234 ostendere
937 1191 1085 1232 civibus
1105 1191 1232 1232 hostes

279 1249 456 1304 Attingit
477 1247 617 1289 solium
647 1248 768 1288 Jovis.

60 1307 237 1345 Gnmzv.

174 1361 276 1401 Ead.
296 1363 322 1403 l.
343 1366 383 1405 9.
415 1357 777 1415 Ἐπομοσάμενος)
809 1361 880 1401 Sic
902 1375 1026 1415 supra
1051 1361 1241 1401 Hermot.
1262 1374 1294 1399 c.
1319 1362 1386 1404 67.
1434 1355 1519 1398 Sed

56 1417 369 1471 ἐξομοσάμενος,
402 1418 527 1471 Apol.
553 1432 631 1470 pro
659 1418 846 1459 Merced.
872 1419 995 1457 cond.
1020 1433 1054 1458 c,
1078 1424 1117 1462 6.
1151 1418 1314 1456 Sol-AN.
1375 1413 1518 1468 Equi-

59 1475 150 1514 dem
177 1475 424 1528 scriptorem
449 1475 574 1512 istum
593 1488 678 1512 non
701 1484 784 1512 tam
807 1474 1033 1521 mendacii,
1067 1488 1190 1526 quam
1211 1472 1416 1518 levitatis,
1451 1483 1517 1507 ac·

57 1545 257 1571 cusarem.
317 1531 459 1570 Facile
484 1530 572 1569 fieri
599 1531 765 1582 potuit,
799 1540 847 1567 ut
867 1530 996 1570 homo
1021 1529 1191 1582 quidam
1213 1528 1408 1579 lepidus,
1442 1540 1518 1564 cu·-

54 1590 213 1628 riosum
238 1603 331 1626 eum
353 1597 395 1625 et
416 1585 628 1625 credulum
652 1601 740 1625 esse
761 1586 946 1626 sentiens
961 1618 971 1635 ,
1005 1586 1122 1625 hisce
1139 1583 1314 1637 ineptiis
1339 1583 1516 1636 audien-

56 1644 98 1683 di
123 1643 400 1696 cupiditatem
424 1646 514 1698 ejus
535 1646 737 1696 expleret.
799 1642 995 1684 Ceterum
1017 1643 1073 1685 cf,
1096 1657 1130 1680 c.
1155 1646 1219 1686 14.
1239 1643 1273 1683 εἰ
1289 1638 1445 1683 ἀστεῖον
1463 1638 1516 1691 ἡν

55 1711 135 1741 etc.
167 1701 286 1738 Rm).

165 1755 397 1798 Eacl.1.14.
423 1751 741 1807 Ἐκπῶματα
770 1752 928 1807 fiam]
963 1756 1032 1793 De
1057 1754 1223 1808 poculis
1248 1751 1396 1792 vitreis
1421 1749 1513 1788 dis-

53 1812 154 1853 serit
181 1811 361 1851 Sluckius
382 1812 552 1866 Antiqu.
583 1812 806 1850 Convival.
831 1811 931 1849 Lib.
954 1811 1037 1849 III.
1061 1825 1093 1852 c.
1117 1816 1180 1853 12.
1209 1823 1331 1865 quem
1358 1806 1513 1847 lauda-

50 1870 116 1909 vit
138 1868 264 1908 Seber.
290 1867 339 1906 ad
359 1867 511 1908 Ροῖἷιιο.
533 1868 616 1916 VI,
644 1872 735 1909 100·
758 1882 798 1919 p-
821 1870 917 1910 625.
949 1868 1069 1907 RUD.

163 1925 263 1978 Pag·
289 1929 382 1967 197.
409 1927 436 1963 l.
454 1930 493 1968 3.
533 1921 589 1965 013
611 1926 811 1972 ξιφίδιον)
850 1923 1084 1962 Honestius
1111 1934 1261 1974 nempe
1283 1918 1327 1957 id
1361 1917 1508 1957 mortis

51 1995 208 2036 genus,
241 1981 466 2034 praecipue
487 1979 739 2018 militaribus
762 1979 864 2018 viris
882 2009 892 2026 ,
925 1978 1171 2017 habebatur.
1230 1977 1281 2016 V.
1306 1978 1404 2015 Tac.
1427 1974 1508 2012 An.

52 2038 154 2090 XV,
174 2041 240 2080 67.
265 2047 307 2077 et
326 2037 458 2090 Lipsii
481 2047 637 2077 notam.
669 2036 763 2078 Eur,
789 2032 874 2077 Ἑλ.
901 2050 942 2087 p.
965 2040 1059 2078 626.
1086 2035 1135 2075 A.
1167 2034 1318 2087 σφαγαὶ
1339 2029 1376 2073 δ’
1399 2032 1510 2083 ἔχου-

52 2108 117 2135 σιν
136 2091 284 2145 εὐγενές
299 2110 336 2133 τι
355 2095 421 2133 καὶ
439 2091 574 2135 καλόν.
607 2093 776 2133 SOLAN.
838 2091 938 2135 Vid.
961 2091 1013 2131 ad
1030 2091 1168 2148 Eurip.
1190 2093 1329 2131 locum
1349 2101 1390 2129 v.
1409 2091 1506 2136 308-

49 2151 130 2190 Jos.
153 2149 310 2190 Barnes.
339 2150 456 2188 Pusn.

163 2204 264 2245 End.
289 2208 314 2245 l.
338 2209 376 2247 5.
424 2204 696 2258 Θουκυδίδης)
740 2204 839 2244 Vid.
877 2203 1052 2257 leucycl.
1079 2203 1137 2242 II.
1169 2217 1202 2243 c.
1228 2205 1296 2247 34.
1329 2200 1501 2241 Sozm.

45 2259 290 2313 'Emuiqmo'v
313 2278 422 2305 ww,
455 2275 508 2301 8⁰.
528 2259 659 2314 λόγον.,
704 2261 877 2316 leucysl.
902 2262 971 2311 ΙΙ,
995 2264 1050 2305 34
1079 2282 1135 2292 —-
1164 2264 1232 2302 36.
1267 2255 1501 2310 Separatim

52 2319 163 2359 edita
189 2327 251 2357 est
271 2316 373 2355 haec
398 2318 555 2362 oratio,
598 2330 681 2354 una
706 2331 795 2355 cum
822 2317 1003 2356 Platonis
1023 2317 1296 2365 Menexeno,
1330 2328 1352 2353 a
1377 2312 1501 2351 Gon-

52 2376 176 2415 lebes-0
202 2373 321 2425 Lips.
346 2387 410 2425 ap.
435 2372 700 2412 Schvcrickert
727 2377 845 2415 1782.
865 2378 904 2417 8.
958 2372 1098 2411 Habet
1121 2371 1354 2410 orationem
1377 2367 1501 2406 Peri-

51 2435 156 2480 cles,
190 2429 262 2469 sed
285 2428 449 2468 Gotlleb.
475 2428 722 2467 annotavit:
755 2428 877 2467 ΙῚαιιο
897 2432 1109 2467 orationem
1132 2426 1223 2466 aliis
1242 2425 1366 2464 vce-bis
1386 2439 1411 2461 a
1430 2423 1500 2461 Pe-

52 2487 145 2526 ricle
163 2485 542 2542 conceptamfuisse‚
574 2500 592 2523 c
614 2484 834 2524 charactere
854 2484 1030 2536 (licendi,
1065 2486 1132 2542 qui
1156 2480 1399 2537 Thucydidis
1420 2489 1494 2529 est,

50 2554 221 2596 apparet.
252 2543 370 2583 Run,

163 2597 264 2638 Ead.
286 2601 313 2639 1.
334 2603 371 2641 6.
410 2601 492 2639 Τοῦ
508 2597 678 2647 πολέμου
697 2599 862 2646 ἐκείνοις
881 2597 1064 2650 νεκροῖς)
1091 2591 1282 2636 Ἐκείνου
1302 2610 1336 2633 ν.
1366 2593 1498 2633 MAR-

57 2669 147 2693 (ιι.
201 2653 389 2695 Ἐκείνου
421 2656 491 2692 W.
521 2662 561 2691 et
585 2654 638 2694 L.
667 2655 733 2693 uti
754 2664 877 2694 acute
901 2656 1138 2706 conjecerat
1158 2649 1385 2692 Mat-cilius.
1446 2649 1497 2687 In

53 2708 226 2766 1eliquis
244 2711 421 2761 ἐκείνοις.
450 2711 617 2749 SOLAN.
