1834 3188
438 240 608 271 zmzxis
644 239 735 272 vm.
770 238 1068 270 ANTIocHns.
1352 231 1447 279 129

56 340 125 384 καὶ
145 338 292 389 πάντες
307 340 354 382 ’ἓν
385 339 452 382 καὶ
481 336 525 381 τό
561 335 655 380 αὐτὸ
680 338 1021 390 ἐπεσημαίνοντο,
1064 335 1140 391 τὴν
1172 336 1339 394 γνώμην
1364 346 1446 384 τῶν
1458 360 1494 394 p.
1507 353 1588 395 839.

59 407 377 465 συγγραμμάτων
400 408 517 459 ξένην
545 400 692 455 οὖσαν,
727 407 796 447 καὶ
813 405 945 448 πολῦν
968 409 1010 449 ἐν
1032 403 1135 463 αὐτῇ
1148 404 1219 448 τόν
1239 425 1446 464 νεωτερισ-

57 475 147 531 μόν.
180 481 329 530 μᾶλλον
359 476 400 518 δὲ
421 470 523 516 αὐτοὶ
555 476 680 516 εἰπεῖν
706 470 898 525 ἄμεινον,
933 472 1032 527 ἅπερ
1067 476 1214 517 ἐκεῖνοι
1238 473 1448 534 ἀπεφθέγ-

57 556 192 601 γοντο·
225 542 258 586 ὦ
277 550 347 597 τῆς
367 543 632 595 καινότητος]
654 537 872 595 μΙ-[ράκλεις
888 537 963 592 b),
993 545 1063 595 τῆς
1080 545 1420 601 παραδοξολογίας
1431 549 1450 590 .’

60 609 289 667 εὐμήχανος
313 611 547 667 ἅνθρωπος.
579 607 694 653 οὐδὲν
715 606 764 651 ἄν
787 626 846 657 τις
867 611 972 652 εἴποι
991 615 1060 662 τῆς
1090 611 1270 661 ἐπινοίας
1297 615 1448 668 νεαρώ-

57 698 188 736 τερον.
244 684 285 723 οἷ
314 682 383 734 μὲν
408 684 573 722 τοιαῦτα
603 676 729 720 πολλοὶ
762 679 918 733 ἔλεγον,
952 675 1007 726 ὦς
1038 680 1266 733 ἐκεκίνηντο
1298 683 1453 738 δηλαδὴ

56 745 136 791 vind
160 755 232 802 τῆς
255 746 499 803 οἷκροάσεως.
531 745 558 800 ἢ
577 750 666 788 τίνα
689 745 764 801 γὰρ
788 743 838 787 ἂν
857 748 987 788 αἰτίαν
1011 744 1118 800 εἶχον
1136 745 1365 801 ψεύδεσθαι
1385 753 1456 795 καὶ

55 816 293 861 κολακεύειν
319 815 366 859 τοὶ
401 819 585 866 τοιαῦτα,
628 815 742 865 ξένον
781 811 1026 868 ἄνθρωπον,
1068 813 1116 856 οὗ
1154 813 1264 858 πάνυ
1296 824 1450 873 πολλῆς

57 885 194 935 αὐτοῖς
212 888 429 940 φροντίδος
452 883 566 934 ἄξιον
583 881 631 924 τὰ
655 882 773 934 ἄλλας
809 881 926 936 Πλὴν
948 884 1014 936 ε’μέ
1031 901 1073 938 γε
1097 881 1322 940 (εἰρήσεται
1342 886 1445 944 γὰρ)
1472 884 1500 925 2

58 950 106 997 οὗ
126 957 293 1008 μετρίως
319 950 416 1006 ἠνία
443 949 465 995 ὁ
496 954 661 1000 ἔπαινος
682 948 826 993 αὐτῶν.
857 953 925 994 καὶ
955 951 1091 1005 ἐπειδή
1111 970 1211 995 ποτε
1241 953 1448 999 ἀπελθόν·-

55 1040 136 1064 των
152 1019 242 1064 κατ’
262 1020 434 1076 ἐμαυτὸν
455 1019 671 1076 ἐγενόμην,
705 1021 836 1062 ἐκεῖνα
853 1021 899 1073 c)
931 1018 1124 1062 ἐνενόουν
1140 1032 1148 1041 ·
1182 1019 1337 1066 οὐκοῦν
1356 1032 1495 1074 τοῦ-Ρ·
1509 1034 1592 1074 840.

56 1108 101 1133 το
124 1091 254 1145 μόνον
271 1092 408 1144 χαρίεν
429 1096 513 1138 τοῖς
541 1090 649 1143 ε’μοῖς
666 1091 837 1139 ἔνεστιν,
871 1087 932 1130 ὅτι
959 1087 1012 1142 μὴ
1037 1084 1222 1144 συνήθη,
1257 1094 1355 1146 μηδὲ
1375 1113 1449 1137 κα-

1187 1157 1246 1173 ῚΙΙ

55 1157 106 1201 τὰ
133 1157 177 1202 τὸ
205 1158 346 1201 κοινὸν
369 1154 583 1212 βαδίζοιά)
613 1163 697 1206 τοῖς
729 1155 880 1208 ἄλλοις,
915 1153 1128 1211 ὀνομάτων
1158 1162 1200 1200 δε
1219 1177 1298 1215 αρα
1315 1167 1449 1205 καλῶν

107 1273 157 1317 h)
180 1268 259 1317 ‘HQ
275 1270 356 1306 άκλ
368 1283 405 1306 ει
417 1273 458 1314 ς]
484 1283 504 1304 a
526 1272 641 1303 Reitz.
663 1277 700 1304 et
717 1276 875 1304 recentt.
901 1282 988 1304 cum
1009 1271 1247 1314 praecedenti
1268 1275 1452 1311 exclama·

150 1320 255 1352 tione
282 1320 520 1362 jungebatur.

572 1317 653 1360 Ego
685 1316 892 1349 consultius
922 1317 1030 1357 duxi,
1056 1319 1322 1362 praeeuntibus
1350 1323 1448 1357 Edd.

152 1367 195 1399 A.
222 1378 250 1398 ι.
271 1378 299 1398 2.
322 1371 358 1397 et
376 1366 418 1397 Β.
441 1375 469 1398 1.
493 1362 619 1406 (dubie
638 1364 679 1395 B.
702 1374 734 1406 5.
759 1373 903 1395 comma
922 1369 957 1395 et
977 1369 1082 1406 ante,
1109 1371 1145 1397 et
1158 1371 1255 1408 post,
1271 1366 1368 1400 hanc
1386 1380 1451 1402 vo-

153 1423 236 1444 cem
255 1411 388 1451 habet)
422 1417 460 1443 et
483 1409 741 1441 consentiente
770 1409 940 1441 versione
963 1410 1117 1450 Latina,
1145 1422 1231 1444 cum
1253 1415 1449 1457 sequeuti-

149 1458 220 1491 hus
239 1462 398 1488 nectere.
447 1456 602 1498 Semper
628 1455 747 1496 enim,
775 1454 875 1498 quod
893 1454 1028 1497 sciam,
1055 1456 1152 1498 apud
1173 1464 1340 1491 nostrum
1367 1461 1451 1504 qui-

152 1503 238 1536 dem
257 1502 492 1546 scriptorem,
520 1500 780 1533 exclamationi
797 1500 869 1543 ipsi
891 1500 963 1533 hoc
981 1512 1118 1533 nomen
1139 1504 1322 1548 praeponi
1342 1508 1450 1539 solet.

148 1549 232 1582 Vid.
257 1548 385 1581 Somn.
416 1559 447 1580 e.
475 1559 526 1591 17.
554 1547 603 1578 in.
635 1546 742 1590 Nigr.
772 1557 802 1578 c.
827 1558 856 1580 1.
886 1547 1067 1590 Necyoni.
1088 1558 1119 1579 c.
1144 1560 1195 1592 ¹4·

605 1592 647 1636 c)
673 1591 860 1633 ἐκεῖνα]
891 1593 1000 1636 vulgo
1032 1593 1207 1627 deficiens
1227 1607 1313 1629 cum
1332 1599 1448 1632 Schm.

151 1640 292 1674 inserui
313 1651 331 1673 e
361 1640 442 1673 cod.
466 1650 566 1683 2954.
595 1639 771 1672 suadente
795 1639 908 1671 etiam
936 1639 1074 1672 Βεῖίηο.

150 1687 241 1732 „Sic
260 1687 289 1719 J.
312 1686 364 1725 Fi,
383 1687 427 1718 H.
446 1686 529 1719 Par.
556 1686 696 1730 βαδίζει
722 1686 763 1717 Β.
787 1686 847 1717 2.“
897 1684 958 1717 Sic
984 1690 1019 1718 et
1044 1686 1086 1719 B.

152 1594 272 1628 Cond.
295 1606 325 1626 c.
346 1601 378 1633 8.
401 1605 431 1627 e.
454 1605 486 1626 a.
505 1593 531 1625 1.

1245 1551 1303 1583 De
1328 1552 1366 1584 M
1374 1563 1447 1586 erc.

1148 1641 1193 1682 d)
1220 1643 1447 1687 βαδίζοι]

1108 1698 1139 1730 3.
1163 1691 1202 1720 et
1231 1689 1322 1721 Cod.
1344 1699 1448 1735 2954.

152 1734 225 1766 Sed
245 1733 390 1778 βαδίζοι
408 1738 560 1765 tuentur
579 1732 693 1764 etiam
716 1736 755 1763 A.
780 1743 810 1765 1.
829 1743 860 1765 2.
884 1737 920 1763 et
941 1732 982 1764 B.
1009 1743 1038 1763 1.
1055 1731 1167 1776 idque
1188 1740 1301 1778 recte,
1319 1748 1450 1780 quam-

152 1790 265 1824 quam
299 1779 444 1810 Belinus
483 1777 583 1810 hunc
616 1778 839 1821 Optativum
870 1788 937 1821 pro
977 1777 1206 1811 Soloecismo
1237 1781 1368 1823 habet,
1411 1789 1449 1817 et

150 1826 414 1865 Schmiederus,
449 1823 520 1856 hoc
552 1830 701 1857 secutus
732 1823 911 1865 judicium
925 1848 934 1865 ‚
969 1823 1223 1858 Indicativum
1250 1829 1447 1872 praetulitg

151 1882 239 1904 nam
258 1870 410 1915 obliqua
429 1876 482 1903 est
500 1870 720 1915 enuntiatio,
746 1870 807 1903 cui
826 1868 1046 1914 Optativum
1066 1872 1268 1906 convenire
1288 1881 1448 1910 constat.

58 2002 192 2029 unum
216 1998 257 2028 et
278 1986 389 2027 idem
412 1987 722 2038 acclamabant,

59 2045 286 2085 consilium
308 2044 591 2097 scriptionum
610 2046 723 2084 inso-

59 2103 183 2140 litum
224 2115 337 2150 esse,
385 2111 426 2140 et
464 2104 638 2139 multum
677 2102 723 2139 in

59 2158 139 2197 illo
162 2166 378 2196 novatum.
440 2157 557 2210 Quin
593 2172 724 2210 prae——

60 2223 146 2253 stat
169 2213 259 2265 ipsa
291 2213 363 2250 illa
394 2214 509 2251 verba
537 2228 724 2263 comme-

58 2283 249 2317 morare,
285 2282 392 2320 quae
420 2269 491 2306 isti
525 2275 726 2319 protule—

58 2342 126 2367 re:
173 2325 268 2364 Valz
294 2326 531 2363 novitatem!
567 2326 727 2364 Αιῖνηίἐ

61 2383 202 2423 rabilis
224 2380 387 2420 Her-cles
408 2383 562 2420 oratio!
591 2383 723 2420 homi—⁴

60 2456 147 2479 nem
179 2436 524 2476 adinveniendum
558 2437 728 2487 agilem!

61 2494 180 2535 Nihil
201 2496 407 2548 quisquam
432 2493 579 2532 eliaam-it
609 2497 728 2545 cogi—-

63 2554 157 2590 iatis
178 2551 260 2589 illis
282 2552 410 2601 magis
430 2566 583 2590 novum.
644 2553 728 2588 At-

68 2620 149 2660 que
181 2608 244 2645 illi
273 2605 442 2659 quidem
479 2607 579 2644 talia
613 2609 727 2645 mul-

64 2671 107 2701 ta
140 2663 302 2710 dicere,
361 2671 490 2715 prout
520 2663 724 2702 nimirum

65 2718 117 2756 ab
165 2717 386 2758 auditione
423 2729 724 2759 moverentur:

64 2788 190 2829 quam
256 2775 420 2827 alioqui
487 2774 725 2815 mentiendi

105 2843 254 2874 Lucian.
284 2841 365 2874 Vol.
390 2844 460 2874 IV.

783 2001 971 2027 caussam
1004 1987 1280 2041 habuissent,
1325 2001 1368 2031 et
1396 2007 1447 2032 eo

783 2043 911 2084 modo
965 2044 1169 2084 adulandi
1218 2049 1447 2102 peregrino

782 2099 973 2151 homini,
1007 2116 1084 2140 nec
1113 2101 1164 2142 de
1195 2113 1361 2144 caetero
1395 2103 1451 2143 ad

783 2172 923 2196 curam
973 2159 1144 2197 illorum
1189 2174 1450 2214 magnopere

781 2214 1053 2266 pertinenti?
1089 2216 1144 2253 At
1169 2231 1232 2254 me
1251 2221 1264 2265 (
1283 2216 1450 2255 dicetur

784 2269 928 2323 enim)
964 2271 1041 2308 ista
1067 2274 1157 2309 laus
1180 2287 1324 2311 eorum
1359 2287 1448 2311 non

784 2325 988 2365 mediocri
1007 2325 1220 2366 afficiebat
1241 2329 1450 2379 molestia,

785 2390 827 2419 et
849 2396 943 2418 cum
967 2382 1134 2421 tandem
1160 2394 1256 2435 post
1279 2384 1448 2423 illorum

786 2436 1014 2475 discessum
1045 2442 1161 2476 solus
1196 2453 1350 2489 essem,
1387 2441 1449 2479 ita

787 2493 1052 2545 cogitabam:
1085 2495 1200 2549 Ergo
1231 2495 1338 2534 illud
1373 2511 1451 2536 so·-

784 2550 870 2585 lum
895 2549 1127 2600 jucundum
1152 2551 1254 2590 meis
1279 2552 1448 2606 scriptis

785 2602 924 2652 inest,
983 2605 1098 2657 quod
1129 2608 1304 2651 ⁴usitata
1357 2624 1448 2649 non.

785 2670 908 2710 sunt,
941 2676 1080 2714 neque
1103 2665 1315 2703 communi
1335 2667 1450 2720 quasi

785 2731 878 2754 cum
903 2718 1078 2771 reliquis
1113 2721 1295 2774 vestigio
1323 2722 1451 2760 ince—

785 2772 918 2814 dunt:
974 2788 996 2811 a
1029 2775 1277 2814 nominibus
1307 2789 1448 2817 autem

1150 2833 1170 2870 Ι
