1834 3188
398 166 496 213 146

396 275 420 292 (ν
543 273 554 290 t
573 280 594 300 n
722 278 741 288 u
820 270 834 286 θ
887 274 898 290 =
945 270 958 286 t·
1099 274 1108 288 ι
1238 270 1249 286 2
1298 274 1318 290 ‚p
1511 277 1528 287 ..,
1743 297 1772 303 —

252 295 289 330 p.
304 289 486 328 854..οσοι
507 279 554 331 δη
604 276 635 328 ).
666 290 788 318 ταυτα
811 292 832 316 ο
856 291 926 328 μεν
948 275 1181 328 Αρμονιδης
1203 289 1276 315 ουκ
1296 280 1407 328 εφθη
1427 286 1607 327 ποιησαι.
1649 288 1743 327 μετα

396 347 442 399 ξῦ
471 346 547 403 γάρ
582 343 739 395 αὗλῶν,
771 357 916 396 φασιν,
948 341 1011 385 ὅτε
1042 346 1246 396 τοπρῶτον
1266 340 1500 397 ἠγωνίζετο,
1534 339 1776 395 φιλοτιμότε-

884 174 1291 206 LUCIANI

398 433 470 471 ρον
492 417 712 468 ἐμφυσῶν,
745 412 1013 454 ἐναπέπνευσε
1040 409 1095 468 τῷ
1123 407 1250 467 αὐλῷ,
1282 412 1348 452 καὶ
1369 408 1650 464 ἀστεφάνωτος
1669 411 1710 451 ἐν
1728 416 1777 466 τῇ

398 487 529 537 σκηνῇ
550 480 750 531 ἀπέθανε,
782 479 826 522 τὸ
858 477 955 522 αὐτὸ
975 483 1039 523 καὶ
1067 486 1227 534 πρῶτον
1245 480 1313 520 καὶ
1333 477 1504 522 ’ὕστατον
1534 475 1710 530 αὐλήσας
1731 479 1774 519 ἐν

344 556 371 596 3
397 552 650 599 Διονυσίοις.’
700 546 746 590 Ὃ
781 549 916 601 μέντοι
944 555 1017 591 τοῦ
1043 549 1244 602 Τιμοθέου
1264 545 1380 602 λόγος
1401 545 1474 588 οὐκ
1496 549 1540 600 ⁰)
1572 543 1774 600 αὐληταῖς,

395 616 488 662 0136'
515 616 730 671 Ἁρμονίδῃ
760 615 888 670 μόνον
920 619 1108 672 εἰρῆσθαί
1140 634 1207 670 μοι
1230 619 1361 665 δοκεῖ,
1394 612 1490 656 ἄλλα
1510 620 1654 664 πᾶσιν,
1687 612 1777 656 ὅσοι

397 686 519 740 δόξης
549 683 780 741 ὀρέγονται,
813 683 1007 738 δημόσιόν
1036 703 1071 726 τι
1101 681 1437 737 ἐπιδεικνῖμενοι,
1468 687 1541 724 τοῦ
1568 680 1675 736 παρὰ
1697 686 1777 724 τῶν

396 759 556 796 πολλῶν
581 755 746 796 ἐπαίνου
767 752 961 808 δεόμενοι.
992 751 1107 808 ἔγωγ’
1132 748 1205 795 οὖν
1227 751 1343 794 ὁπότε
1361 754 1425 793 καὶ
1448 748 1571 799 αὐτὸς
1589 749 1780 793 ἐνενόουν

396 821 446 865 τᾶ
468 821 588 876 ὅμοια
610 824 794 876 περὶτῶν
816 824 1002 876 ἐμαυτοῦ,
1032 825 1100 864 καὶ
1121 821 1285 875 ἐζήτουν
1306 820 1415 869 ὅπως
1437 817 1485 861 ‹⁵2³2›
1503 816 1660 873 τάχιστα
1677 836 1779 874 γνω-

398 893 542 944 σθεζην
563 890 682 941 πᾶσι,
715 894 770 947 τῷ
796 892 1002 944 ,Τιμοθέου
1027 891 1130 947 λόγῳ
1153 887 1364 942 ἑπόμενος,
1399 885 1653 942 ἐσκοπούμην
1677 885 1783 936 (Ὑςτις

398 956 562 1014 ἄριστος
590 962 649 1013 εἴη
672 964 750 1001 τῶν
781 960 823 1002 ἐν
855 964 906 1015 τῇ
933 960 1070 1010 πόλει,
1100 960 1166 1001 καὶ
1198 957 1274 1014 ὅτῳ
1304 955 1564 999 πιστεύουσιν
1592 959 1634 998 οἷ
1653 953 1779 1005 ἄλλοι,

256 1028 466 1079 Ρ.855.καὶ
488 1025 531 1076 ὃς
552 1023 642 1070 οἷντὶ
670 1026 837 1069 πάντων
858 1024 1057 1082 ἀρκέσειεν
1078 1025 1142 1068 ἄν.
1182 1021 1301 1075 οὗτος
1322 1028 1363 1074 I³)
1396 1025 1437 1067 δὲ
1457 1024 1535 1079 ἄρα
1559 1022 1606 1065 σύ
1627 1025 1781 1077 ἔμελλες

396 1090 493 1148 ἡμῖν
517 1097 738 1148 φαίνεσθαι
766 1100 822 1151 τῷ
844 1098 984 1148 δικαίῳ
1015 1092 1138 1149 λόγῳ,
1172 1091 1307 1148 ὅτιπερ
1334 1092 1378 1135 τὸ
1405 1090 1651 1145 κεφάλαιον,
1681 1090 1783 1145 ἄρε-

397 1168 468 1216 τῆς
488 1159 649 1215 ἁπάσης
681 1160 912 1218 ὅγνώμων,
945 1165 1065 1215 φασὶ,
1100 1162 1168 1204 καὶ
1201 1160 1222 1203 ὁ
1251 1157 1380 1214 ὀρθὸς
1404 1159 1540 1201 κανών
1557 1165 1635 1201 τῶν
1652 1157 1783 1201 τοιού-

398 1248 492 1272 των.
525 1233 619 1273 εἶδέ
640 1246 702 1272 σοι
722 1234 890 1284 δείξαιμι
908 1229 1024 1284 τᾶμα,
1056 1232 1121 1272 καὶ
1144 1228 1191 1271 σύ
1213 1229 1456 1275 ἐπαινέσειας
1477 1224 1576 1269 αὕτα
1598 1227 1682 1283 (εἴη
1704 1225 1781 1282 γαρ

401 1296 505 1340 οὕτω
537 1296 797 1352 φανήσεσθαι
820 1301 893 1355 q))
924 1301 990 1341 καὶ
1011 1297 1059 1352 δὴ
1081 1300 1143 1340 ἐπὶ
1169 1299 1292 1350 πέρας
1311 1294 1424 1350 ἥκειν
1448 1313 1496 1350 με
1518 1301 1589 1350 τῆς
1608 1298 1780 1347 ἐλπίδος,

445 1413 497 1454 11)
526 1408 611 1456 δή]
640 1413 727 1455 ,,δεῖ
751 1413 792 1445 L.
821 1408 868 1456 δή
893 1413 945 1446 Fl.
977 1413 1008 1444 J.
1033 1413 1116 1444 Par.
1138 1411 1238 1444 etc.“
1313 1414 1358 1449 ο)
1383 1409 1495 1453 ου’κ]
1524 1411 1665 1453 ⁷,Dec-st
1692 1409 1784 1443 haec

491 1459 678 1501 particula
700 1460 736 1490 in
750 1458 818 1491 Ed.
841 1459 895 1492 ΡΙ.
914 1459 1018 1491 adest
1034 1458 1073 1490 in
1093 1463 1177 1489 cett.
1200 1456 1291 1502 etjn
1305 1458 1373 1489 P.“
1422 1457 1471 1500 p)
1499 1452 1614 1490 οῧτο
1628 1458 1669 1498 ς]
1693 1452 1786 1499 „073-

488 1516 540 1537 τω
566 1504 659 1536 Edd.
681 1515 771 1548 quas
796 1504 889 1546 vidi,
919 1515 1057 1536 omnes.
1109 1503 1179 1536 Sed
1199 1503 1308 1541 οὑτος
1329 1509 1430 1534 recte
1449 1503 1521 1534 L.“
1569 1508 1610 1546 q)
1638 1501 1786 1546 φανή-

494 1552 645 1628 σὲσθα
657 1553 696 1591 ι]
724 1547 979 1594 φαντάζεσθαι
998 1550 1096 1592 conj.
1116 1550 1255 1594 ἕσας-«ν.
1274 1559 1418 1582 merum
1439 1545 1651 1593 φάντασμα.
1702 1548 1786 1583 Vid.

490 1597 521 1628 A
551 1601 644 1631 nott.

399 1690 685 1730 Harmonides
730 1691 930 1744 perficere
974 1705 1061 1730 non
1122 1704 1202 1744 pus
1253 1689 1423 1729 habent.
1483 1691 1578 1744 Ego
1629 1690 1785 1745 igitur,

398 1747 556 1801 potuit.
618 1748 736 1787 Inter
755 1748 990 1787 canendum
1013 1763 1063 1787 e-

399 1803 513 1851 nim,
546 1813 732 1854 narrant,
765 1819 857 1842 cum
880 1805 1059 1857 primum

402 1860 448 1897 in
499 1870 710 1899 certarnen
766 1859 1059 1911 descenderet,

401 1918 645 1954 contentius
669 1931 766 1968 prae
786 1917 962 1956 honoris
982 1932 1061 1955 cu-

399 1971 586 2024 piditate
617 1972 713 2010 dum
745 1972 887 2022 inflat,
922 1974 964 2010 in
989 1973 1061 2026 ip-

400 2041 486 2065 sam
521 2029 643 2080 quasi
682 2029 829 2067 tibiam
863 2030 1063 2081 exspira—

399 2084 487 2132 vit,
522 2095 562 2122 et
582 2085 672 2123 sine
694 2100 876 2123 coronae
899 2086 1062 2124 honore

402 2138 446 2176 in
465 2139 738 2179 tabernaculo
760 2143 931 2195 (scena)
955 2156 1060 2179 mor-

400 2204 501 2233 tuus
538 2207 621 2246 est,
665 2196 794 2235 eodem
833 2209 1000 2250 tempore
1029 2208 1063 2235 et

397 2253 529 2304 prima
569 2264 603 2291 et
629 2252 768 2291 ultima
790 2257 872 2292 vice
899 2253 1065 2293 canendi

401 2318 485 2346 arte
516 2326 606 2347 usus
636 2311 674 2347 in
701 2310 912 2364 Dionysiis.
971 2311 1064 2348 Ve—

400 2377 492 2402 rum
532 2364 752 2403 Timothei
795 2367 866 2404 illa
899 2366 1061 2417 oratic,

400 2432 486 2457 non
519 2421 771 2460 tibicinibus
792 2437 925 2477 neque
945 2424 1064 2461 Har—

398 2476 565 2514 monidi
586 2481 720 2517 solum
742 2478 852 2517 dicta
873 2479 979 2518 mihi
999 2479 1062 2517 vi-

402 2528 546 2581 detur,
590 2534 659 2573 sed
693 2536 764 2589 qui
787 2537 964 2590 gloriam
986 2535 1062 2573 ad-

399 2598 593 2627 amarunt
616 2591 828 2641 omnibus,
864 2606 955 2630 cum
984 2607 1060 2645 pu-

398 2640 557 2681 blicum
598 2647 798 2698 quiddam
849 2649 1061 2700 profiten-

397 2705 490 2748 tur,
525 2714 618 2740 cum
647 2704 845 2757 populari
868 2704 993 2745 laude
1014 2718 1059 2745 o-

1121 1761 1215 1786 cum
1251 1757 1292 1785 et
1328 1747 1418 1798 ipse
1461 1748 1691 1801 cogitarem
1732 1748 1783 1789 de

1119 1818 1210 1841 mea
1261 1803 1429 1848 ratione
1470 1803 1689 1854 similiter,
1739 1815 1782 1845 et

1119 1859 1334 1914 quomodo
1366 1860 1580 1898 celerrime
1617 1874 1783 1912 possem

1120 1915 1388 1953 innotescere
1411 1915 1620 1964 omnibus,
1656 1930 1783 1969 quae-

1119 1986 1275 2010 rerem:
1310 1970 1527 2009 Timothei
1549 1985 1783 2012 sermonem

1120 2038 1313 2075 secutus,
1348 2026 1651 2079 dispiciebam,
1688 2031 1782 2083 quis

1121 2084 1162 2120 in
1196 2083 1274 2120 hac
1305 2084 1409 2121 urbe
1431 2093 1536 2120 esset
1560 2096 1785 2136 praestan-

1121 2140 1342 2188 tissimus,
1376 2140 1444 2177 cui
1469 2139 1591 2179 fidem
1627 2142 1781 2196 reliqui

1122 2195 1328 2244 habeant,
1383 2196 1541 2250 quique
1581 2211 1691 2236 unus
1727 2199 1783 2237 sit

1123 2252 1257 2290 instar
1283 2253 1490 2298 omnium.v
1547 2253 1626 2290 Ille
1650 2254 1784 2307 igitur

1123 2317 1170 2346 tu
1203 2308 1327 2346 nobis
1349 2308 1486 2347 videri
1508 2309 1573 2346 vir
1603 2308 1782 2349 debebas

1120 2368 1211 2418 jure
1232 2365 1481 2417 meritoque,
1497 2364 1670 2402 virtutis
1689 2380 1781 2406 om-

1121 2422 1200 2469 nis,
1228 2420 1342 2474 quod
1365 2420 1533 2473 quidem
1555 2432 1681 2472 capu-t
1701 2433 1779 2471 est,

1123 2492 1267 2514 norma
1287 2508 1297 2524 ‚
1332 2479 1475 2528 ajunt,
1509 2486 1548 2513 et
1574 2488 1684 2515 recta
1709 2487 1780 2517 ta‘-

1121 2535 1223 2572 lium
1256 2535 1412 2585 regula.
1484 2532 1528 2571 Si
1564 2547 1662 2572 vero
1697 2535 1779 2573 tibi

1120 2604 1209 2628 mea
1240 2588 1538 2638 ostendissem,
1572 2598 1704 2642 tuque
1730 2605 1778 2630 ea

1117 2645 1344 2693 laudasses,
1366 2644 1510 2697 (atque
1533 2646 1695 2684 utinam
1716 2647 1776 2685 ita

1118 2701 1199 2741 tibi
1231 2700 1490 2749 videaturU
1532 2702 1698 2744 scilicet
1725 2701 1778 2743 ad
