1834 3188
414 217 490 265 50.

275 357 314 390 p.
325 330 512 391 775,τούς
529 326 698 379 ὀϊστούς.
735 325 820 369 εἰπὲ
838 328 995 380 τοίνυν,
1028 325 1059 370 ὦ
1083 333 1261 380 Λυκῖνε,
1292 329 1390 383 παρ’
1417 327 1533 385 ἡμῶν
1553 327 1790 385 Ἑρμοτίμῳ,

419 399 479 443 ’ὅτι
495 402 536 442 οἱ
551 397 780 441 διδάσκαλοι
801 392 927 438 αὐτοῦ
950 394 1137 451 φρύγανα
1157 399 1417 452 προθέμενοι,
1449 397 1792 449 κατατοξεύουσιν,

895 229 1294 262 LUCIANI

417 467 502 512 εἶτα
524 467 651 521 φασὶν
670 463 830 518 ἀνδρῶν
859 461 1116 518 ὡπλισμένων
1144 468 1443 520 κεκρατηκέναι,
1474 469 1541 509 καὶ
1568 463 1725 513 εἰκόνας
1747 460 1793 516 ἧ·

417 542 504 593 μῶν
525 532 799 592 γραψάμενοι,
829 531 1072 575 πυκτεύουσι
1100 532 1200 586 πρὸς
1219 536 1398 584 ἐκείνας·
1429 536 1496 576 καὶ
1515 532 1794 588 κρατήσαντες,

420 603 475 654 ὥς
492 601 536 646 τὸ
556 602 686 651 εἰκὸς,
716 607 873 656 κρατεῖν
893 599 1009 655 ἡμῶν
1037 604 1199 644 οἴονται.
1236 599 1332 644 ἀλλὰ
1365 605 1538 656 φαίημεν
1561 599 1610 643 ἂν
1632 602 1796 648 ἕκαστος

419 671 521 728 πρὸς
539 669 688 720 αὐτοὺς
707 669 754 712 τὰ
771 676 845 713 τοῦ
860 669 1060 723 Ἀχιλλέως
1079 673 1221 722 ε’κεῖνα,
1238 669 1262 712 ἆ
1275 685 1376 723 φησι
1395 672 1484 724 περὶ
1497 675 1567 711 τοῦ
1579 668 1792 722 ”Εκτορος,

636 763 693 773 -
724 735 772 782 οὗ
790 737 865 794 γᾶρ
885 734 922 788 1>
952 741 1047 793 ἐμῆς
1063 738 1241 794 κόρυθος
1265 736 1476 781 λεύσσουσι
1493 741 1545 786 ¹¹¹)
1576 738 1769 792 μέτωπον.

1486 831 1540 876 ‘O
1562 829 1737 874 Πλάτων
1755 830 1793 873 δ’

413 904 466 948 ἰίν
496 922 566 959 μοι
595 908 706 946 δοκεῖ
721 907 770 952 1¹)
799 920 866 944 και
895 901 1165 958 διηγησασθαί
1193 921 1229 945 τι
1250 908 1328 945 τῶν
1359 905 1402 945 ἐκ
1422 904 1626 951 Σικελίας,
1660 897 1715 949 ὦς
1744 917 1796 941 αν

253 752 355 782 ῙΙοηι.
360 748 406 781 II.

252 796 410 840 XV1‚70.

336 855 392 896 34
414 841 537 880 ταῦτα
558 836 628 891 μὲν
650 837 692 877 οἷ
712 833 955 887 ξύμπαντες,
986 835 1028 877 ἒν
1051 853 1103 889 τῳ
1126 836 1230 891 μέρει
1255 835 1430 883 ἕκαστος.

412 973 528 1022 ειδώς
546 991 594 1014 τα
613 977 786 1014 πλεῖστα.

417 1041 522 1085 εἶναι
541 1041 584 1084 τὸ
617 1038 763 1093 στόμα,
794 1040 862 1080 καὶ
889 1044 1007 1082 τοῦτο
1037 1039 1202 1082 ἐπιπολὺ
1226 1043 1430 1082 διαλαθεῖν
1459 1036 1602 1088 αὐτὸν,
1634 1033 1799 1084 οὐδενὸς

832 975 891 1028 τῷ
916 989 991 1026 γαρ
1012 974 1281 1028 Συρακουσίω
1304 972 1478 1020 Γέλωνι,
1510 972 1607 1023 φασὶ
1625 971 1798 1017 δυςῶδες

274 1114 639 1164 Ρ.776.τολμῶντος
675 1109 841 1163 ἐλέγχειν
878 1106 1078 1163 τύραννον
1109 1106 1258 1163 ἄνδρα,
1293 1110 1400 1161 μέχρι
1431 1104 1479 1159 δή
1517 1124 1604 1148 τινα
1628 1109 1798 1161 γυναῖκα

418 1180 535 1230 ξένην
562 1182 869 1230 συνενεχθεῖσαν
888 1179 933 1226 ⁰)
965 1174 1093 1233 αὐτῷ,
1125 1182 1320 1230 τολμῆσαι
1338 1176 1404 1216 καὶ
1427 1177 1552 1217 εἰπεῖν
1572 1172 1680 1222 ὅπως
1701 1173 1795 1226 ἔχοι·

417 1246 488 1288 τόν
507 1245 560 1294 δὲ,
591 1244 700 1297 παρὰ
722 1247 762 1293 l‘)
791 1242 866 1297 τὴν
886 1250 1055 1299 γυναῖκα
1075 1243 1243 1286 ἐλθόντα
1259 1242 1333 1298 τὴν
1354 1244 1519 1293 ἑαυτοῦ,
1552 1238 1795 1296 ὀργίζεσθαι,

418 1312 480 1355 ὅτι
507 1310 583 1354 οὐκ
613 1310 783 1366 ἐμήνυσε
809 1311 911 1366 πρὸς
937 1309 1083 1363 αὐτὸν,
1126 1315 1255 1354 εἰδυῖα
1279 1309 1448 1366 μάλιστα
1487 1308 1560 1364 τὴν
1586 1310 1795 1357 δυςωδίαν-

464 1409 822 1466 1)ου’γάρ],,ὁτι
845 1410 893 1447 ου’
911 1427 978 1457 γαρ
994 1414 1052 1448 W.
1064 1411 1199 1447 abest‘
1187 1411 1245 1448 ότι
1263 1413 1442 1450 abEdd“
1489 1413 1550 1452 m)
1578 1408 1799 1446 λεύσσου-

513 1463 582 1501 σι]
615 1457 921 1502 V11lg.a‹s1jaovm.
973 1461 1049 1492 Nos
1077 1471 1118 1492 ex
1138 1463 1306 1495 IIommo
1333 1465 1508 1492 monente
1526 1458 1635 1490 etiam
1658 1458 1799 1500 Belum,

509 1506 739 1539 resxituimus
761 1506 963 1549 genuinum
981 1507 1146 1538 verbum.
1187 1508 1350 1538 Reitzim
1370 1516 1454 1537 vero
1473 1504 1562 1537 haec
1583 1508 1796 1536 notaverat:

508 1549 728 1596 »λεύσσουσι
746 1551 843 1596 apud
854 1554 993 1586 Homer
1012 1551 1168 1595 legitur;
1195 1552 1257 1584 sed
1275 1551 1369 1584 nihil
1387 1557 1532 1583 mutant
1552 1550 1644 1582 Edd.
1666 1551 1800 1580 Lucia·

514 1601 563 1632 ni.
610 1600 656 1641 n)
685 1599 844 1639 δοκεῖ]
871 1598 958 1639 „Sic
980 1598 1025 1636 L.
1043 1603 1078 1630 et
1096 1609 1212 1643 marg.
1234 1599 1275 1630 A.
1299 1609 1328 1632 1.
1350 1598 1409 1630 W
1431 1597 1525 1641 δοκῇ
1544 1595 1665 1629 Edd.“
1706 1595 1801 1641 δοκῇ

514 1644 625 1676 etiam
643 1646 916 1699 5011.Belinus
945 1650 1067 1676 autem
1093 1639 1326 1678 malui120
1350 1611 1523 1677 Πλάτωνῃ
1527 1641 1567 1677 δέ
1596 1654 1661 1685 μοι
1682 1631 1795 1684 δοκεῖ,

514 1685 674 1723 deleto
657 1686 723 1732 α’ν,
751 1689 850 1734 quod
871 1690 1024 1722 minime
1041 1690 1290 1733 probandum.
1340 1690 1424 1724 vid.
1444 1690 1579 1723 Adnot.
1628 1690 1670 1728 ο)
1698 1699 1799 1723 συν·

512 1736 815 1790 ενεχθεῖσαν]
846 1737 931 1776 „Ita
955 1735 1091 1768 habere
1121 1737 1150 1769 J.
1177 1738 1222 1769 H.
1246 1737 1297 1769 Fl
1322 1741 1358 1768 et
1386 1737 1440 1768 M.
1468 1741 1574 1768 notat
1604 1734 1799 1769 Solanus.“

510 1788 558 1826 p)
584 1795 675 1827 παρ
691 1778 738 1823 α]
765 1783 871 1826 „napi
888 1783 954 1815 Ex·
975 1781 1028 1814 Fl·
1047 1794 1151 1825 παρα
1171 1782 1261 1816 Cod.
1280 1783 1319 1816 P.
1338 1793 1423 1815 cum
1442 1781 1535 1816 Edd.
1540 1783 1563 1800 ‘⁴
1586 1780 1670 1827 περὶ
1687 1780 1800 1815 etiam

512 1838 613 1873 2954.
636 1840 737 1873 5011.
755 1828 818 1861 sed
833 1828 942 1862 male

423 1931 486 1961 tas
532 1935 626 1960 suas
669 1920 931 1961 transituras.
992 1921 1080 1960 Dic

422 1978 581 2031 igitur,
643 1977 833 2031 Lycine,
885 1992 908 2016 a
952 1978 1078 2017 nobis

421 2034 690 2073 Hermotimo
707 2066 717 2084 ,
761 2035 983 2087 magistros
1007 2036 1079 2088 ip-

422 2090 511 2128 sius
535 2092 752 2143 proposita
784 2102 990 2129 sarmenta
1013 2106 1080 2130 sa—

422 2146 544 2199 gittis
594 2148 862 2198 transjice1·,e
926 2146 1079 2186 deinde

420 2202 537 2242 viros
559 2214 739 2242 armatos
765 2217 784 2240 a
809 2217 851 2241 se
874 2202 1079 2255 devictos,

423 2259 625 2311 gloriari:
679 2269 720 2298 et
752 2259 887 2310 pictas
923 2260 1083 2313 imagi-

421 2328 496 2354 nes
526 2326 692 2354 nostras
723 2316 877 2367 pugnis
903 2316 1080 2356 invade·

421 2385 486 2420 re,
519 2371 682 2424 iisque,
713 2381 760 2410 ut
780 2372 906 2410 facile
940 2383 1001 2410 est
1028 2373 1078 2412 ad

421 2427 771 2477 existimandum,
811 2428 959 2478 victis,
1002 2444 1079 2468 nos

423 2495 445 2518 a
464 2496 506 2521 se
528 2495 675 2533 putare
698 2494 930 2536 superatos.
989 2486 1079 2524 No-

421 2547 552 2576 strum
580 2554 676 2580 vero
707 2541 885 2594 quisque
914 2541 1080 2581 dixeri-

423 2608 514 2631 mus
561 2595 611 2633 ad
655 2611 724 2635 eos
763 2598 933 2636 Achilis*
970 2599 1078 2648 ista,

423 2663 531 2702 quae
555 2652 625 2689 ille
652 2652 700 2689 de
724 2654 948 2702 Hectore,-

472 2706 556 2745 Nec
571 2707 897 2760 galeaepolcmmr
912 2711 1074 2749 vallum·

473 2779 545 2815 que
563 2766 762 2816 minasque
785 2771 881 2805 ruet-i
896 2768 1074 2811 [Vestrae.

1139 1923 1280 1970 Haec,
1332 1921 1529 1975 inquam,
1577 1919 1796 1970 universi,

1139 1989 1181 2018 et
1201 1993 1277 2032 pro
1302 1993 1344 2018 se
1366 1977 1672 2033 unusquisque.
1704 1977 1800 2014 Pla-

1138 2046 1182 2074 to
1203 2050 1300 2074 vero
1323 2034 1491 2073 videtur
1510 2033 1612 2071 mihi
1632 2047 1798 2071 enarra-

1138 2102 1257 2130 turus
1281 2090 1444 2144 aliquid
1471 2090 1520 2128 de
1543 2090 1703 2138 Sicilia,
1721 2089 1796 2143 qui

1136 2151 1335 2201 pleraque
1356 2151 1443 2199 ejus
1469 2148 1604 2185 novit.
1666 2146 1798 2184 Nem-

1139 2219 1190 2257 pe
1208 2205 1434 2256 Syracusio
1448 2204 1603 2242 Geloni
1622 2216 1797 2257 graveo-

1138 2264 1229 2299 lens
1255 2261 1387 2299 fuisse
1417 2275 1462 2298 os
1491 2263 1635 2313 ajunt,
1668 2258 1796 2312 idque

1139 2317 1211 2355 diu
1247 2317 1382 2369 ipsum
1416 2317 1655 2370 ignorasse,
1701 2330 1795 2353 cum

1138 2388 1260 2412 nemo
1295 2372 1466 2412 auderet
1498 2371 1686 2412 indicare
1721 2380 1796 2423 ty-

1137 2444 1285 2478 ranno,
1315 2428 1447 2467 donec
1466 2430 1685 2481 peregrina
1706 2443 1796 2466 mu·

1136 2487 1215 2525 liet
1252 2499 1474 2538 congressa
1525 2485 1589 2522 illi
1620 2484 1793 2523 auderet

1137 2544 1261 2581 etiam
1285 2540 1447 2589 dicere,

1135 2598 1277 2636 beretz
1313 2597 1430 2635 illum
1453 2611 1574 2647 vero,
1606 2596 1655 2634 ad
1686 2610 1792 2634 con-

1132 2657 1272 2707 jugem
1313 2659 1404 2691 cum
1451 2655 1611 2691 veniret
1650 2667 1789 2701 suam,

1133 2712 1283 2747 iratum
1325 2710 1458 2747 fuisse
1501 2710 1614 2762 ipsi,
1674 2707 1789 2764 quod

1131 2766 1213 2804 sibi
1250 2780 1337 2805 non
1377 2765 1630 2816 indicasset,

1481 2541 1547 2579 uti
1569 2554 1610 2580 se
1635 2555 1697 2579 res
1718 2539 1791 2577 ha-
1824 2546 1826 2589 J

1691 2779 1804 2804 cum·
