1834 3188
287 167 389 214 480
641 180 1400 215 ΛυΝοΤΛΤιοΝΕε

286 278 440 320 videor
472 279 580 319 mihi
609 289 792 321 veterem
819 281 998 321 formam
1031 282 1239 338 ναυαγίων
1267 296 1345 337 pro
1378 283 1590 326 Reitziana
1620 301 1755 328 ναυα-

284 341 386 392 γιοῖν
410 338 659 377 restituisse.
690 339 851 378 LEHM.

400 393 506 436 Eud.
526 397 555 434 1.
577 400 617 440 3.
645 393 911 451 Ἐλεύθεροι)
943 392 1071 436 Conf.
1094 392 1195 435 infr.
1221 395 1380 452 Navig.
1404 410 1442 439 c.
1463 403 1503 442 2.
1535 399 1703 442 SOLAN.

354 709 436 759 IN
472 707 987 763 HERODOTUM
1021 714 1200 764 SIVE
1236 713 1674 765 AETIONEM.

398 848 501 902 Pag
527 845 728 892 120.1.1‘.
760 854 1100 906 ΗΡΟΔΟΤΟΣ)
1141 853 1220 891 Est
1241 850 1377 903 λαλιὰ,
1409 852 1500 893 sive
1515 849 1755 907 προςλαλια,

284 905 525 958 cujusmodi
559 906 686 945 etiam
717 920 844 960 supra
872 909 1139 960 Insomnium,
1184 918 1228 948 et
1258 909 1371 947 infra
1403 910 1495 964 περὶ
1522 912 1596 951 τοῦ
1621 910 1752 951 οἴκου.

281 959 367 999 Et
371 965 520 1010 Ιππίας
537 958 564 1015 ἦ
581 965 803 1015 βαλανεῖον.
864 966 923 1004 Et
944 984 991 1007 πε
976 968 1034 1020 ερὶ
1053 971 1130 1008 τῶν
1152 964 1352 1018 διψαδων.
1383 966 1437 1004 M
1439 978 1594 1006 Ancu..

392 1018 495 1058 ..Eacl
514 1021 542 1061 l
562 1025 602 1063 3.
635 1023 791 1070 Μεῖζον
808 1019 922 1077 γὰρ
907 1018 1050 1076 εὐχῆς)
1081 1023 1211 1062 Conf.
1232 1036 1348 1076 supr.
1366 1023 1437 1062 De
1454 1023 1590 1063 Mero.
1611 1020 1752 1063 Cond.

279 1080 400 1119 c.12.
434 1075 606 1115 SOLAN.

396 1132 499 1171 Eacl.
521 1134 547 1174 l.
570 1135 609 1176 5.
637 1128 884 1198 Ἁρμονίαν)
917 1135 944 1176 i.
961 1149 996 1174 e.
1018 1134 1393 1187 compositionem,
1410 1148 1624 1180 numeros,
1635 1133 1753 1186 quod

280 1189 326 1228 in
345 1188 552 1228 Herodoto
571 1191 768 1242 agnoscit
792 1200 834 1230 et
850 1191 1068 1244 praedicat
1085 1192 1296 1244 Dionysius
1313 1190 1455 1230 Halic.
1476 1191 1568 1243 περὶ
1587 1192 1752 1231 συνθέσ.

280 1261 311 1286 s.
334 1251 372 1289 3.
395 1260 438 1298 p.
462 1250 531 1288 22.
563 1245 758 1298 Uptoni,
790 1261 876 1301 seq.
905 1247 982 1286 ubi
1009 1247 1135 1285 etiam
1165 1247 1276 1285 illud
1311 1251 1489 1286 alterum
1523 1247 1576 1286 de
1601 1246 1754 1285 Ionica

277 1303 492 1341 suavitate
519 1301 780 1352 Illustratur,
820 1306 889 1345 ι’να
916 1302 973 1358 μή
1003 1321 1062 1352 τις
1089 1300 1276 1357 ὑπολαβῃ
1304 1321 1375 1357 την
1412 1302 1620 1345 διάλεκτον
1650 1301 1753 1344 εἶναι

276 1376 350 1415 της
369 1355 523 1411 ἡδονῆς
543 1360 671 1399 αἰτίαν
693 1376 739 1414 τη
761 1361 860 1410 λέξει
879 1378 916 1402 κ.
940 1378 973 1402 τ.
997 1365 1030 1400 λ.
1053 1359 1240 1413 denique
1268 1361 1415 1413 itaque
1438 1358 1680 1408 concludit,
1713 1361 1754 1408 ἐξ

277 1415 335 1457 ὠν
358 1414 408 1456 α’ν
430 1431 489 1463 τις
510 1431 770 1471 τεκμηραιτο,
805 1414 865 1458 ότι
886 1434 960 1459 ουκ
981 1417 1023 1457 ἐν
1048 1434 1101 1457 τω
1135 1417 1268 1457 κάλλει
1285 1421 1366 1457 τῶν
1390 1414 1600 1467 ὄνοματων
1617 1412 1644 1468 ἦ
1668 1432 1753 1456 πει-

274 1470 340 1513 θώ
356 1476 428 1522 τῆς
449 1473 659 1523 ἑρμηνείας
678 1471 745 1524 ἠν,
768 1469 847 1513 αλλ’
868 1476 909 1515 ἐν
929 1478 979 1529 τῇ
999 1475 1177 1528 συζυγίᾳ.
1208 1471 1318 1510 Add.
1343 1472 1508 1524 Quintil.
1528 1472 1605 1521 IX,
1625 1476 1664 1518 4,
1685 1477 1749 1514 19.

273 1527 325 1567 Ῑη
346 1528 574 1576 ΓΙειοιῖοίο,
606 1544 694 1567 cum
714 1532 847 1568 omnia
871 1517 1005 1568 leniter
998 1531 1172 1582 ·fluunt‚
1204 1540 1284 1567 ium
1304 1530 1390 1581 ipsa
1410 1526 1610 1575 ὂιαλεκτος
1637 1528 1753 1567 hahet

275 1600 360 1622 cam
372 1583 683 1637 jucunditatem,
715 1596 756 1622 ut
778 1585 939 1624 latentes
973 1588 1091 1624 etiam
1120 1601 1298 1624 numeros
1321 1584 1532 1637 complexa
1558 1583 1751 1623 videatur.

270 1642 426 1679 Paullo
449 1650 548 1678 ante
569 1654 598 1681 s,
622 1645 687 1683 16.
748 1641 884 1696 Neque
900 1642 1008 1690 mihi,
1042 1641 1200 1694 inquit,
1234 1641 1449 1695 quamlibet
1468 1655 1632 1692 magnus
1650 1656 1751 1679 auc-

272 1707 336 1735 tor
369 1695 502 1736 Cicero
526 1700 777 1749 persuaserit,
819 1698 1007 1753 Lysiam,
1050 1697 1340 1746 Herodotum,
1377 1695 1646 1748 Thucydidem
1666 1712 1753 1751 pa—

273 1769 360 1792 rum
379 1753 576 1792 studiosos
600 1754 1073 1808 compositionisfuisse
1094 1763 1172 1792 etc.
1208 1754 1347 1792 GESN

387 1810 725 1862 Pag.121.1.2
772 1811 886 1862 Πέρα
910 1815 979 1861 τῆς
1010 1832 1062 1838 -
1094 1811 1288 1861 ἐλπίδος)
1329 1809 1492 1849 Confer
1520 1824 1647 1864 supra
1679 1811 1750 1850 De

271 1866 407 1906 Mero.
434 1864 571 1906 Cond.
595 1880 631 1906 c.
656 1870 697 1908 T.
720 1866 791 1905 fin.
824 1867 993 1905 SOLAN.

385 1921 936 1978 Εα(ἶ·1·3.Συγγραμμασι)
969 1919 1264 1977 Συγγραμματα
1283 1920 1498 1961 Herodoti
1518 1936 1606 1961 esse
1623 1921 1748 1961 libros·

270 1978 409 2031 ipsius
434 1979 663 2030 historicos,
696 1980 798 2018 satis
825 1994 876 2019 ex
898 1979 952 2017 iis
975 1988 1169 2027 constat,
1214 1991 1322 2031 quae
1347 1977 1398 2016 de
1418 1978 1460 2016 vi
1485 1977 1614 2030 hujus
1647 1993 1750 2017 ver—

269 2034 317 2073 bi
335 2035 387 2074 ad
411 2034 654 2090 Thucydidis
676 2035 890 2088 principia
914 2035 1191 2087 disputantm
1212 2033 1262 2072 ab
1282 2033 1341 2073 Η.
1363 2034 1571 2088 Stephano.
1606 2035 1743 2073 ΟΕΒΝ.

384 2091 489 2130 Ibicl.
523 2090 759 2146 Γνώριμος)
791 2092 889 2132 Vox
907 2090 1034 2142 haec,
1065 2090 1159 2128 sine
1183 2104 1264 2143 qua
1290 2105 1435 2129 manca
1457 2104 1632 2144 prorsus
1652 2105 1745 2128 seu-

269 2148 429 2195 tentia‚
463 2146 509 2185 in
532 2148 730 2186 omnibus
753 2157 893 2187 tamen
913 2147 1097 2201 vulgatis
1117 2145 1274 2187 deelffat
1331 2147 1424 2187 Nos
1447 2162 1500 2187 ex
1516 2147 1572 2197 L.
1593 2156 1636 2186 et
1658 2146 1742 2188 Ed.

269 2203 309 2244 J.
333 2203 612 2244 restituimus.
643 2204 813 2244 SOLAN.

380 2259 485 2299 Eud·
505 2263 533 2299 l·
558 2264 595 2303 4.
626 2256 693 2301 Ἐν
714 2264 855 2314 βραχεῖ
873 2262 991 2313 κατ.)
1021 2261 1108 2300 Ηίο
1136 2260 1302 2315 aliquid
1338 2258 1614 2299 desideratur.
1673 2259 1743 2298 An

267 2313 486 2372 γνώριμοςς
524 2316 594 2355 Sic
624 2315 764 2356 infra:
807 2316 1002 2371 γνώριμοι
1031 2318 1076 2358 ἐν
1109 2321 1250 2372 βραχεῖ
1277 2318 1485 2371 ἐγένοντο,
1519 2329 1615 2368 pag
1646 2319 1739 2358 118·

273 2374 451 2413 Gm-m.
494 2371 624 2423 Vide,
658 2382 707 2410 ut
729 2387 812 2413 rem
837 2388 914 2412 acu
941 2375 1134 2428 tetigerit
1162 2374 1248 2427 Gn)
1251 2385 1342 2412 etus.
1374 2372 1426 2411 Id
1450 2372 1589 2425 ipsum
1612 2371 1738 2419 enim,

271 2429 388 2479 quod
418 2428 618 2467 omissum
649 2430 858 2483 conjecit,
899 2430 946 2469 in
971 2430 1027 2469 L.
1062 2438 1104 2469 et
1137 2430 1176 2471 J.
1209 2431 1431 2470 inventum
1463 2425 1739 2467 restituimus.

269 2483 435 2524 Rnrrz.

383 2540 487 2583 Εαᾶ
503 2544 530 2583 1
551 2544 590 2586 5·
625 2541 813 2591 Πλεύσας
831 2539 907 2598 γὰρ
932 2544 1099 2584 οἴκοθεν
1126 2542 1169 2584 ἐκ
1196 2546 1266 2596 τῆς
1286 2539 1469 2595 Καρίας)
1508 2538 1616 2578 Cum
1641 2537 1740 2577 Pli-

268 2598 335 2634 nio
358 2610 445 2634 non
471 2599 703 2638 concordat
722 2600 950 2649 Lucianus‚
984 2613 1062 2638 nec
1086 2597 1234 2638 suidas
1256 2613 1348 2637 cum
1368 2596 1565 2635 Luciano.
1623 2594 1737 2633 Nam

269 2651 426 2690 Plinzus
446 2653 500 2690 L
526 2659 592 2697 12.
617 2670 652 2696 c.
673 2660 713 2700 4.
737 2655 789 2694 de
812 2655 938 2694 ebore
957 2653 1061 2694 haec
1082 2655 1170 2694 ait.
1212 2664 1322 2692 tanta
1343 2662 1425 2690 erat
1445 2651 1571 2690 eboris
1589 2661 1736 2689 aucto-

270 2717 388 2757 ²²¹⁰&
421 2708 528 2748 urhis
545 2722 700 2752 nostrae
718 2710 875 2752 GCCX.
898 2727 1014 2752 anno.
1081 2712 1194 2750 Tunc
1210 2711 1309 2749 enim
1326 2717 1465 2748 auctor
1483 2707 1552 2747 ille
1571 2710 1585 2759 (
1600 2707 1736 2746 Hero·
