1834 3188
274 210 377 258 570
633 222 1393 254 ΑΒΝοΤΛΤιοΝΕε

272 324 340 366 καὶ
358 322 587 378 συνηγμένα
608 319 785 378 κᾷκεῖνᾱ.
835 319 917 361 Sed
941 319 1163 361 dialectice
1185 321 1445 377 interrogata
1473 325 1736 379 collectaque

274 381 401 422 etiam
424 381 508 420 illa.
554 380 765 419 MAncu..
1113 385 1115 388 ⁴
1602 399 1603 402 ¹

386 437 545 478 Ead.1.
577 441 615 479 8.
653 433 746 484 “’.Ω,ς
783 431 923 491 μόνῳ
960 437 1023 490 τῷ
1061 438 1229 492 σοφῷ]
1269 436 1450 477 Videtur
1489 438 1524 476 is
1564 437 1734 490 quidem

273 495 405 535 fuisse
434 493 491 543 εἷς
513 498 593 535 τῶν
627 487 708 534 ἀπὸ
739 495 880 540 στοᾶς,
925 491 1000 544 qui
1035 491 1139 530 alibi
1174 495 1299 532 etiam
1335 493 1515 534 maxime
1543 493 1734 533 ludibrio

271 561 374 592 sunt
404 549 587 590 auctori.
646 549 776 588 Varia
807 548 881 586 isti
902 547 1115 601 paradoxa
1145 550 1382 603 jactabant,
1416 550 1594 590 sirniIem
1614 553 1736 589 colo-

272 624 356 648 rem
384 606 609 653 habentia;
645 604 892 644 dialecticae
912 605 1156 660 rogationes
1177 621 1275 646 vero
1296 621 1374 646 nos
1390 607 1432 644 in
1454 606 1626 656 eandem
1642 621 1735 646 sen-

272 664 451 703 tentiam
483 663 660 702 ducunt.
739 662 936 702 Ceterum
978 662 1082 701 bene
1115 662 1341 703 nobiscum
1371 672 1510 703 actum
1539 663 1732 714 videtur,

271 720 385 777 quod
406 721 494 760 vita
514 723 596 773 jam
617 719 794 758 functus
815 727 879 758 est
898 719 1134 759 Lucianus.
1165 721 1291 765 Run.

382 776 487 817 Ead.
510 780 539 817 l.
564 781 628 820 10.
667 772 1016 830 Συνηρῶτητο
1047 771 1185 834 αὐτῷ
1213 776 1265 820 τό
1296 777 1402 832 πρ.]
1437 775 1611 817 Comica
1638 775 1734 815 irri-

269 834 358 885 sio,
392 849 500 888 quae
523 834 568 872 in
591 832 669 872 hac
692 833 877 872 formula
898 835 1025 883 latet,
1059 843 1319 874 contemtum
1341 833 1466 872 simul
1489 832 1734 887 significan·

269 900 333 931 te:
385 905 557 941 vereor,
598 903 653 928 ne
695 891 921 930 vernacula
951 889 1098 946 lingua
1131 905 1218 930 non
1260 890 1397 944 possit
1430 889 1566 930 reddi.
1609 890 1731 929 Run.

265 947 528 1000 Impeditum
556 956 699 986 textus
731 945 897 1001 vulgati
928 960 1096 986 sensum
1120 947 1307 988 feliciter
1327 945 1550 1000 expedivit
1575 945 1734 986 Gesneri

265 1004 464 1053 solertia,
507 1003 582 1056 qui
611 1003 671 1041 ita
703 1003 854 1053 vertit,
897 1012 944 1041 ut
971 1013 1071 1057 post
1103 1018 1252 1044 vocem
1277 1007 1498 1059 προοίμιον
1529 1002 1730 1056 majorem

267 1060 476 1114 cogitaret
511 1059 838 1099 distinctionem
869 1059 1081 1112 positam,
1114 1075 1222 1115 quae
1253 1062 1378 1102 etiam
1411 1074 1508 1099 vere
1541 1059 1586 1096 in
1618 1059 1667 1096 A.
1689 1064 1729 1101 2.

264 1116 406 1168 posita
429 1116 599 1172 legitur.
642 1117 778 1155 Recte
799 1114 946 1170 itaque
970 1126 1135 1157 textum
1157 1117 1217 1156 sic
1239 1117 1420 1157 mutavit
1445 1114 1731 1156 Schmieclerus.

263 1173 484 1213 Praeterea
516 1183 655 1212 tamen
686 1172 814 1212 etiam
837 1173 1047 1226 particula
1073 1171 1140 1215 mxi
1169 1184 1267 1214 ante
1299 1173 1428 1213 verba
1459 1171 1503 1213 τὸ
1526 1176 1597 1223 τῆς
1613 1176 1734 1212 κολα-

262 1231 375 1279 κείας
404 1229 614 1269 excidisse
637 1228 912 1283 videturhut
939 1229 1150 1270 Jacobsius
1176 1231 1386 1284 conjecit3
1422 1228 1498 1282 qui
1519 1228 1598 1268 Vir
1616 1227 1736 1280 poli-

263 1285 454 1324 tissimus
487 1287 614 1326 etiam
656 1285 830 1326 verbum
867 1287 1126 1341 συνηρώτητο
1164 1288 1374 1340 explicat:
1420 1298 1510 1324 non
1536 1293 1621 1322 tam
1656 1298 1733 1338 per

262 1345 524 1396 quaestiones,
571 1357 695 1396 quam
724 1359 796 1397 per
821 1342 1070 1398 syllogismos
1101 1346 1358 1399 compositum
1387 1352 1482 1382 erat.
1541 1341 1612 1380 De
1645 1354 1732 1395 quo

262 1398 433 1451 quidem
463 1398 583 1438 verbi
610 1400 764 1456 ἐρωτᾷν
791 1414 872 1438 usu
898 1400 1013 1440 adire
1041 1399 1235 1454 jubemur
1257 1398 1658 1454 Sclzweiglzaeuserum
1681 1396 1733 1435 ad

261 1455 428 1508 Epictet.
460 1456 578 1494 Diss.
600 1459 721 1495 Tom.
741 1456 800 1500 II.
818 1457 866 1496 P.
889 1456 922 1497 l.
940 1472 982 1511 p.
1002 1460 1101 1502 509.
1159 1457 1290 1497 Unde
1319 1466 1361 1497 et
1390 1457 1436 1495 in
1465 1455 1664 1495 versione
1685 1452 1732 1493 id

262 1510 456 1552 indicare
477 1513 652 1565 placuit.
683 1514 842 1555 Lnnm.

372 1569 476 1611 Eacl.
499 1572 528 1608 l·
554 1575 619 1612 11.
645 1567 903 1624 Ἐγκώμια
933 1569 1186 1623 φορτικοὶ)
1221 1570 1319 1610 Scil.
1347 1569 1470 1609 Lucii
1503 1566 1619 1618 Veri,
1655 1567 1730 1622 qui

260 1623 458 1664 laudibus
485 1625 656 1665 eximiis
677 1634 762 1664 tam
792 1636 881 1666 erat
901 1626 1131 1681 indignus,
1163 1637 1211 1666 ut
1233 1627 1383 1681 potius
1412 1624 1600 1681 graviter
1619 1633 1731 1664 esset

260 1680 648 1734 reprehendendus.
707 1682 778 1726 Cf.
803 1683 1000 1723 Wielaml.
1032 1685 1152 1722 Run.

375 1738 473 1792 Pag.
502 1743 597 1782 188.
628 1741 656 1778 1.
679 1743 720 1783 6.
751 1735 823 1780 ”H
845 1737 968 1782 αὐτὸν
998 1742 1122 1787 εἰπεῖν
1135 1739 1153 1794 )
1191 1741 1388 1778 Facessat
1419 1736 1526 1776 inud
1557 1741 1728 1790 μᾶλλον,

261 1794 378 1847 quod
399 1794 496 1837 Pell.
517 1793 726 1845 intrudit,
747 1794 803 1834 vin
835 1796 930 1834 aliis
953 1793 1089 1835 Codd.
1110 1805 1151 1835 et
1173 1794 1284 1834 Edd.
1308 1805 1447 1834 autem
1469 1795 1628 1847 rectius
1650 1793 1730 1832 ab-

261 1862 348 1900 est,
383 1866 475 1891 cum
501 1851 602 1890 satis
627 1866 703 1905 per
725 1862 768 1892 se
790 1852 981 1906 elliptice
1012 1852 1203 1907 intelligi
1231 1854 1400 1900 soleat.
1423 1860 1471 1889 ut
1491 1851 1535 1888 in
1559 1852 1725 1903 Evang.

257 1907 362 1948 Luc.
383 1908 559 1958 XVIII,
586 1912 650 1951 14.
683 1910 830 1964 κατέβη
857 1905 976 1958 οὗτος
1001 1909 1308 1963 δεδικαιωμένος
1338 1911 1392 1955 εἰς
1421 1905 1488 1948 τὸν
1515 1905 1632 1948 οἷκον
1656 1904 1728 1947 αὖ·

257 1965 331 2005 τοῦ
350 1961 378 2018 ἢ
399 1967 559 2014 ἐκεῖνος.
618 1963 685 2004 Ad
711 1965 818 2019 quae
842 1966 969 2005 verba
990 1969 1112 2019 plura
1135 1966 1186 2004 L.
1211 1965 1307 2004 Bos.
1351 1963 1481 2002 Conf.
1499 1977 1577 2001 nos
1598 1976 1726 2015 supra

257 2020 310 2058 ad
338 2021 459 2062 Dial.
480 2036 555 2074 pro
581 2024 708 2075 Lap5.
739 2038 774 2063 e.
801 2028 865 2066 12.
887 2022 964 2060 ubi
990 2027 1139 2074 μᾶλλον
1166 2022 1292 2061 etiam
1323 2028 1422 2072 post
1453 2017 1552 2061 ὅσον
1581 2019 1726 2057 omitti

257 2081 392 2117 solere
426 2078 693 2130 notavimus,
736 2089 778 2119 et
810 2080 954 2118 forsan
989 2078 1182 2131 pluribus
1218 2075 1504 2115 indicabimus
1539 2075 1642 2114 infr.
1673 2075 1725 2113 ad

257 2134 368 2177 Gall,
386 2150 420 2174 c.
439 2140 502 2179 18.
535 2135 700 2177 RmTz.
762 2135 830 2175 Cf.
856 2134 1009 2174 Gesner.
1031 2135 1082 2174 ad
1101 2136 1200 2177 Jov.
1224 2133 1353 2173 Conf.
1377 2146 1410 2171 c.
1423 2136 1463 2176 7.
1488 2131 1723 2171 &Dor-vill.

256 2189 309 2228 ad
332 2191 478 2231 Clzarit.
502 2206 544 2245 p.
567 2195 663 2235 528.
711 2192 870 2233 Lmtm.
1702 2212 1704 2214 ·

368 2248 470 2287 Ead.
497 2251 523 2289 1.
546 2252 585 2290 7.
621 2244 968 2302 Ἀμνημονεῦσαι)
1007 2247 1178 2288 Citatur
1219 2261 1240 2286 e
1271 2247 1436 2286 La'e‘rtio
1469 2242 1513 2286 τό
1546 2241 1725 2298 ἐμνημο-

254 2301 398 2347 νεύειν.
431 2305 610 2345 GUYET.
665 2302 981 2359 Ἀμνημονεύειν
1001 2304 1146 2344 eodem
1168 2318 1293 2343 sensu
1316 2302 1427 2340 dixit
1445 2301 1581 2340 Laiirt.
1607 2300 1723 2354 quod

257 2375 336 2413 ego
368 2360 418 2400 ad
449 2361 655 2400 Lab-tium
686 2361 920 2402 observavi.
982 2361 1231 2401 Immemor-ia
1264 2359 1463 2398 similiter
1492 2366 1581 2410 pro·
1606 2356 1723 2396 obli-

256 2418 388 2456 vione
410 2418 894 2471 usurpavitPapinianus
915 2421 942 2458 l.
965 2423 1031 2462 44.
1053 2417 1103 2458 de
1124 2414 1381 2470 acquirenda
1401 2416 1469 2452 vel
1489 2412 1720 2467 amittenda

256 2474 550 2523 possessione:
589 2491 743 2528 peregre
769 2475 1018 2531 profecturus
1053 2477 1257 2529 pecuniam
1289 2475 1329 2511 in
1359 2483 1485 2518 terra,
1524 2469 1723 2508 custodiae

257 2543 399 2578 causa,
434 2530 687 2571 condiderat:
719 2548 805 2571 cum
835 2547 1002 2570 reversus
1030 2531 1157 2572 locum
1181 2531 1353 2571 thesauri
1381 2528 1622 2566 immemoria
1644 2543 1721 2565 non

258 2598 453 2636 repeteret,
486 2603 537 2626 αη
558 2587 715 2626 desisset
739 2590 944 2641 pecuniam
963 2588 1171 2640 possidere.
1203 2588 1396 2626 MENAG.
1452 2577 1721 2636 Ἀμνημονεῦ-

259 2656 324 2681 σαι
344 2656 429 2680 non
452 2643 718 2683 oblivionem
741 2645 813 2684 hic
833 2644 1062 2699 significat,
1087 2654 1133 2682 ut
1153 2643 1247 2682 viro
1271 2652 1432 2679 summo
1453 2638 1605 2680 visum.
1638 2637 1720 2678 Sed

258 2692 367 2735 {terti
390 2700 649 2748 necessario,
683 2701 748 2739 uti
770 2700 972 2750 fecimus,
1007 2699 1143 2740 debet.
1207 2699 1255 2740 V.
1280 2699 1349 2735 De
1370 2696 1472 2734 Salt.
1497 2711 1529 2738 c.
1554 2702 1620 2740 20.
1643 2694 1720 2733 ubi

257 2752 427 2808 quidem
453 2750 691 2810 α’μνημονὲω
719 2766 804 2808 est,
836 2766 885 2797 ut
914 2767 955 2797 et
978 2756 1091 2810 apud
1125 2754 1304 2811 Thucyd.
1326 2752 1418 2801 III,
1436 2754 1503 2799 40.
1563 2754 1621 2793 At
1650 2751 1720 2791 hi<3
