1834 3188
263 293 413 340 p.863.9
430 298 518 335 μαι,
552 282 592 329 ἒς
612 278 797 331 Σκύθας,
828 277 938 333 εἰμὴ
969 277 1111 322 Σόλων
1143 274 1335 322 ἀπέθανε.

281 905 319 938 p.
334 893 409 938 869.

433 170 529 215 160
937 181 1343 214 ιυοΙΑΝῑ

1397 278 1600 324 Βούλεσθε
1631 278 1705 324 οὖν
1722 279 1801 336 ἤδη

425 346 608 404 ἐπαγάγω
627 344 663 398 f)
698 353 754 404 τῷ
778 346 894 404 μύθῳ
922 347 1112 399 τὸτέλος,
1145 344 1198 396 ὥς
1220 345 1273 400 μὴ
1307 344 1506 399 ἀκέφαλος
1526 353 1801 403 περινοστοίης

429 416 513 472 ὅρα
532 422 632 472 γοῦν
653 418 798 459 εἰδέναι
820 410 871 458 οὗ
889 414 995 465 τινός
1013 433 1080 469 μοι
1102 419 1230 457 εἵνεκα
1254 413 1274 457 ὅ
1291 413 1522 471 Ἀναχαρσις
1542 419 1583 458 ἐκ
1603 420 1800 466 Σκυθίας,

426 487 492 529 καὶ
519 483 681 537 Τόξαρις
704 489 826 526 τανῦν
846 485 891 534 g)
924 485 962 533 ἐς
991 486 1255 526 Μακεδονίαν
1273 482 1437 536 ἥκετον,
1469 487 1521 527 ἔτι
1544 486 1609 525 καὶ
1629 483 1801 526 Σόλωνα

426 556 591 611 γέροντα
620 550 747 606 ἄνδρα
777 553 1004 607 ἐπαγομενω
1027 547 1072 602 h)
1099 547 1340 605 Ἀθήνηθεν.
1392 554 1496 605 φημὶ
1523 549 1572 603 δὴ
1605 549 1744 605 ὅμοιόν
1766 569 1802 593 τι

427 624 494 664 καὶ
525 619 644 669 αὐτὸς
671 626 819 661 παθεῖν
850 624 904 676 τῷ
926 618 1210 674 Ἀναχάρσιδι,
1250 622 1335 668 καὶ,
1368 618 1470 673 πρὸς
1504 622 1710 672 Χαρίτων,
1745 618 1800 672 μὴ

425 688 662 744 νεμεσήσητέ
679 687 719 737 ¹)
750 705 817 742 μοι
845 693 916 741 τῆς
934 686 1109 739 εἰκόνος,
1141 692 1175 730 εἰ
1191 692 1384 743 βασιλικῷ
1405 685 1522 741 ἀνδρὶ
1553 686 1721 740 ἐμαυτὸν
1743 689 1802 729 εἷ’-

426 774 540 799 κασα.
573 755 778 811 βάρβαρος
797 757 866 810 μὲν
883 756 956 811 γαρ
976 755 1182 812 κᾴκεῖνος,
1213 758 1278 798 καὶ
1299 752 1417 797 ου’δέν
1438 773 1474 796 τι
1495 757 1620 808 φαίης
1639 752 1688 796 ἂν
1707 754 1802 804 τούς

428 824 590 879 Σύρους
610 821 715 877 ’ἡμᾶς
734 826 1003 876 φαυλοτέρους
1022 824 1123 866 εἶναι
1143 830 1223 865 τῶν
1246 828 1435 864 Σκυθῶν.
1468 818 1589 877 οἷταρ,
1627 820 1719 866 οὐδὲ
1733 841 1800 865 κα-

424 892 471 935 τὰ
492 892 535 935 τὸ
560 891 766 947 βασιλικὸν
792 895 952 941 εἰςποιῶ
973 889 1076 945 τᾶμα
1105 895 1145 941 ἐς
1176 890 1248 945 τὴν
1279 889 1515 944 ὁμοιότητα,
1548 887 1636 932 κατ’
1672 893 1803 933 ἐκεῖνα

426 963 468 1004 δέ
482 973 490 982 ·
521 959 584 1003 ὅτε
604 958 677 1015 γαρ
702 965 861 1014 πρῶτον
883 959 1109 1014 ἐπεδήμησα
1130 958 1245 1014 ὑμῶν
1266 964 1314 1016 τῇ
1330 957 1460 1008 πόλει,
1493 958 1711 1014 ἐξεπλάγην
1732 960 1802 1014 μὲν

425 1027 552 1078 εὐθυς
572 1026 669 1070 ἰδών
691 1025 734 1068 τὸ
756 1029 947 1082 μέγεθος,
980 1030 1042 1070 καὶ
1073 1027 1116 1070 τὸ
1141 1026 1309 1076 κάλλος,
1351 1027 1415 1068 καὶ
1437 1030 1515 1066 τών
1540 1027 1802 1078 ἐμπολιτευο-

424 1099 554 1152 με’νων
581 1094 625 1138 τό
658 1100 840 1148 πλῆθος,
884 1097 951 1137 καὶ
977 1094 1051 1148 τήν
1084 1095 1203 1148 ἄλλην
1231 1093 1423 1147 δύναμιν,
1454 1095 1521 1135 καὶ
1547 1093 1803 1148 λαμπρότητα

424 1171 557 1208 πᾶσαν
570 1176 578 1184 “
612 1161 706 1211 dign
726 1161 888 1204 ἐπιπολὺ
905 1161 1113 1216 ἐτεθήπειν
1130 1162 1231 1217 πρὸς
1247 1167 1370 1202 ταῦτα
1382 1194 1393 1212 ,
1424 1162 1489 1201 καὶ
1508 1156 1581 1202 οὐκ
1600 1160 1799 1215 ἐξήρκουν

422 1237 479 1290 τῷ
497 1226 696 1284 θαύματι,
731 1229 821 1271 οἶόν
838 1247 874 1271 τι
894 1232 962 1271 καὶ
982 1229 1001 1272 ὅ
1024 1229 1223 1283 νησιώτης
1243 1231 1392 1277 ἐκεῖνος
1409 1231 1618 1277 νεανίσκος
1634 1226 1801 1270 ἐπεπόν-

422 1307 491 1343 θει
511 1298 614 1355 πρὸς
633 1297 707 1352 την
729 1303 804 1340 τοῦ
821 1296 1035 1340 Μενελάου
1058 1301 1199 1341 οἰκίαν.
1231 1299 1296 1340 καὶ
1315 1299 1475 1352 ἔμελλον
1495 1294 1597 1338 οὕτω
1617 1295 1802 1351 διατεθή-

465 1447 504 1493 f)
531 1442 772 1489 ἐπαγάγω]
800 1444 889 1486 „Sic
918 1444 1012 1478 Edd.
1031 1445 1061 1478 J.
1082 1445 1136 1478 ΡΙ.
1162 1446 1208 1477 Η.
1237 1446 1319 1479 Par.
1340 1450 1409 1477 etc.
1437 1455 1582 1499 απαγω
1587 1443 1678 1478 W.“
1749 1443 1796 1487 g)
1833 1457 1834 1472 ἢ

511 1493 687 1534 τανῦν]
712 1505 755 1525 τα
772 1491 840 1524 νῦν
864 1491 904 1524 Β.
933 1503 960 1525 1.
985 1502 1016 1533 5,
1037 1491 1246 1531 sejunctim.
1293 1487 1798 1534 1ι)ἐπαγομείνω],,8ι“ο

508 1546 582 1570 rec
584 1549 608 1569 e
628 1538 657 1569 J.
681 1538 726 1571 H.
748 1537 798 1571 Fl.
817 1534 908 1579 ἐπαγ
912 1548 976 1578 ομε
963 1535 1029 1581 ’νῳ
1051 1537 1149 1569 male
1170 1538 1254 1569 Alci.
1287 1538 1483 1588 (utraque)
1505 1542 1540 1568 et
1558 1536 1640 1567 Par.
1648 1538 1670 1554 ‘⁶
1719 1536 1797 1567 Nec

509 1595 585 1616 non
604 1584 646 1614 B.
670 1594 697 1614 1.
722 1594 753 1625 5.
810 1583 843 1624 ι’)
867 1582 1180 1627 νεμεσησητε]
1211 1584 1316 1616 Duce
1335 1584 1377 1615 B.
1397 1594 1430 1626 5.
1450 1583 1529 1624 jota
1548 1582 1615 1614 sub
1632 1581 1748 1614 altero
1771 1594 1795 1625 η

508 1629 622 1672 vulgo
640 1628 889 1672 subscriptum
909 1628 1039 1663 delevi.

1135 1768 1204 1793 ros
1240 1768 1318 1793 nos
1353 1753 1524 1806 Scythis
1560 1756 1644 1792 ulla
1674 1753 1717 1791 in
1750 1767 1795 1793 re

1137 1810 1363 1849 deteriores
1426 1821 1561 1849 remei-e
1622 1809 1795 1848 dixeris.

417 1758 492 1796 lon
516 1764 623 1794 esset
646 1763 851 1794 mortuus.
912 1753 1078 1793 Vultin’

418 1812 552 1865 igitur
593 1814 672 1863 jam
715 1810 911 1847 inducam
951 1811 1076 1849 etiam

417 1868 540 1906 finem
570 1878 603 1906 ct
632 1866 852 1905 coronidem
879 1866 1074 1915 fabulae,

415 1938 470 1961 ne
492 1924 580 1962 sine
600 1925 737 1973 capite
754 1923 918 1961 oberret
934 1922 953 1960 ἱ)
982 1923 1073 1962 Jam

417 1980 529 2019 enim
572 1979 788 2017 sciendum
825 1988 908 2025 est,
954 1982 1073 2030 cujus

414 2034 521 2073 mihi
548 2035 609 2073 rei
638 2049 778 2072 caussa
817 2034 1071 2072 Anacharsis

415 2105 437 2130 e
467 2090 641 2142 Scythia
677 2091 776 2128 inde
807 2091 1072 2142 T·0xa1isque

412 2160 527 2184 nunc
548 2146 589 2182 in
611 2145 910 2184 Macedoniam
938 2160 1074 2185 vene-

410 2203 514 2252 rint,
534 2201 812 2240 adducentes
802 2216 975 2254 msuper
995 2201 1073 2242 So·

409 2260 564 2308 Ionem,
598 2272 733 2296 senem
756 2258 908 2307 virum,
942 2258 1072 2297 Athe-

409 2315 491 2353 nis.
551 2315 633 2364 Ajo
668 2306 889 2362 nimirum,
933 2314 1069 2353 simile

407 2369 517 2407 mihi
556 2368 752 2423 quiddam
788 2369 1067 2407 Anacharsidi

405 2439 486 2463 usu
525 2427 705 2464 venisse.
775 2426 854 2473 Et,

405 2496 472 2519 vos
509 2482 748 2519 Gratiarum
779 2498 917 2519 numen
949 2499 1062 2535 rogo,

405 2537 539 2574 nolite
571 2538 695 2575 irasci
725 2537 829 2574 mihi
863 2537 913 2575 ob
944 2538 1066 2576 istam

697 2593 730 2631 si
766 2593 871 2646 regii
897 2594 1064 2643 generis

909 2649 1067 2688 Barba-

405 2589 653 2644 imaginem,

403 2646 496 2684 viro
520 2662 582 2685 me
605 2649 849 2687 assimilavi.

400 2714 472 2739 rus
498 2703 609 2742 enim
631 2713 673 2743 et
696 2704 794 2751 ille3
828 2719 966 2759 neque
987 2705 1064 2757 Sy·
1120 2704 1233 2742 nelai
1253 2703 1436 2743 domum.

894 2440 967 2477 per
997 2442 1088 2481 ego(

1139 1868 1228 1919 Ego
1253 1881 1367 1914 vero,
1401 1882 1485 1903 non
1514 1878 1715 1918 quantum
1743 1866 1793 1904 ad

1133 1923 1290 1975 regiam
1312 1922 1605 1967 nobilitatem,
1639 1923 1794 1960 simili-

1133 1979 1325 2016 tudinem
1359 1979 1471 2015 illam
1503 1978 1679 2044 affecto,
1721 1980 1794 2018 sed

1133 2044 1335 2088 quantum
1357 2033 1407 2072 ad
1429 2035 1498 2072 illa
1515 2037 1663 2087 print-,a
1685 2034 1792 2073 Cum

1133 2090 1243 2129 enim
1304 2090 1484 2141 p1imum
1546 2091 1792 2144 peregrinus

1132 2157 1310 2185 vestiam
1334 2146 1375 2182 in
1404 2146 1547 2184 urbem
1571 2149 1684 2196 veni,
1711 2157 1792 2186 sta-

1133 2202 1210 2239 tim
1242 2202 1409 2254 quidem
1451 2206 1669 2255 perculsus
1700 2217 1789 2241 sum

1133 2269 1356 2310 conspecta
1392 2259 1706 2312 magnitudine,
1748 2269 1790 2297 et

1130 2314 1477 2366 pulchritudine,
1538 2325 1578 2353 et
1629 2315 1787 2352 civium

1129 2385 1329 2420 numero,
1397 2380 1437 2408 et
1476 2370 1636 2421 reliqua
1668 2371 1787 2408 omni

1127 2427 1331 2465 facultate
1355 2441 1401 2464 ac
1423 2425 1659 2476 splendore.
1703 2428 1786 2465 Ita-

1127 2497 1206 2536 que
1236 2482 1309 2519 diu
1344 2481 1394 2520 ad
1425 2481 1502 2519 ista
1535 2481 1782 2533 stupebam,

1127 2552 1204 2576 nec
1236 2552 1310 2589 par
1339 2552 1446 2576 eram
1483 2536 1781 2587 admirationi3

1126 2597 1246 2646 quale
1291 2592 1393 2645 quid
1435 2593 1498 2631 illi
1551 2592 1600 2632 de
1642 2596 1780 2633 insula

1124 2648 1383 2686 adolescenti
1416 2648 1571 2687 accidit
1605 2650 1656 2688 ad
1678 2652 1782 2690 Me—

1499 2706 1558 2745 Et
1580 2706 1779 2746 debebam
