1834 3188
441 177 523 206 1».-
595 174 1244 206 HEantoTrMUM.
1481 165 1577 211 441

121 273 228 330 quod
267 273 409 313 bonum
447 283 482 312 ct
508 272 550 311 cl
537 287 669 326 'vnum
697 270 903 322 incidetis,
945 285 1163 326 perperam
1197 272 1421 323 omittens,
1465 275 1583 327 quod

122 330 264 369 omitti
288 343 375 368 non
401 328 524 368 debet
546 333 602 385 τῷ
621 325 794 398 πρώτῳς
831 337 920 367 tum
952 337 1102 368 neuter
1130 328 1318 369 ostendit
1348 327 1433 367 vim
1463 331 1582 370 vocis

120 383 244 437 ἆξίῳ,
277 386 348 424 cui
371 394 490 439 pater
509 372 734 438 adscripsit
754 381 905 440 εὖώνῳ.
967 384 1047 425 Sed
1066 394 1108 424 et
1140 399 1241 424 mox
1270 398 1491 439 perperam
1521 387 1584 424 ii-

121 442 214 481 dem
237 438 410 495 κοτυλην
433 451 572 482 vertel
577 451 653 480 unt
671 443 889 480 sextarium
915 443 984 480 vel
1005 443 1231 492 sestarium,
1264 456 1358 481 cnm
1380 441 1585 483 deberent

119 500 335 549 heminam,
368 508 417 536 ut
438 497 660 536 adnotavit
676 496 802 536 idem.
836 497 981 538 Gnon.

232 556 331 608 Pag.
353 560 419 599 82
440 557 530 597 1.1.
573 553 659 602 Εἴ)
707 552 814 593 Cod.
842 554 917 593 W.
950 563 1062 594 recte
1087 552 1142 605 εἴ,
1184 554 1301 610 quod
1332 553 1378 593 in
1404 555 1581 611 reliquis

121 611 347 662 omissum,
380 625 545 650 sensum
564 608 793 675 perturbat.
826 609 915 649 Sor
921 625 994 648 Av

236 663 748 720 Εσᾱ,1.2.”ῼνησάςγε)
789 663 953 706 Gratum
971 667 1236 731 milzificisii.
1266 668 1412 707 Bnon.
1473 669 1582 707 Rec-

119 733 162 763 te
188 724 414 774 Br30daeus
444 722 571 762 modo
602 737 719 775 proO
703 733 853 760 “rarum
877 723 1137 775 scripsisset,
1170 724 1287 775 utile,
1320 725 1580 765 commodum.

123 780 575 832 ContraJ.Seoge1us‚
611 753 842 831 qui⁶.C1ass
862 779 1011 820 Journ.
1040 781 1133 821 Vol.
1159 781 1282 822 XIII.
1306 797 1345 834 p.
1368 786 1433 824 73.
1468 779 1557 822 οὗὸὲ
1563 798 1585 822 v

121 837 221 875 addi
252 840 365 885 vult,
395 840 523 889 longe
558 834 770 874 aberravit
801 848 824 873 a
854 849 954 873 vero
983 850 1120 876 sensu.
1183 836 1352 890 Quodsi
1382 838 1493 876 enim
1521 838 1584 876 sic

121 903 301 962 ipentem
327 892 489 944 Lycini
517 892 652 944 cepit:
694 890 796 929 nihil
818 891 890 929 tibi
910 892 1123 955 profuisti,
1166 896 1349 946 turpiter
1383 893 1584 932 confudit

124 946 268 990 ὄναναι
290 958 331 988 et
351 947 539 990 ὅνασθάι.
600 946 737 1000 Quem
758 961 938 986 errorem
963 948 1161 996 vitasset,
1196 950 1374 1002 opinor,
1407 951 1443 988 si
1467 949 1585 988 addi-

119 1014 209 1043 tum
241 1006 284 1043 in
312 1014 434 1043 textu
466 1004 619 1044 fuisset
652 1003 878 1056 Objectum
911 1021 979 1057 με,
1023 1004 1133 1059 quod
1171 1015 1333 1052 tamen,
1366 1019 1492 1055 cave,
1531 1020 1584 1045 ne

118 1060 405 1113 adjiciendum
435 1071 573 1113 putes
621 1057 813 1111 ”.Ωνησας
835 1060 973 1105 enim.
1007 1064 1073 1099 vel
1095 1061 1278 1113 Objecto
1303 1076 1390 1100 non
1411 1062 1580 1111 addito,

116 1118 300 1156 formula
326 1127 388 1155 est
407 1119 620 1166 solennis,
654 1130 760 1170 quae
781 1117 908 1155 facile
933 1116 1160 1167 Objectum
1184 1128 1401 1157 externum
1425 1119 1585 1157 intelli-

118 1173 162 1226 gi
187 1174 389 1225 patiatur.
451 1173 520 1211 Sic
543 1174 677 1211 Dian.
706 1174 837 1212 Deor.
868 1173 1041 1221 XXVI,
1065 1179 1104 1216 1.
1138 1175 1295 1226 Apollo
1325 1174 1375 1213 ad
1402 1176 1584 1214 “Mercu-

117 1229 252 1269 rium:
274 1228 476 1282 ’Ώνησας,
511 1232 639 1279 δείξας
655 1228 702 1269 πὶ
722 1232 999 1284 γνωρίσματα,
1045 1229 1135 1269 bene
1164 1233 1360 1283 meruisti,
1392 1230 1469 1286 (de
1489 1230 1584 1286 me)

116 1290 344 1325 monstratis
363 1288 498 1338 signis.
527 1287 686 1325 LEHM.

231 1342 335 1381 Ead.
354 1344 379 1382 l.
402 1348 440 1385 9.
472 1344 526 1383 Εἰ
546 1340 598 1396 μὴ
617 1340 718 1396 ἄρα)
747 1343 868 1381 Duas
888 1342 981 1381 illas
1005 1357 1131 1382 voces
1151 1357 1203 1383 ex
1221 1347 1467 1397 conjectura
1485 1358 1584 1396 sup-

117 1399 353 1449 plevimus,
389 1413 491 1450 quas
512 1408 553 1437 et
574 1413 720 1436 sensus
747 1401 955 1450 postulat,
989 1409 1030 1439 et
1053 1413 1137 1437 vox
1162 1401 1246 1452 εἴη,
1280 1411 1329 1439 ut
1351 1400 1581 1449 omitteret,

117 1454 294 1493 librario
320 1454 524 1494 oscitanti
554 1469 694 1493 ansam
726 1454 857 1494 dedit.
891 1456 1060 1496 SOLAN.
1106 1452 1209 1509 ’Ἀρα
1234 1457 1399 1495 scilicet
1431 1456 1473 1494 in
1507 1455 1585 1494 hac

117 1520 325 1549 structura
357 1510 530 1550 minime
567 1511 669 1549 ferri
708 1522 864 1564 potest.
933 1511 1014 1551 Sed
1043 1521 1092 1550 ut
1127 1513 1303 1551 omnino
1337 1512 1586 1550 felicissime

118 1566 242 1606 verba
264 1566 435 1607 Solemus
451 1566 716 1616 emendavit,
752 1567 810 1605 ita
832 1576 967 1606 tamen
989 1570 1141 1607 vellem
1162 1571 1220 1621 εἴη
1239 1569 1457 1608 statuisset
1476 1567 1586 1606 illud

121 1624 258 1675 ipsum
283 1637 396 1672 esse,
434 1622 549 1676 quod
572 1623 776 1663 Lucienus
798 1624 1040 1678 scripserit,
1073 1627 1109 1666 εἰ
1129 1643 1204 1678 μη,
1237 1639 1375 1678 neque
1400 1638 1499 1664 vero
1524 1625 1585 1676 εἴη

118 1679 415 1718 tantummodo
456 1694 594 1718 ansam
637 1679 824 1728 dedisse,
880 1691 928 1719 ut
960 1683 996 1722 εἰ
1028 1699 1081 1733 μη
1111 1680 1347 1720 adderetur.
1408 1682 1490 1719 Pro
1527 1682 1587 1733 εἰη

120 1736 267 1787 itaque
288 1734 551 1774 confidenter
572 1735 688 1774 edidi
713 1739 748 1778 εἰ
762 1754 839 1788 μη,
870 1738 1114 1789 praesertim
1137 1751 1266 1790 quum
1290 1736 1464 1777 verbum
1484 1736 1592 1775 Sub·

119 1791 353 1830 stantivum
377 1790 418 1830 h.
439 1794 467 1829 l.
494 1792 626 1844 magis
650 1792 705 1830 sit
726 1805 1110 1844 supervacaneum,
1121 1808 1266 1861 quam
1288 1793 1588 1833 necessarium.

122 1848 189 1887 Cf·
213 1847 389 1886 similem
411 1849 549 1886 locum
577 1847 1057 1915 (3118ΐ.0-11-Καὶμήν
1083 1867 1157 1903 ουχ
1178 1867 1284 1904 ορω,
1317 1847 1362 1899 ὅ,
1376 1867 1410 1890 τι
1430 1845 1589 1902 ἆγαθόν

121 1900 233 1960 αυτῷ
257 1901 536 1957 πρόςεστιν,ε
523 1906 557 1945 εἰ
576 1901 629 1957 μὴ
654 1902 732 1958 α’ρα
751 1906 795 1946 ἓν
815 1909 933 1947 τοῦτο
955 1904 1107 1958 μόνον,
1141 1904 1199 1948 ότι
1218 1915 1296 1944 etc.
1326 1906 1487 1945 me.

235 1960 338 1999 Eacl
363 1963 390 1998 l
414 1966 478 2003 10.
498 1959 658 2013 ’ᾌΩςπερ
682 1963 722 2002 οἵ
743 1958 943 2014 κάπηλοι)
977 1962 1105 2001 Conf.
1136 1962 1187 2001 L.
1212 1962 1295 2002 Bos
1322 1961 1458 2013 (bene
1488 1975 1589 2000 mo-

123 2026 251 2056 nente
275 2020 324 2055 cl.
347 2017 566 2056 Hcmstezlz.
583 2018 600 2069 )
632 2016 684 2055 ad
703 2018 784 2070 Ep.
808 2023 847 2062 2
873 2017 923 2056 ad
955 2018 1309 2071 Cor-it1tlz.p.154.
1342 2017 1419 2055 ubi
1449 2034 1589 2070 nann-

125 2078 165 2114 λε
168 2072 308 2121 ύοντες
325 2072 394 2114 τὸν
419 2071 538 2127 λόγον
557 2077 630 2115 τοῦ
656 2078 761 2115 θεοῦ
783 2074 967 2127 explicat
989 2089 1040 2114 ex
1069 2075 1219 2128 Aesclz
1222 2074 1254 2113 Ζ.
1280 2080 1318 2117 7.
1348 2074 1483 2114 Theb.
1520 2091 1589 2114 κα-

123 2126 312 2182 πηλεύειν
331 2126 482 2182 μάχην,
516 2128 630 2182 quod
650 2130 799 2170 Ennius
817 2133 1035 2183 cauponari
1053 2131 1195 2170 bellum
1196 2092 1349 2177 ydixit,
1382 2130 1412 2170 i.
1433 2145 1467 2169 e.
1493 2145 1587 2168 cum

126 2186 227 2224 dolo
251 2184 406 2224 bellum
431 2199 594 2238 gerere,
629 2196 670 2224 et
691 2201 793 2225 auro
823 2187 979 2241 magis,
1023 2202 1147 2241 quarn
1180 2188 1292 2226 ferro
1327 2202 1374 2225 ac
1410 2186 1586 2225 vir-,tute

123 2241 404 2281 Peculiariter
424 2241 473 2280 de
496 2240 766 2295 philosophis
798 2243 1008 2282 veteribus
1042 2242 1193 2282 dicunt
1216 2243 1368 2282 Graeci
1397 2243 1586 2295 scripto-

125 2313 189 2338 1es
209 2296 448 2349 καπηλεύειν
473 2300 645 2347 σοφίαν,
677 2297 917 2350 μαθήματα,
953 2299 1003 2338 de
1025 2301 1142 2338 malis
1167 2308 1207 2337 et
1234 2298 1475 2349 Sophistis‚
1511 2298 1587 2350 qui

126 2354 379 2408 sapientiam
402 2363 441 2393 et
464 2352 712 2405 disciplinas
737 2355 933 2407 quaestui
955 2355 1188 2404 habebant,
1221 2366 1263 2395 et
1293 2356 1396 2394 falsa
1416 2369 1492 2407 pro
1509 2368 1588 2392 ve-

125 2411 185 2450 ris
207 2410 437 2460 docebant,
468 2409 593 2448 bonis
617 2412 721 2448 mala
744 2410 998 2460 miscebant,
1040 2411 1154 2450 haud
1183 2411 1306 2449 aliter
1340 2425 1387 2448 ac
1417 2424 1587 2463 caupo-

128 2480 225 2517 nes,
258 2466 330 2521 qui
352 2466 496 2505 vinum
520 2480 626 2517 aqua
651 2466 828 2504 mixtum
850 2466 1065 2515 vendunt,
1108 2469 1176 2506 vel
1210 2467 1282 2519 qui
1315 2466 1463 2506 dolose
1496 2482 1588 2506 me-

130 2524 322 2573 tiuntur3
354 2537 485 2575 eaque
513 2521 706 2574 pluribus
734 2522 936 2574 exemplis
975 2522 1132 2560 firmata
1164 2522 1390 2561 videantur
1419 2521 1586 2564 ibidem,

130 2579 246 2617 Hinc
275 2578 494 2631 καπηλικὸς
525 2593 599 2630 pro
632 2577 905 2615 fraudulento
941 2578 1052 2630 apud
1086 2579 1344 2632 Aristophan.
1382 2580 1586 2632 aliosque.

134 2634 245 2675 Olim
269 2650 367 2675 vero
392 2636 435 2672 in
457 2645 614 2687 partem
637 2649 721 2672 non
749 2633 806 2670 ita
829 2636 976 2671 malam
1001 2633 1190 2682 valebat,
1234 2636 1337 2688 quin
1363 2635 1587 2689 significa-

133 2700 196 2733 tet
217 2705 379 2732 omnem
399 2690 592 2732 lucrandi
613 2689 806 2742 modum,
839 2689 881 2730 id
903 2691 1130 2745 praecipue
1150 2701 1405 2732 mercaturae
1427 2706 1582 2747 genus,
