1834 3188
248 181 349 228 562
606 186 1364 227 ADNOVTA'rloNEs

362 291 464 337 Eacl.
485 293 513 331 1.
538 294 599 333 12.
631 290 751 331 Αἴτια
774 284 856 340 ἅμα
874 289 947 338 τῆς
965 289 1040 327 τοῦ
1060 284 1237 338 πολέμου
1257 282 1382 338 ἀρχῆς
1400 282 1583 337 διεξιών)
1615 286 1716 327 Non

250 349 332 389 hae
363 362 488 387 voces
516 356 693 395 notant,
725 342 845 383 simul
873 353 908 381 et
935 357 1117 392 caus-sas,
1148 341 1251 381 uncle
1274 341 1318 380 iel
1349 339 1491 386 bellum
1521 346 1717 396 coepisset,

253 402 617 452 commemorando,
652 411 700 439 ut
723 399 855 440 vertit
888 398 1121 439 Benedictus
1140 401 1266 450 plane
1287 413 1340 438 ex
1360 398 1602 440 imitatione
1624 401 1721 440 IUL-

256 463 371 519 cylli.
406 464 476 513 (et
498 461 574 498 vix
600 462 715 511 legas
737 458 844 498 αἴτια
862 450 1009 508 ἀρχῆς,
1042 471 1133 494 cum
1156 453 1371 494 sufficiant
1388 456 1496 496 αἴτια
1512 457 1718 508 πολέμου)

256 519 328 560 sed
353 533 512 558 caussas
528 515 646 555 simul
661 516 859 567 principio
883 512 976 553 belli
996 512 1235 566 aggrediens,
1268 511 1383 565 quod
1403 510 1506 550 satis
1527 522 1645 566 patet
1667 527 1722 552 ex

255 577 382 630 ipsis,
417 587 522 626 quae
544 570 832 624 subjiciuntur
855 580 1053 620 excerpta
1079 567 1216 606 verba.
1251 569 1395 608 Gnon.
1609 603 1613 611 ,

370 630 469 670 Εαᾶ.
491 632 519 669 l.
549 635 612 672 13.
644 623 923 680 Οὐολόγεσος)
956 624 1081 678 Apud
1102 624 1354 678 Xiplzili‘num
1383 623 1585 666 scribitur
1618 620 1722 668 Οὖο.

257 688 456 743 λόγαισος.
487 686 538 725 V·
564 683 773 727 Λᾶν-264.
795 683 843 722 Β.
867 683 1027 721 Anton.
1052 687 1146 725 269.
1167 683 1218 721 Β.
1233 690 1274 721 et
1290 686 1383 725 270.
1400 681 1447 722 C.
1462 682 1521 720 D.
1545 690 1586 721 et
1602 696 1720 736 seqq.

255 747 307 784 In
340 742 522 782 nummis
566 744 912 784 ΒΟΛΑΓΑΣΗΣ
945 748 1190 778 constanter
1226 738 1339 790 legi,
1383 746 1622 782 monet'me
1655 739 1722 780 Jo.

256 802 438 842 Masson.
499 798 611 838 Vide
638 797 843 852 Spanlzem.
877 797 1047 836 SOLAN.
1108 794 1315 848 Spanlzem.
1349 793 1401 835 de
1427 806 1506 834 usu
1533 804 1580 834 et
1598 809 1725 848 prae-

256 867 380 897 stant.
406 871 517 897 num.
538 857 584 896 T.
609 856 639 897 Ῑ.
665 869 701 907 ρ.
729 859 823 898 461.
846 867 908 906 sq.
940 853 1060 891 Run.
1716 861 1721 865 ·

369 913 467 965 Pag.
491 915 634 956 184.1.
657 917 697 955 2.
726 908 892 964 Ἀρχὴν)
923 909 992 948 Sic
1024 908 1137 947 enim
1166 907 1322 960 incipit
1350 906 1532 950 historia
1559 909 1724 964 Thucy-

257 970 386 1011 ‹lidia-.-
422 970 676 1020 Θουκυδίδης
701 963 928 1020 Ἀθηναῖος
954 966 1176 1019 ξυνέγραψε
1196 963 1266 1006 τόν
1289 963 1467 1017 πόλεμον
1484 970 1563 1007 τῶν
1587 970 1724 1007 Πελο-

255 1028 489 1079 ποννησίων
507 1027 575 1067 καὶ
591 1022 853 1077 Ἀθηναίων,
887 1020 940 1071 ὥς
960 1023 1208 1074 ἐπολέμησαν
1227 1019 1328 1075 πρὸς
1356 1017 1573 1073 άλλήλους,
1605 1019 1724 1075 ἆρξά·

257 1101 377 1139 μενος
411 1079 536 1132 εὖθῦς
566 1083 875 1132 καθισταμένου.
939 1078 1068 1116 Vides
1098 1079 1240 1117 omnia
1274 1077 1530 1117 verbotenus
1562 1078 1613 1117 ab
1642 1079 1725 1118 hoc

259 1140 486 1192 descripta,
519 1148 685 1191 praeter
706 1137 897 1175 ultimam
922 1149 1082 1183 vocem,
1117 1149 1223 1186 quae
1245 1135 1389 1172 forsan
1410 1135 1601 1174 Luciani
1624 1145 1727 1178 tem·-¹

259 1211 361 1251 pore
385 1197 430 1234 in
455 1194 592 1234 Codd.
617 1193 862 1248 ZVzucyclidis
890 1206 940 1231 eo
964 1190 1090 1233 modo
1117 1189 1360 1244 legebatur,
1396 1204 1480 1243 quo
1505 1205 1527 1228 a
1553 1191 1728 1242 Calpur-

259 1254 392 1292 niano
425 1252 584 1304 scripta
620 1259 695 1289 est.
753 1251 824 1289 De
857 1249 1082 1301 συνέγραψε
1114 1262 1189 1300 pro
1218 1248 1441 1301 ξυνέγραψε
1466 1247 1726 1303 Thucydidis,

258 1309 387 1349 nimis
410 1309 620 1346 minutum
655 1305 875 1346 videatur:
909 1304 1150 1357 promiscue
1175 1318 1240 1356 ap.
1265 1303 1489 1343 Lucianum
1511 1303 1728 1354 scribitur,

257 1380 398 1420 neque
418 1364 523 1404 adeo
548 1362 822 1412 mutandum,
858 1360 1051 1416 quamvis
1075 1370 1277 1413 sequatur
1296 1361 1596 1413 ξυνισταμένου.
1639 1362 1728 1402 So..

258 1438 363 1463 LAN.
423 1422 660 1461 venustum
691 1418 818 1472 hujus
839 1420 926 1458 loci
951 1418 993 1455 in
1027 1430 1078 1456 eo
1103 1426 1187 1466 est,
1223 1416 1339 1470 quod
1365 1417 1414 1455 ab
1443 1417 1573 1458 initio
1594 1418 1728 1470 scrip·v

256 1490 390 1519 torem
411 1477 526 1517 hunc
551 1476 724 1515 laudare
743 1475 938 1528 videtur3
969 1473 1042 1512 sed
1067 1473 1245 1523 deinde,
1281 1488 1410 1527 quum
1434 1472 1485 1512 ad
1510 1473 1728 1526 probatio-

256 1550 350 1574 nem
376 1533 553 1583 accedit,
586 1548 669 1572 rein
694 1532 820 1585 ponit
836 1546 925 1571 non
945 1533 1082 1570 solum
1104 1530 1264 1568 nultius
1284 1530 1466 1584 negotii,
1501 1543 1644 1569 verum
1667 1540 1728 1570 et-

257 1591 339 1630 iam
362 1591 563 1643 ineptam.
597 1591 716 1627 Run.

368 1646 472 1686 Ecul-
503 1650 532 1685 l·
556 1652 597 1690 3·
641 1646 723 1688 Καὶ
749 1649 890 1698 θυμοῦ
913 1649 987 1687 τοῦ
1012 1641 1204 1686 Ἀττικοῦ
1234 1640 1548 1695 ἀποπνέουσαν)
1580 1642 1721 1697 Quid,

257 1719 356 1752 orO,
387 1706 572 1757 χαρίεντα
602 1717 695 1740 cum
727 1701 957 1755 θυμώδεσις
999 1711 1040 1740 et
1075 1702 1170 1754 quis
1199 1702 1271 1738 ille
1296 1699 1433 1752 θυμός
1465 1703 1530 1739 vel
1558 1700 1728 1738 animus

256 1761 448 1810 Atticus,
482 1774 604 1813 quem
638 1758 826 1797 offerunt
859 1757 1146 1811 interpretes?
1189 1755 1334 1795 Scribe
1362 1755 1626 1809 χαριεστάτην
1658 1758 1727 1797 καὶ

255 1814 394 1868 θύμου
414 1822 486 1858 τοῦ
514 1811 705 1857 Ἀττικοῦ
722 1811 788 1856 άπ.
813 1814 896 1853 hoc
919 1824 1003 1865 est,
1024 1815 1328 1869 festivissimum
1351 1824 1386 1852 et
1411 1813 1583 1868 thymum
1602 1814 1727 1852 Aui-

256 1891 342 1913 cnm
366 1876 531 1927 spirans.
592 1873 669 1910 Est
694 1872 806 1910 enim
834 1872 986 1910 allusio
1009 1871 1171 1909 ironica
1196 1870 1245 1908 ad
1268 1871 1490 1922 Hymettia
1514 1873 1648 1918 mella,
1683 1879 1725 1908 et

256 1930 362 1969 alibi
391 1944 488 1968 usus
512 1938 585 1970 est.
643 1929 755 1967 Mox
787 1938 899 1968 recte
919 1927 968 1966 ab
1001 1928 1089 1967 JaC.
1116 1926 1287 1982 Micyllo
1311 1929 1532 1978 Πομπηΐου
1562 1930 1726 1977 πολίτης

255 1985 447 2025 redditur
467 1985 790 2039 Pompejopolita,
824 1994 872 2023 ut
894 1997 1139 2037 cognoscas,
1175 1997 1354 2022 errorem
1374 1982 1501 2020 unius
1519 1981 1725 2021 Benedicti

255 2057 342 2082 non
367 2057 454 2081 esse
478 2043 613 2089 tanti,
650 2052 697 2080 ut
721 2056 773 2080 ex
804 2056 854 2080 eo
880 2042 1186 2079 incrementum
1211 2053 1357 2090 capere
1383 2038 1579 2077 debuerit
1600 2041 1721 2086 alter,

256 2113 375 2152 quein
399 2100 442 2136 in
468 2097 546 2135 hac
570 2098 763 2137 editione
786 2107 1036 2136 annotatum
1061 2095 1194 2147 vides,
1217 2105 1258 2133 et
1280 2106 1429 2134 auctor
1452 2094 1723 2133 dissertatio-

255 2170 354 2194 num
376 2154 425 2195 de
446 2154 705 2206 praestantia
730 2154 967 2193 numismat.
995 2167 1033 2206 p.
1058 2157 1152 2196 529.
1212 2153 1270 2191 Et
1295 2166 1347 2190 an
1378 2166 1464 2191 non
1487 2154 1592 2192 alter
1609 2154 1724 2190 alte-

254 2227 343 2250 rum
366 2210 588 2263 inspexit?
631 2210 775 2249 Gnon.

368 2267 471 2307 Ibid-
518 2270 688 2320 Θυμοῦ)
730 2266 809 2308 Καὶ
838 2263 910 2318 τὴν
943 2261 1071 2319 άρχὴν
1099 2263 1153 2314 οἷς
1183 2265 1354 2313 ἐκεῖνος,
1387 2261 1463 2306 σῦν
1486 2268 1544 2321 τῷ
1573 2265 1722 2306 ἑαυτοῦ

255 2320 419 2377 ὀνόματι
436 2321 604 2377 ἤρξατο,
635 2320 895 2378 χαριεστάτην
917 2319 1054 2377 α’ρχών
1072 2319 1257 2372 ἁπασῶν,
1290 2323 1356 2362 καὶ
1375 2327 1513 2372 θυμοῦ
1534 2325 1606 2362 τοῦ
1624 2316 1715 2360 Ἀτ-

255 2386 370 2423 τικοῦ
389 2377 685 2423 α’ποπνέουσαν.
730 2381 965 2433 Interpres:
1001 2379 1096 2419 Cum
1113 2395 1183 2418 suo
1210 2381 1364 2418 nomine
1378 2379 1614 2431 principium
1637 2376 1722 2416 clu-

255 2439 340 2486 mit,
375 2449 416 2476 ut
436 2437 522 2486 ille,
541 2437 843 2493 festivissimum
865 2435 968 2476 illucl
983 2439 1267 2490 principiorum
1290 2437 1484 2482 omnium,
1516 2436 1717 2472 animum—

256 2509 327 2547 que
348 2496 529 2534 Atticum
555 2497 722 2548 spirans.
781 2494 934 2546 Inepte
969 2493 1132 2531 animus
1160 2492 1328 2530 Atticus
1354 2491 1559 2528 tribuitur
1587 2503 1718 2528 exor-

257 2549 344 2589 dio.
405 2550 608 2590 Lucienus
639 2550 830 2603 scripsit,
862 2549 1119 2603 χαριεστάτην
1153 2544 1286 2601 άρχαῖν
1315 2545 1506 2594 ἁπασῶν,
1544 2547 1611 2586 καὶ
1632 2543 1721 2586 &ii--

255 2622 332 2657 μου
353 2611 423 2647 τοῦ
446 2603 632 2648 Ἀττικοῦ
651 2602 959 2654 ἀποπνέουσαν,
991 2606 1311 2658 elegantissimum
1331 2605 1497 2643 omnium
1517 2602 1716 2642 carot-clio—

257 2677 340 2706 rum
359 2674 393 2700 et
415 2663 586 2715 thymum
607 2665 787 2702 Atticum
808 2663 994 2710 redolens,
1026 2662 1107 2700 hoc
1133 2671 1208 2710 est,
1231 2659 1412 2700 Atticam
1436 2659 1712 2710 elegantiam;

255 2726 305 2756 ut
327 2716 484 2757 dudum
507 2719 811 2758 emendandum
831 2719 999 2760 ostendi
1020 2720 1062 2756 in
1086 2716 1343 2761 lectionibus
1366 2714 1586 2755 Hesiodcis.
1617 2715 1715 2756 Per-
