1834 3188
423 193 1225 227 INHERMOTIMUM.
1460 186 1561 231 395

103 305 186 336 tur.
245 295 334 333 'Aut
350 307 428 347 pro
448 288 571 342 ἀξιῶν
590 291 902 331 restituendum
921 288 1107 344 ἐξίωσιν,-
1139 295 1258 343 (non
1280 289 1417 347 (ἰξίαν,
1453 310 1563 350 quae

102 367 189 391 vox
210 354 387 390 alterum
412 348 581 403 quidem
597 377 608 396 ‚
642 347 757 402 quod
786 348 956 402 Guyetus
980 353 1095 399 vult,
1124 352 1289 403 pretium
1311 352 1401 392 scil.
1428 353 1562 406 signi·

103 409 227 447 ficare
250 415 415 460 potest,
448 419 587 458 neque
611 418 712 443 vero
735 404 778 442 id
803 405 916 458 quod.
941 408 1060 444 locus
1092 404 1282 460 flagitat,
1314 411 1565 448 aestimatio-

101 482 208 514 nem,
243 464 311 502 die
329 461 607 515 KViirdigung
622 462 648 510 ).
708 461 796 498 Aut
814 463 1008 499 lacunam
1026 463 1287 515 aliquantam
1307 479 1444 503 sumas
1465 475 1564 519 post

101 524 278 575 αἵρεσιν,
312 533 392 572 qua
427 519 544 571 prior
571 515 779 555 exciderit
803 518 1045 557 enuntiatio
1071 519 1351 572 participialis
1379 521 1424 559 in
1453 522 1563 560 hanc

101 579 189 617 fere
219 576 500 615 sententiam:
532 596 586 602 —
617 574 784 614 ἐποιεῖτο
814 571 888 624 τὴν
915 576 1088 627 αἵρεσιν,
1128 575 1564 630 προαιρούμενος

100 632 221 682 τοὺς
253 627 539 679 Στωϊκοῦς,
570 630 734 670 καὶτῶν
755 625 990 682 κρειττόνων
1009 630 1139 687 ᾆξιῶν.
1198 634 1266 670 Ex
1299 633 1453 686 quibus
1487 636 1563 673 illa

101 690 209 728 mihi
227 688 364 728 levior
385 701 431 725 ac
449 686 709 738 simplicior,
730 686 1008 739 ‘omninoque
1027 687 1312 740 probabilior,
1344 690 1454 730 ratio
1473 705 1563 731 esse

100 745 296 791 videtur;
332 758 459 798 quum
480 757 568 781 vox
587 739 752 791 ἀξίωσιν
771 744 839 780 vel
857 756 941 780 non
963 744 1184 796 perspicue
1207 746 1332 794 satis,
1369 750 1433 785 vel
1456 747 1561 787 adeo

100 800 429 854 compendiose,
462 798 619 850 scripta
636 798 866 836 -incautum
897 798 1115 838 librarium
1150 801 1277 839 facile
1309 803 1352 839 in
1379 817 1563 842 errorem

99 858 298 897 seducere
335 855 540 908 potuerit.
601 853 738 892 Aliam
779 853 890 892 viam
923 855 960 894 J.
990 856 1157 908 Seagero
1191 857 1357 910 ingredi
1399 860 1564 911 placuit

102 914 233 953 Class.
269 913 416 953 Journ.
440 911 536 950 Vol.
562 910 686 948 XIII.
719 925 758 962 p.
781 915 848 952 72.
881 912 1136 964 conjicienti
1168 909 1330 964 ἀξιοῦν,
1375 925 1416 953 et
1450 915 1566 954 hunc

97 970 321 1008 verborum
347 966 538 1006 ordinem
564 967 795 1006 statuenti:
827 969 1079 1021 διαλέγεσθαί
1105 986 1204 1019 τινι,
1249 967 1302 1017 ὥς
1331 967 1471 1020 α’ξιοῦν
1497 989 1568 1013 πι-

99 1031 262 1067 στεῦσαι
287 1021 598 1076 ὅτιἙρμότιμος
618 1032 696 1064 etc.
757 1023 1111 1062 Infelicissimum
1136 1028 1443 1067 commentum!
1479 1042 1565 1081 quo

95 1083 219 1137 jungi
243 1080 444 1133 jubentur
471 1084 678 1121 πιστεῦσαι
698 1088 738 1118 et
769 1075 934 1129 ἆξιοῦν,
976 1081 1226 1134 longissimo
1257 1082 1483 1122 intervallo
1512 1084 1563 1122 ab

97 1149 270 1177 auctore
292 1136 544 1187 dissociata3
576 1146 626 1174 ut
645 1146 801 1174 taceam
820 1163 832 1181 ‚
865 1136 1109 1189 ambiguum
1130 1138 1190 1175 sic
1213 1139 1326 1190 fore,
1361 1154 1565 1191 quorsum

94 1200 174 1236 τῶν
192 1191 428 1246 κρειττόνων
452 1193 622 1232 referas.
685 1191 813 1245 Quod
843 1189 894 1240 ὥς
911 1207 988 1244 pro
1014 1191 1107 1242 ὦςτε
1126 1194 1312 1246 positum
1333 1196 1520 1248 Seugerus
1541 1209 1565 1235 e

96 1252 358 1305 Xenophonte
381 1248 681 1286 illustrandum
707 1249 899 1300 putavit,
932 1263 1191 1300 supervacua
1216 1251 1303 1288 fuit
1326 1251 1430 1290 haec
1454 1266 1565 1305 ope-

95 1318 161 1357 ra,
197 1322 324 1360 quum
347 1305 450 1344 haec
468 1305 701 1356 particulae
725 1313 913 1356 potestas
934 1305 1099 1356 ubivis,
1133 1316 1173 1345 et
1195 1307 1240 1344 in
1260 1318 1409 1346 nostro
1431 1309 1563 1361 scrip-

95 1373 210 1412 tore,
246 1361 359 1401 haud
380 1375 473 1399 raro
497 1371 715 1410 occurrat,
759 1374 897 1415 neque
923 1362 1122 1415 cuiquam
1144 1363 1188 1400 in
1212 1373 1394 1404 mentem
1416 1365 1566 1405 venire

94 1420 231 1473 possit
253 1420 302 1458 (le
323 1433 367 1457 ea
394 1416 604 1456 dubitare.
638 1417 795 1459 Luna-1,

207 1475 309 1514 Eud.
335 1477 360 1512 l.
387 1476 450 1516 15.
491 1478 662 1515 Τοιαῦτα
678 1475 857 1527 λέγοντι)
890 1475 991 1514 Non
1014 1477 1188 1529 λέγοντο.
1218 1477 1366 1518 BnoD.

209 1531 312 1571 an.
333 1533 360 1571 Ι.
387 1535 451 1573 16.
500 1529 667 1578 Οἶσθα)
714 1530 836 1570 Stare
870 1531 953 1570 hoc
984 1533 1159 1588 verbun}
1188 1532 1257 1570 hic
1285 1548 1372 1572 non
1407 1544 1563 1587 potest.

97 1587 236 1628 Credo
277 1588 483 1639 scriptum
519 1588 654 1626 fuisse
685 1589 793 1636 ἰ’σθι,
845 1591 912 1626 vel
943 1588 1088 1640 potius
1117 1589 1158 1629 εὐ
1186 1591 1294 1640 ἴσθι,
1349 1600 1398 1627 ut
1426 1592 1566 1629 Prom.

95 1644 251 1684 Verbb.
277 1659 366 1696 cap.
394 1647 434 1687 5.
458 1642 536 1694 (?)
565 1653 606 1682 et
637 1643 741 1681 alibi
772 1645 940 1695 passim.
976 1644 1143 1685 SoLAN.
1203 1645 1339 1698 Quem
1372 1649 1512 1685 locum
1545 1662 1568 1686 e

99 1700 318 1740 Prometb.
349 1700 392 1736 in
427 1699 584 1739 Verbb.
617 1700 727 1753 (Πρ.
752 1705 785 1740 λ.
806 1700 1012 1754 citatum)
1044 1701 1157 1739 dicat
1184 1701 1375 1750 Solemus,
1410 1704 1569 1744 nescio.

94 1758 246 1809 Neque
273 1769 373 1794 vero
410 1769 516 1807 opus
541 1765 650 1804 erat,
691 1765 740 1793 ut
760 1757 941 1794 formula
975 1758 1195 1796 notissima
1221 1758 1290 1796 his
1321 1759 1566 1811 ambagibus

96 1815 394 1853 illustraretur.
453 1811 512 1849 At
543 1826 653 1865 nego
687 1811 884 1864 equidem
924 1812 1176 1865 imperative
1204 1814 1245 1852 h.
1279 1816 1306 1854 l.
1340 1815 1567 1854 Hermoti-

95 1884 208 1913 mum
232 1868 354 1920 loqui
374 1868 588 1918 voluisse3
622 1882 702 1920 qua
726 1868 860 1906 forma
891 1867 1122 1907 indicasset
1147 1885 1230 1907 rem
1255 1870 1428 1919 Lycino
1453 1886 1568 1908 non-

95 1925 196 1964 dum
217 1935 384 1973 notam,
416 1926 485 1962 vel
518 1924 708 1962 nondum
743 1934 909 1966 certam,
970 1925 1062 1963 Imo
1090 1940 1189 1964 vero
1220 1925 1456 1966 indicative
1480 1941 1566 1965 rem

91 1980 323 2036 proponit,
355 1989 404 2017 ut
426 1980 526 2017 satis
550 1983 630 2033 jam
658 1980 831 2031 Lycino
865 1981 1106 2033 cognitam,
1153 1996 1236 2035 quo
1270 1982 1466 2020 ostendat
1501 1984 1569 2021 si·-

92 2041 207 2083 mul,
251 2050 294 2074 se
327 2050 413 2074 non
443 2035 637 2088 decipere
667 2037 788 2073 illum
820 2038 1034 2086 voluisse,
1079 2051 1207 2090 quum
1239 2052 1323 2076 rem
1359 2039 1566 2087 tacuerit,

96 2107 218 2147 quam
244 2092 315 2130 ille
339 2106 413 2143 per
437 2106 480 2130 se
500 2094 619 2131 sciat.
675 2090 777 2133 Ἀλλ’
801 2092 924 2134 οἶσθα
950 2104 1090 2133 verte:
1135 2094 1214 2133 Secl
1245 2098 1348 2133 nosti
1377 2098 1496 2144 (vel,
1532 2096 1568 2133 si

97 2150 252 2196 mavis,
287 2162 380 2184 cum
405 2146 592 2197 Gesner-o,
635 2152 780 2200 paullo
805 2149 1028 2189 urbanius:
1069 2151 1136 2189 sed
1165 2152 1324 2202 n01·is)‚·
1369 2151 1420 2190 clu
1451 2154 1570 2190 meis-

95 2217 169 2245 sest
190 2208 234 2256 ja
260 2202 373 2242 cloclz.
435 2204 714 2243 Recentiores
735 2205 1014 2258 interpretes,
1048 2221 1071 2245 a
1097 2207 1246 2247 solano
1271 2206 1466 2260 decepti,
1498 2207 1570 2246 ab·

98 2269 303 2302 errarunt.
339 2260 496 2298 Lnunr.
674 2298 677 2299 ⁷

210 2318 308 2368 Pag.
328 2320 395 2357 27.
420 2317 445 2355 l.
471 2321 510 2358 3.
540 2312 609 2355 ’Ev
632 2321 714 2371 χρῷ
736 2316 928 2370 κουρίας)
968 2319 1044 2358 Αιῖ
1076 2330 1199 2358 cutem
1235 2331 1377 2360 tonsos,
1420 2320 1567 2358 Bnon.

101 2375 278 2413 Strictim
309 2382 498 2410 attonsus.
538 2371 668 2412 Plaut.
704 2372 826 2425 Capt,
861 2377 981 2423 cujus
1014 2373 1249 2422 ἀντίθετον,
1286 2393 1354 2429 per
1379 2379 1571 2430 pectinem

99 2441 288 2468 attonsus.
350 2424 507 2481 Ἐγκυτὶ
530 2429 802 2481 κεκαρμένους
819 2430 1081 2472 Archilocho.
1143 2433 1240 2470 Hoc
1263 2446 1395 2485 genus
1422 2443 1571 2471 tonsu-

101 2501 170 2525 rae
206 2486 382 2537 σκαφίον
413 2483 632 2534 dicebant,
683 2485 751 2522 cui
783 2489 937 2536 κῆπος,
979 2490 1047 2525 vel
1080 2490 1229 2539 κηπίον
1259 2489 1570 2540 opponebatur.

101 2543 170 2580 De
196 2542 348 2594 quibus
373 2540 471 2579 vide
496 2541 702 2594 Aristoph.
726 2540 868 2580 Schol.
893 2542 935 2578 in
961 2543 1150 2593 Avibus,
1184 2553 1226 2581 et
1256 2544 1314 2583 H.
1339 2544 1497 2583 Junium
1521 2544 1572 2584 de

104 2611 221 2635 coma
248 2612 280 2639 c.
306 2603 345 2640 6.
379 2597 489 2635 Vide
516 2607 555 2634 et
575 2595 764 2648 Lexiph.
787 2611 819 2634 c.
841 2601 879 2640 5.
912 2597 1084 2638 VonsT.
1146 2598 1258 2639 Vide
1285 2610 1372 2642 not.
1394 2601 1445 2640 ad
1480 2601 1570 2640 Vit.

105 2663 214 2693 auct.
249 2668 282 2692 c.
307 2659 373 2696 20.
407 2654 463 2693 So
477 2668 576 2691 mx.
632 2648 955 2707 Ἐνχρωκουρίας
985 2669 1068 2693 una
1101 2669 1205 2694 voce
1245 2656 1376 2705 Gnyet.
1411 2657 1571 2698 scribit.

112 2708 376 2759 Adsentirer,
409 2709 444 2747 si
481 2709 703 2762 probaret3
748 2724 825 2748 nec
856 2711 969 2748 enim
1002 2711 1232 2750 ridiculum
1264 2713 1369 2752 adeo
1393 2708 1483 2764 est,
1526 2723 1576 2752 ut
