1834 3188
368 222 433 269 66

227 344 356 388 p.787.
371 331 485 390 μόλις
505 330 580 388 γὰρ
609 327 662 372 ὂῖν
686 327 789 372 οὕτω
814 323 987 380 τάληθὲς
1005 324 1264 380 ἐκμάθοιμεν.
1303 329 1372 370 καὶ
1402 330 1442 372 εἰ
1470 347 1513 386 γε
1539 348 1597 381 τις
1617 331 1751 413 μέλλοι

371 397 598 457 ξύμβουλός
616 400 672 448 m)
704 413 773 451 μοι
793 392 1022 445 ἀξιόπιστος
1039 397 1198 438 ἔσεσθαι
1219 400 1461 450 φιλοσοφίας
1479 401 1590 454 πέρι,
1609 399 1754 452 ἥντινα

372 468 692 526 φιλοσοφητέον,
727 465 847 513 οὗτος
871 462 921 505 ἂν
951 466 1011 518 εἴη
1041 463 1164 518 μόνος
1192 462 1213 506 ὁ
1243 482 1291 506 τα
1321 463 1401 507 υπό
1423 465 1585 509 πάντων
1606 469 1656 521 ¹¹)
1687 462 1754 509 αὖ·

1019 531 1029 547 9
1066 531 1086 547 7!

370 544 450 582 τῶν
473 540 519 589 ⁰)
550 534 739 592 λεγόμενα
769 529 971 581 εἰδώς·οἵ
993 537 1014 576 δ
1062 539 1194 584 αλλοι,
1229 529 1395 583 ἀτελεῖς·
1434 537 1500 577 καὶ
1524 534 1597 578 οὐκ
1619 532 1669 577 ἂν
1690 552 1754 576 πι-

372 603 579 658 στεύσαιμι
607 601 766 652 αὐτοῖς,
797 598 875 650 ε’ςτ’
911 598 962 643 ἂν
992 603 1062 643 καὶ
1094 606 1187 654 μιοῖς
1208 597 1414 655 ἀπείρατοι
1434 597 1517 646 ὦσι.
1558 601 1656 657 τάχα
1679 620 1756 659 γαρ

374 672 427 717 a'v
450 671 477 727 ἦ
509 671 646 728 ἀρίστη
671 673 800 723 ἐκείνη
823 671 896 723 εἷ”.η
941 668 988 712 οὗ
1009 668 1082 725 γὰρ
1109 669 1156 723 δὴ
1181 673 1218 712 εἷ’
1241 688 1298 720 τις
1315 669 1670 725 παραστησάμενος
1688 688 1758 713 κα-

373 741 446 786 λὸν
464 740 688 796 ἄνθρωπον
701 773 712 790 ,
742 740 845 794 λέγοι
866 742 1005 780 τοῦτον
1026 737 1129 781 εἶναι
1148 736 1358 782 κάλλιστον
1381 737 1613 794 ἀνθρώπων
1632 736 1759 780 ἁπάν-

855 227 1259 260 LUCIANI

375 829 480 861 των,
512 805 795 861 πιστεύσαιμεν
822 801 952 863 αὐτῷ,
983 803 1035 859 ἢν
1067 805 1120 859 μὴ
1154 809 1318 861 εἰδῶμεν
1337 809 1381 863 I’)
1413 807 1473 851 ὅτι
1502 805 1654 857 πάντας
1683 804 1761 849 ἆν-

375 879 574 935 θρώπους
594 875 766 932 ἑώρακεν
780 889 789 899 ·
822 877 920 924 ἰ’σως
938 875 1006 928 μὲν
1031 874 1107 930 γὰρ
1130 877 1197 917 καὶ
1218 870 1336 925 οὗτος
1356 875 1477 924 καλός
1491 891 1501 901 ·
1528 879 1563 918 εἰ
1585 877 1626 918 δὲ
1645 874 1758 917 πάν-

375 965 454 990 των
469 946 699 995 κάλλιστος,
731 941 805 987 οὔκ
835 941 885 985 ‹322›
909 945 988 997 ἔχοι
1008 946 1176 992 εἰδέναι,
1208 942 1261 998 μὴ
1285 942 1382 986 ι’δών
1417 943 1617 994 ἅπαντας·
1646 941 1763 998 ἡμεῖς

378 1018 440 1068 δὲ,
473 1012 551 1059 οὐκ
569 1012 668 1057 αὐτὸ
693 1016 744 1064 q)
774 1010 902 1067 μόνον
934 1017 1080 1064 καλοῦ,
1115 1011 1211 1054 ἀλλὰ
1236 1017 1310 1054 τοῦ
1326 1016 1534 1055 καλλίστου
1565 1012 1757 1066 δεόμεθα,

377 1086 446 1129 καὶ
464 1082 516 1138 ἢν
537 1082 591 1137 μὴ
610 1087 730 1125 τοῦτο
753 1080 948 1135 εὕρωμεν,
982 1079 1102 1123 οὐδὲν
1119 1079 1215 1135 ἡμῖν
1234 1082 1355 1123 πλέον
1372 1087 1602 1136 πεπρᾶχθαι
1613 1079 1765 1137 ἡγησό-

377 1160 483 1209 μεθα
503 1154 561 1205 Ῑ’).

377 1217 464 1265 ἀλλ’
496 1221 625 1263 ἐκεῖνο
649 1216 693 1261 τὸ
725 1216 947 1275 ἀκρότατον
976 1220 1172 1272 ζητοῦμεν
1200 1216 1367 1269 κάλλος,
1409 1217 1504 1274 ’ὅπερ
1531 1215 1685 1274 ἀνάγκη
1715 1221 1762 1261 ἓν

613 1148 660 1193 οὗ
680 1148 756 1205 γὰρ
779 1147 1038 1205 ἀγαπήσομεν
1064 1147 1190 1207 ὁποίῳ
1218 1149 1363 1202 δήποτε
1380 1155 1491 1207 καλῷ
1511 1149 1761 1204 ἐντυχόντες,

377 1289 492 1334 εἶναι.

424 1380 489 1423 m)
516 1375 683 1432 μέλλοι
707 1373 1000 1432 ξυμβουλος]
1033 1376 1090 1408 Ita
1113 1384 1215 1419 2954.
1234 1374 1312 1407 Bel.
1336 1375 1450 1410 Schm.
1470 1387 1539 1419 pro
1560 1377 1662 1422 vulg
1681 1376 1765 1421 μέλ-

471 1428 526 1459 λει
543 1421 647 1469 σύμβ.
721 1429 762 1460 n)
789 1421 1004 1463 πάντων]
1031 1423 1210 1464 ,,πασων]
1236 1422 1294 1453 W.
1316 1427 1428 1454 recte
1467 1420 1617 1456 πάντων
1638 1425 1731 1457 Edd.
1737 1425 1762 1445 “

469 1470 608 1503 Atvid
633 1468 765 1500 Adnot.
839 1472 882 1508 o)
923 1464 1110 1508 αὐτῶν]
1146 1467 1285 1510 ,,ὃίο].
1306 1468 1351 1500 H.
1374 1468 1427 1499 ΡΙ.
1446 1468 1489 1502 Β.
1513 1480 1544 1501 2.
1564 1471 1644 1502 Par.
1667 1473 1706 1503 A.
1731 1482 1762 1505 l

470 1523 508 1549 et
531 1515 620 1548 Cod
646 1516 698 1547 M.
734 1510 836 1558 αὐτῷ
858 1515 954 1547 male
972 1515 1006 1546 S
1029 1521 1062 1546 et
1079 1513 1174 1546 hanc
1193 1519 1321 1546 secuta
1347 1515 1489 1545 An1st.“
1561 1516 1604 1558 p)
1633 1516 1766 1551 εἰδω-

469 1563 588 1618 μεν]
607 1561 743 1603 ἴδωμεν
763 1571 860 1603 ²954
881 1572 982 1602 30¹1
1005 1560 1105 1604 quod
1132 1566 1270 1592 temere
1301 1560 1465 1607 praefert
1482 1560 1640 1596 Belimzus
1699 1565 1763 1616 cq)

471 1605 613 1651 αὐτὸ]
641 1608 725 1650 „Ita
747 1605 979 1640 Ed<1.oevv0v
998 1607 1038 1639 L.
1057 1607 1161 1639 hene.
1169 1609 1192 1624 “
1241 1606 1396 1659 Recepit
1417 1619 1535 1641 αυτου
1557 1608 1672 1642 θ’·,ιΙυη
1695 1609 1766 1642 im-

468 1655 682 1710 prudenter.
717 1652 795 1684 Vid.
824 1653 955 1685 Adnot.
1006 1654 1051 1696 r)
1079 1649 1219 1686 οὐδὲν
1247 1646 1358 1695 ἡμῖν
1384 1652 1531 1688 πλέον
1557 1665 1678 1699 πεπρ
1659 1653 1763 1699 ράχ-

471 1704 560 1736 θαι
584 1696 888 1743 ἡγησόμεθα]
926 1700 1010 1741 „Ita
1038 1697 1482 1734 11tded1hahentJ.Fl
1504 1701 1548 1732 H.
1567 1701 1649 1734 Par.
1669 1702 1705 1735 S.
1727 1708 1764 1735 et

473 1747 564 1780 Cod.
590 1748 642 1778 M.
650 1747 673 1764 “
722 1746 767 1777 Et
785 1752 925 1777 ceterae
945 1745 1035 1777 Edd.
1059 1750 1142 1777 vett.
1189 1743 1260 1777 Sed
1280 1744 1442 1786 Bels,nus
1468 1745 1521 1778 sic
1543 1753 1662 1780 textus
1683 1759 1767 1780 ver-

470 1794 518 1826 ba
551 1793 689 1833 citans,
731 1791 809 1825 καὶ
836 1789 979 1825 ουδεν
1004 1788 1115 1835 ἡμῖν
1139 1789 1432 1833 πέπρακται,
1471 1791 1510 1824 in
1537 1792 1626 1826 Cod
1657 1805 1762 1837 301¹·

470 1839 585 1873 tradit
604 1838 678 1883 legi
698 1835 975 1882 ἐπιπέπρακται,
991 1839 1087 1871 unde
1107 1837 1220 1870 scribi
1244 1836 1354 1870 vult
1344 1850 1395 1871 ετι
1415 1835 1631 1882 πέπρακται.
1660 1841 1765 1885 Quae

1102 1929 1236 1968 mines
1268 1929 1439 1971 vidisse.
1500 1931 1629 1968 Forte
1648 1932 1762 1971 enim

1104 1996 1145 2025 et
1173 1986 1242 2024 hic
1274 1986 1443 2040 quidem
1474 1986 1675 2039 pulcher.
1708 2003 1763 2027 an

381 1932 566 1972 siliarius
588 1931 693 1969 mihi
715 1930 796 1970 fide
819 1930 972 1984 dignus
992 1930 1043 1970 de

381 1987 660 2043 philosophia
697 2001 810 2034 esse,
846 2001 950 2041 quae
982 2001 1043 2026 se·

383 2044 551 2098 quenda
573 2044 643 2092 sit,
671 2045 742 2082 ille
762 2044 891 2082 fuerit
911 2047 1040 2091 solus,

382 2101 456 2154 qui
498 2114 569 2148 ea,
620 2113 726 2152 quae
761 2100 811 2137 ab
845 2100 1042 2138 omnibus

383 2156 609 2205 dicuntur,
669 2156 852 2194 noverit.
919 2156 1043 2194 Reli-

381 2213 455 2268 qui
493 2226 636 2251 omnes
662 2212 704 2249 in
744 2226 912 2250 censum
955 2226 1041 2250 non

383 2269 566 2308 veniunt
604 2274 710 2319 (non
731 2268 986 2322 satifffbciurzt
1002 2272 1012 2317 )
1029 2300 1040 2317 ,

382 2340 522 2378 neque
554 2325 604 2362 iis
629 2324 899 2374 crediderim,
942 2324 1039 2363 dum

381 2385 450 2419 vel
474 2381 602 2419 unius
623 2393 748 2420 sectae
771 2381 855 2417 sint
880 2383 1040 2433 ignari:

380 2437 493 2475 forte
517 2438 627 2476 enim
660 2438 761 2476 haec
790 2438 878 2489 ipsa
911 2438 1041 2476 fuerit

384 2494 556 2543 optima.
619 2494 767 2547 Neque
791 2494 901 2531 enim
928 2508 1040 2545 sane,

381 2548 418 2586 si
445 2549 537 2601 quis
564 2551 785 2600 pulchrum
817 2551 937 2587 nobis
963 2550 1042 2588 ho-

380 2605 535 2642 minem
581 2605 784 2656 adducat,
839 2606 1040 2659 huncque

381 2659 495 2698 dicat
525 2675 612 2700 esse
632 2663 819 2700 omnium
845 2663 1038 2715 pulcher-

378 2716 556 2766 rimum,
591 2717 674 2771 ipsi
701 2718 938 2768 credamus,
973 2719 1036 2757 ni-

379 2772 413 2810 si
431 2772 624 2818 sciamus,
657 2787 799 2812 omnes
822 2774 941 2813 illum
958 2774 1033 2813 ho-

1101 2057 1202 2080 vero
1226 2042 1412 2081 omnium
1440 2042 1760 2096 pulcherrimus,

1101 2099 1207 2137 scire
1238 2113 1322 2136 non
1357 2101 1516 2151 possit,
1560 2100 1634 2152 qui
1670 2115 1764 2139 om—

1103 2169 1175 2193 nes
1215 2169 1299 2193 non
1337 2155 1506 2195 viderit.
1566 2157 1658 2195 Nos
1691 2172 1764 2195 au-

1102 2221 1184 2249 tem
1210 2226 1292 2249 uon
1319 2210 1496 2264 pulchro
1520 2217 1670 2261 solum,
1688 2213 1763 2252 sed

1100 2268 1384 2319 pulcherrimo
1408 2284 1514 2321 opus
1536 2269 1762 2310 habemus:

1101 2334 1140 2363 et
1188 2324 1269 2363 hoc
1314 2325 1399 2363 nisi
1442 2327 1759 2376 invenerimus,

1103 2380 1212 2419 nihil
1241 2381 1363 2420 nobis
1388 2382 1762 2434 profecisse-vide-

1101 2436 1250 2478 bimur,
1274 2452 1409 2491 neque
1430 2438 1539 2475 enim
1562 2438 1663 2476 satis
1688 2438 1760 2477 ha-

1102 2493 1290 2532 bebimus
1315 2495 1358 2531 in
1381 2493 1599 2545 pulchrum
1621 2494 1755 2547 quod-

1101 2565 1267 2602 cunque
1289 2550 1507 2599 incidisse,
1543 2549 1612 2589 sed
1641 2565 1758 2589 sum..

1098 2621 1202 2644 niam
1242 2608 1357 2644 illam
1392 2607 1754 2658 pulchritudinem

1098 2662 1335 2715 quaerimus
1351 2694 1360 2711 ‚
1397 2677 1520 2715 quam
1545 2678 1671 2703 unam
1693 2678 1754 2704 es-

1095 2732 1138 2758 se
1162 2732 1328 2758 necesse
1349 2729 1423 2759 est.
