1834 3188
325 216 376 246 IN
415 214 656 254 QUOMODO
693 213 925 244 msromA
964 213 1039 243 sm·
1076 213 1276 246 CONscn.
1437 201 1534 250 571

72 313 182 368 apud
209 313 430 354 Lucianum
465 312 613 353 eodem
655 310 782 350 modo
819 321 1066 364 usurpatum
1099 312 1220 351 vides
1257 309 1537 366 ἆμνημουεύω.

72 374 122 412 In
138 373 208 413 W.
231 381 369 410 tamen
395 368 680 423 ἀμνημονῆσαι
696 368 866 422 legitur.
899 369 1068 407 SOLAN.
1127 369 1184 406 Et
1208 370 1337 408 unice
1364 371 1537 423 quidem

71 439 199 469 recte.
260 428 471 466 Vitiosam
493 426 605 465 enim
642 427 820 464 formam
851 438 940 464 esse
965 420 1287 478 οἶμνημονεύειν,
1322 427 1435 465 inter
1456 428 1537 466 bo..

71 500 151 524 nae
173 484 288 539 frugi
315 482 622 523 Grammaticos
649 485 730 534 jam
753 491 934 523 constat.
995 482 1093 522 Vid.
1113 481 1336 525 Schneider.
1359 484 1466 523 Lex.
1492 484 1535 525 h.

70 557 112 582 v.
135 550 179 582 et
201 540 373 581 Lobeck.
393 539 444 578 ad
466 539 673 594 Plzrynich.
698 553 740 591 p.
765 543 861 582 566.
894 539 1050 581 Lmrm.

181 598 284 640 Ead.
304 601 331 638 l.
357 602 397 642 8.
418 596 616 649 ’Ἑρχομαι
636 597 757 648 ἐρέων
779 596 868 647 περὶ
886 592 1124 648 Ῥωμαίων)
1162 595 1256 636 Vid.
1279 597 1477 637 Herodot.
1502 597 1537 649 Ῑ,

69 660 108 700 8.
134 666 175 695 et
196 655 264 706 11,
288 660 381 698 161.
424 653 592 692 SOLAN.
653 651 929 691 Pertinebant
961 652 1066 692 haec
1098 652 1300 693 adnotata
1335 654 1388 693 ad
1411 654 1539 695 verba

68 714 149 756 ἔδεε
168 711 243 768 γάρ
262 723 342 751 etc.
403 709 502 750 Vid.
533 707 756 760 Wesseling.
778 707 830 746 ad
851 708 1044 749 Herodot.
1065 710 1108 759 I,
1131 715 1169 754 8.
1200 710 1321 749 Run.

183 767 284 809 Eud.
305 771 336 810 l.
358 772 424 812 10.
458 763 659 819 Ὀσρόης)
699 766 771 804 De
797 763 882 805 hoc
909 765 996 805 vid.
1023 776 1111 806 not.
1145 766 1289 806 Solani
1321 781 1412 822 cap.
1448 781 1537 822 seq.

70 828 236 866 Rnxwz.

183 880 286 921 Eacl.
307 883 335 922 1.
350 885 414 924 11.
436 876 632 933 ”Ομοιος)
654 876 768 917 Ante
787 876 896 917 hanc
917 877 1151 918 dictionem
1169 887 1231 919 est
1253 875 1327 934 οὐχ
1349 880 1394 918 in
1409 881 1536 935 Angl.

71 937 177 980 Cod,
201 937 413 977 mendose.
443 937 626 976 Bounn.
692 929 777 988 Οὗχ
796 931 885 987 ὁμ.)
919 935 970 975 Α.
992 945 1034 974 et
1056 936 1102 975 P.
1150 936 1203 973 In
1227 935 1440 990 impressis
1465 939 1540 975 ni·-

69 997 146 1038 hil.
205 995 366 1034 Forsan
399 993 625 1046 scripserat
650 990 895 1041 Lucianus,
930 989 984 1040 ὥς
1011 989 1076 1043 ὅμ.
1099 991 1216 1046 quod
1242 993 1390 1032 eodem
1413 993 1537 1044 redit,

70 1063 113 1093 et
146 1051 275 1090 facile
299 1065 321 1089 a
341 1050 516 1089 librario
540 1056 636 1101 post
663 1046 761 1104 ὁρᾷς
784 1048 985 1087 omissum
1021 1048 1167 1090 fuerit.
1207 1049 1375 1091 SOLAN.
1435 1051 1538 1089 Non

70 1109 130 1148 ita
150 1106 330 1147 absurda
353 1117 416 1146 est
433 1106 564 1146 lectio
590 1103 727 1145 Codd.
754 1101 828 1158 οὐχ
855 1105 1131 1144 inserentium
1148 1137 1159 1155 ‚
1191 1115 1240 1144 ut
1262 1106 1415 1146 Bourd.
1439 1121 1540 1159 pro-

68 1165 266 1214 nuntiat,
298 1173 443 1216 potest
462 1162 574 1202 euim
598 1160 891 1216 interrogandi
921 1175 1036 1201 more
1056 1161 1216 1214 accipi:
1249 1176 1343 1200 nam
1366 1166 1540 1216 vulgata

69 1222 175 1260 hiat.
235 1220 317 1260 Sed
345 1219 485 1258 malim
508 1214 561 1266 ὥς
585 1215 726 1270 ὅμοιος
742 1221 903 1272 legere,
938 1218 1121 1256 formula
1144 1218 1189 1256 in
1211 1217 1280 1256 his
1303 1219 1542 1257 usitatissi-

68 1293 147 1317 ma.
180 1278 346 1316 me‘rz.
407 1274 592 1316 Minime
624 1274 718 1313 hiat
746 1277 939 1328 vulgata,
974 1274 1045 1314 sed
1076 1274 1283 1315 convenit
1310 1276 1455 1325 potius
1480 1276 1541 1314 fa-

68 1334 226 1374 miliari
254 1332 465 1387 loquendi
498 1331 682 1379 rationi,
728 1345 809 1387 qua
843 1328 897 1380 aig
924 1330 1138 1370 omittitur
1166 1340 1266 1384 post
1298 1329 1408 1384 ὁρᾶς.
1469 1333 1540 1372 Sic

72 1391 259 1432 Charon.
284 1404 320 1429 c.
343 1394 384 1434 7.
408 1386 561 1445 Ὁρᾷς,
594 1385 855 1430 ὀνειδιστικὸν
880 1392 998 1430 τοῦτο
1020 1388 1060 1437 ἐς
1079 1386 1153 1441 τὴν
1171 1389 1332 1442 τέχνην,
1351 1376 1406 1429 let
1425 1388 1543 1428 simi-

70 1448 170 1488 liter
193 1446 299 1486 alibi
319 1446 494 1486 centies.
535 1446 691 1486 me.

187 1504 288 1557 Pag.
313 1507 408 1548 189.
431 1505 458 1542 1.
482 1503 521 1546 5.
547 1498 907 1554 Ἀλεξίκακος]
940 1500 1038 1541 Vox
1062 1500 1306 1540 Homerica.
1343 1500 1467 1540 Iliad.
1490 1519 1539 1551 κ,

69 1566 136 1606 20.
161 1560 235 1599 ubi
256 1559 401 1601 Schol.
434 1556 722 1611 ἆποτρεπτικὸς
744 1562 823 1599 τῶν
849 1562 996 1599 κακῶν.
1026 1558 1149 1597 Pum.
1209 1558 1260 1596 In
1280 1558 1540 1610 explicando

68 1619 153 1657 hoc
181 1620 277 1656 loco
307 1616 353 1654 in
385 1615 571 1654 diversas
602 1625 741 1667 partes
774 1614 971 1653 abierunt
1003 1615 1268 1666 interpretes,
1344 1614 1543 1670 Micyllus

72 1673 268 1728 quidem,
304 1687 325 1711 a
345 1671 512 1726 vulgari
533 1681 635 1713 vett.
654 1671 910 1711 Editionum
926 1704 936 1719 ‚
967 1685 1103 1725 eaque
1125 1669 1417 1723 ineptissima,
1449 1674 1544 1710 lec-

71 1732 193 1770 tione
228 1739 270 1769 et
301 1728 651 1780 interpunctione
679 1727 782 1766 hac:
813 1749 866 1757 —
898 1727 1007 1784 ᾠέτο.
1053 1724 1098 1769 τὸ
1127 1727 1169 1769 δὲ
1201 1729 1241 1775 ἐς
1271 1729 1430 1780 ἐχθρῶν
1459 1737 1541 1766 etc.

73 1801 198 1841 quam
217 1786 344 1825 etiam
369 1782 640 1823 Sckmiederus
657 1783 855 1836 repetiit,
886 1785 1131 1837 profectus,
1165 1783 1223 1820 ita
1248 1784 1398 1822 vertit:
1433 1782 1544 1822 Illud

71 1854 200 1882 aulem
218 1844 259 1881 in
277 1843 526 1881 inimicorum
548 1842 681 1893 capita
709 1851 833 1879 vertat
854 1840 1051 1879 malorum
1081 1851 1360 1879 averruncaior
1377 1839 1545 1879 Hercu-

74 1900 154 1952 les,·
185 1909 383 1953 tanquam
408 1897 513 1936 haec
545 1896 794 1948 imprecatio
824 1896 879 1934 sit
900 1897 1086 1937 Luciani.
1147 1896 1313 1934 Melius
1335 1894 1447 1933 haud
1468 1895 1545 1933 du-

74 1957 145 1996 bie
171 1955 246 1994 alii
272 1954 422 1994 verba:
453 1954 492 2001 ἔς
508 1954 667 2006 ἐχθρῶν
686 1978 742 1984 --
762 1955 919 2005 τρέψειε
942 1967 1018 2005 pro
1041 1952 1349 1991 exclamatione
1368 1951 1543 2002 habent,

73 2011 236 2066 frigido
273 2011 338 2049 illi
375 2009 574 2062 scriptori
606 2010 848 2060 tribuenda.
921 2010 1077 2048 Verum
1119 2023 1254 2061 neque
1283 2008 1330 2046 hi
1361 2009 1473 2045 inter
1501 2022 1546 2047 se

74 2071 200 2122 plane
231 2067 522 2107 consentiunt.
591 2066 730 2106 Verba
762 2067 897 2112 enim,
940 2066 1005 2107 καὶ
1031 2062 1310 2116 ἰσχυρότατον,
1346 2060 1399 2113 ὥς
1430 2063 1542 2119 ᾧέτο,

76 2133 145 2165 aut
178 2126 448 2176 conjungunt
475 2138 568 2162 cum
593 2122 966 2171 antecedentibus,
998 2130 1045 2159 ut
1069 2121 1251 2169 Bolanus,
1288 2121 1360 2173 qui
1380 2120 1544 2160 reddit:

73 2203 130 2214 —-
161 2179 273 2233 apres
300 2182 410 2218 avoir
438 2178 560 2218 [Merit
590 2195 684 2219 avec
713 2180 910 2232 beaucoup
941 2179 987 2217 cle
1002 2177 1126 2233 force
1156 2187 1191 2215 et
1226 2177 1272 2215 cle
1301 2176 1445 2226 clartd,
1493 2176 1548 2215 (ἶιι

75 2240 201 2278 moins·
220 2237 245 2274 cl
268 2252 308 2275 ce
333 2235 433 2289 qu’il
448 2252 586 2288 pense,·
619 2250 726 2288 quae
746 2235 918 2290 quidem
941 2236 1050 2274 ratio
1078 2248 1170 2273 cum
1193 2232 1402 2272 Reitziano
1425 2242 1546 2272 textu

77 2293 293 2347 congruit,
325 2292 401 2330 ubi
421 2295 517 2330 colo
544 2302 639 2343 post
657 2289 754 2334 ’ὀίετο
776 2295 990 2331 collocato
1013 2290 1214 2341 deinceps
1236 2289 1338 2327 haec
1363 2304 1546 2341 sequun-

79 2362 174 2392 tur:
206 2348 248 2391 τὸ
272 2349 332 2398 ὁὲ,
366 2349 406 2396 ἔς
429 2350 584 2401 ἐχθρῶν
606 2357 685 2387 etc.
717 2357 810 2396 aut,
843 2357 891 2386 ut
918 2347 1106 2387 Gesner-us
1127 2355 1169 2385 et
1196 2345 1459 2394 Wielandius,
1495 2343 1547 2382 ad

80 2407 318 2462 posteriora
356 2405 572 2453 referunt,
617 2413 665 2442 ut
703 2404 1010 2452 validissimum,
1057 2416 1109 2441 ex
1151 2402 1287 2454 ipsius
1326 2401 1546 2454 scriptoris

83 2464 209 2504 istius
231 2460 464 2510 sententia,
498 2459 772 2514 cogitandum
796 2461 851 2499 sit
872 2461 1057 2514 effatum,
1091 2457 1207 2511 quod
1231 2457 1373 2495 statim
1398 2457 1549 2510 sequi-

81 2531 165 2560 tur.
222 2518 360 2573 quue
390 2527 518 2566 recte,
553 2527 601 2554 ut
632 2517 738 2554 mihi
762 2515 929 2570 quidem
957 2515 1140 2554 videtur.
1204 2514 1311 2552 Nam
1340 2516 1549 2552 exclama-

85 2576 148 2615 tio
172 2575 382 2616 Luciani:
417 2573 585 2625 τοςαύτη
618 2570 824 2623 ψυχρότης
843 2582 921 2611 etc.
954 2571 1027 2608 vix
1060 2570 1242 2623 aliquem
1274 2583 1441 2608 sensum
1466 2570 1549 2608 ha-

84 2633 180 2682 bet,
213 2633 295 2671 nisi
321 2632 528 2671 referatur
556 2629 606 2668 ad
635 2631 865 2684 officialem
898 2629 1011 2666 illam
1043 2626 1251 2665 orationis
1285 2628 1385 2676 vim,
1422 2640 1546 2680 quam

87 2689 168 2727 iste
188 2689 370 2741 scriptor
388 2688 534 2740 inepte
556 2687 598 2724 in
623 2688 768 2738 inepta
793 2682 1098 2735 imprecatione
1121 2682 1347 2735 quaesivit.
1390 2683 1545 2722 Verum

88 2745 149 2784 sic
178 2748 259 2798 jam
291 2752 432 2784 textus
458 2745 548 2798 ipse
571 2745 810 2798 paullulum
839 2749 1024 2780 mutetur
1049 2752 1214 2779 necesse
1237 2747 1318 2778 est:
1350 2753 1427 2794 pro
1449 2742 1545 2782 colo
