1834 3188
310 213 629 244 HEmm'rmus
664 213 772 245 san
807 213 873 244 DE
909 214 1081 247 sEc'r1S.
1309 205 1406 252 115

17 311 169 368 ταύτην
188 309 329 363 αι’δῶς,
363 313 428 354 καὶ
462 309 529 355 δια
548 316 665 354 τοῦτο
687 310 755 367 ⁰),
788 307 1048 368 μετριώτερός
1067 314 1172 357 ἔστιν
1189 311 1307 370 ΰμῖν,
1337 319 1403 361 καὶ
1414 335 1450 369 p.
1465 329 1545 372 827.-

18 381 197 437 φορητὸς
218 382 284 423 ἔτι.
332 382 445 435 φέρει
472 378 547 436 γάρ
568 397 657 422 τινα
687 379 877 435 αἰσχύνην
901 378 1030 439 αὐτῷ,
1061 385 1096 425 εἰ
1113 380 1278 434 ἆνάξιος
1300 390 1402 438 φαί->

15 467 127 493 νοιτο
148 455 221 492 τοῦ
237 448 435 504 σχήματος
456 451 522 490 καὶ
541 454 610 491 τοῦ
631 444 845 502 ὀνόματος·
877 448 904 491 ἃ
927 449 975 504 δὴ
993 458 1400 508 παρακολουθοῦντα,

14 522 263 573 παιδαγωγεῖ
277 514 421 560 αὐτόν·
453 515 547 566 <Egra
565 520 718 566 δίκαιος
738 514 788 559 ἂν
811 519 907 571 εἴην,
941 522 977 560 εἰ
993 521 1060 560 καὶ
1079 518 1131 573 μὴ
1154 514 1210 562 ὧν
1229 524 1282 573 P)
1314 526 1402 575 βελ-

13 590 83 630 τίω
105 583 292 639 ἆπέφηνα
315 589 382 636 q)‚
412 583 562 637 μισθὸν
583 581 679 639 παρ’
703 580 817 638 ὖμῶν
838 590 990 640 λαβεῖν,
1024 584 1112 629 ἀλλ’
1137 583 1213 631 οὖν
1234 591 1400 634 ἐκείνων

13 672 77 712 γε,
110 653 136 696 ὁὶ
165 651 219 708 μὴ
246 656 456 707 δέδρακεν,
488 650 727 706 αἰδούμενος
756 657 1028 705 φιλοσοφίαν,
1063 657 1144 698 ἐπεὶ
1172 659 1239 699 καὶ
1263 662 1307 700 αἱ
1323 662 1401 702 τίτ-

11 729 87 765 θαι
105 721 240 765 τοιάδε
263 723 419 777 λέγουσι
435 723 522 776 περὶ
542 726 623 763 τῶν
643 724 816 763 παιδίων
831 754 842 772 ,
876 719 930 771 ὧς
953 718 1116 765 απιτέον
1139 721 1276 775 αὐτοῖς
1297 728 1336 775 ἐς
1354 724 1399 782 ι“)

10 790 267 833 διδασκάλου.
298 791 364 831 καὶ
383 788 482 845 γάρ,
515 788 565 831 ἂν
590 790 753 842 μηδέπω
777 797 922 843 μαθεῖν
944 790 1103 847 ἀγαθόν
1124 810 1160 834 τι
1183 791 1396 844 δύνωνται,

11 853 98 900 αλλ’
122 852 194 900 οὖν
217 863 375 911 φαῦλον
398 853 518 900 οὐδὲν
538 856 820 911 ποιησουσιν’
803 865 886 902 εκεῖ
904 861 1101 913 μένοντες
1136 860 1210 916 ἐγω
1237 863 1306 916 μὲν
1325 859 1400 905 οὖν

10 924 59 969 τὰ
80 924 176 968 ἅλλα
198 925 330 967 πάντα
359 922 592 979 αποπλῆσαί
616 945 685 980 μοι
708 931 836 978 δοκῶ,
869 930 935 970 καὶ
958 927 1096 971 όντινα
1120 926 1170 970 ἂν
1192 930 1334 985 ἐθέλῃς
1353 931 1398 980 ⁵)

11 999 90 1037 τῶν
120 993 286 1037 εἰδότων
307 991 347 1044 t)
377 1012 425 1035 τα
464 991 656 1048 ἡμέτερα,
698 997 771 1049 ἡκέ
808 1014 876 1051 μοι
905 997 945 1045 ἐς
969 992 1109 1051 αὔριον
1138 996 1398 1053 παραλαβων,

13 1061 107 1116 ὄψει
125 1081 167 1105 τε
187 1062 296 1112 ὅπως
316 1064 460 1120 ἐρωτᾷ,
491 1064 559 1105 καὶ
577 1069 664 1113 πῶς
684 1060 964 1119 ἀποκρίνεται,
997 1067 1062 1106 καὶ
1082 1062 1155 1107 ὅσα
1174 1065 1399 1120 μεμάθηκε,

11 1134 78 1174 καὶ
104 1130 177 1174 ὅσα
199 1130 277 1185 ἤδη
308 1129 507 1186 ἀνέγνωκε
531 1134 688 1186 βιβλία,
719 1134 812 1187 περὶ
841 1131 1099 1187 ἀξιωμάτων,
1129 1135 1221 1186 περὶ
1253 1139 1401 1176 συλλο-

9 1205 162 1256 γισμῶν
176 1230 186 1246 ,
218 1201 309 1254 περὶ
328 1199 601 1253 καταλήψεως,
630 1203 722 1255 περὶ
743 1200 1032 1255 καθηκόντων,
1065 1203 1131 1243 καὶ
1151 1200 1247 1242 ἄλλα
1266 1203 1400 1242 ποικί-
1412 1218 1448 1252 p.
1463 1212 1543 1248 828·

11 1275 82 1311 λα·
116 1271 149 1311 εἰ
173 1269 214 1310 δὲ
235 1266 263 1322 ἢ
285 1265 356 1320 τὴν
386 1269 534 1322 μητέρα
556 1269 742 1319 ἔτυπτεν,
774 1266 803 1321 ἢ
825 1271 1062 1325 παρθένους
1083 1268 1333 1325 συνήρπαζε,
1363 1273 1402 1313 τί

61 1418 105 1463 0)
133 1416 213 1451 διὰ
238 1417 414 1456 τουτο]
443 1416 619 1450 διατοῦτο
650 1426 724 1448 uno
736 1415 871 1461 „velbo
893 1418 933 1450 A.
959 1429 988 1455 1
1010 1429 1041 1453 2
1092 1418 1163 1452 Sed
1183 1418 1329 1453 duobus
1354 1420 1399 1453 B·

106 1475 135 1497 1.
162 1475 192 1497 2.
243 1465 285 1505 ρ)
316 1458 398 1505 ὦν]
427 1458 499 1504 ,,ὁ“ν
521 1462 618 1494 male
636 1463 694 1499 W
720 1462 772 1494 ὠν
793 1462 845 1496 Fl.
870 1464 898 1500 J
917 1464 961 1495 H.
980 1464 1095 1497 Par.“
1146 1467 1194 1510 q)
1220 1461 1400 1550 α’πέφη·

102 1513 184 1551 να]
213 1507 281 1543 οἷπε-
275 1508 388 1553 Ῑφῃνα
419 1519 502 1541 cum
531 1509 606 1550 jota
637 1508 777 1540 subscr.
807 1518 935 1541 omnes
961 1510 1116 1552 priores.
1188 1513 1229 1550 r)
1261 1509 1331 1555 ἐς]
1360 1511 1400 1546 ἐκ

98 1557 142 1590 B.
163 1568 195 1599 3.
229 1558 418 1588 mendose.
478 1555 515 1596 s)
547 1552 745 1599 ἐθέλῃς]
773 1555 831 1586 Ita
850 1561 939 1587 v.ett
954 1567 1081 1589 omnes
1105 1568 1191 1589 cum
1211 1558 1289 1598 jota
1313 1560 1400 1591 sub-

102 1614 173 1635 scr.
223 1601 290 1634 Sed
320 1599 385 1635 ἐθιῖ
377 1603 472 1643 λης,
499 1611 540 1632 eo
570 1601 729 1642 omisso⁷
757 1602 877 1634 Reztz.
903 1607 940 1634 et
960 1609 1113 1636 recentt.
1134 1608 1282 1648 praeter
1299 1605 1397 1649 ςεψ,

99 1654 137 1689 t)
163 1646 391 1690 εἰδότων]
415 1644 592 1682 εἰὸόντων
607 1647 739 1679 vitiose
759 1648 801 1679 A.
821 1657 854 1680 2.

11 1796 289 1852 philosophia
341 1796 573 1849 imposuit,
633 1806 674 1837 et

11 1854 211 1894 adversus
236 1869 323 1893 eam
344 1855 596 1903 reverentia,
613 1864 672 1892 at-

13 1925 94 1965 que
115 1911 166 1949 ob
189 1911 230 1949 id
253 1912 389 1963 ipsum
413 1910 674 1950 moderatior

10 1967 132 2006 vobis
158 1978 219 2007 est
243 1979 282 2006 et
301 1967 439 2005 adhuc
470 1968 672 2006 tolerabi-

8 2023 75 2062 lis.
135 2024 286 2062 Adfert
307 2025 418 2061 enim
443 2024 507 2061 illi
530 2023 672 2074 pudo-

8 2094 92 2118 rem
125 2081 356 2131 quendam,
398 2080 433 2117 si
465 2080 670 2133 indignus

9 2136 93 2174 isto
126 2134 277 2173 habitu
309 2147 349 2174 et
381 2137 553 2175 nomine
587 2138 669 2175 isto

10 2191 228 2241 videatur,
263 2205 368 2243 quae
389 2193 587 2230 nimirum
607 2207 670 2230 se-

13 2258 202 2302 quuntur
219 2248 335 2284 illum
354 2277 364 2295 ‚
399 2258 438 2286 et
460 2249 668 2301 paedago-

0 2304 54 2359 gi
75 2304 117 2342 in
141 2318 296 2341 morem
319 2303 556 2343 continent.
585 2305 670 2342 Ita·

14 2374 93 2414 que
118 2359 271 2413 dignus
295 2359 399 2407 sim,
433 2359 466 2396 si
493 2373 578 2397 non
602 2374 669 2398 eo-

11 2431 100 2455 rum
118 2449 128 2465 ‚
171 2418 213 2454 in
259 2414 414 2467 quibus
453 2415 669 2453 meliorem

13 2473 132 2511 illum
153 2471 341 2520 reddidi,
388 2471 615 2509 mercedem
650 2485 670 2508 a

12 2528 138 2567 vobis
168 2543 340 2581 capere;
376 2536 415 2564 at
448 2537 559 2565 certe
592 2542 673 2566 eo—

13 2597 128 2633 rum,
162 2599 267 2638 quae
287 2582 589 2637 philosophiae
613 2597 672 2621 re-

13 2642 201 2680 verentia
248 2643 386 2679 facere
418 2640 671 2678 intermisit:

17 2696 359 2750 quandoquidem
394 2695 580 2736 nutrices
604 2706 674 2735 et-

16 2751 97 2791 iam
127 2767 279 2806 parvos
301 2752 346 2792 in
367 2751 556 2792 scholam
577 2767 673 2792 cen-

733 1805 827 1836 sent
848 1796 1095 1846 mittendos,
1120 1814 1212 1837 cum
1234 1798 1268 1837 si
1288 1813 1396 1838 non-

733 1855 831 1890 dum
854 1853 1011 1891 bonum
1041 1855 1271 1908 quidquam
1298 1870 1396 1909 pos·

731 1911 818 1948 sint
841 1909 1026 1957 discere,
1062 1921 1173 1950 certe
1199 1913 1298 1950 mali
1325 1912 1396 1949 ni-

733 1966 831 2016 hil„
865 1965 961 2003 dum
1001 1967 1061 2004 ibi
1091 1978 1288 2017 manent,
1322 1968 1396 2006 fa·-

731 2024 858 2060 ciant.
905 2022 1114 2076 Equidem
1135 2025 1296 2077 reliqua
1319 2025 1395 2062 mi-

730 2079 775 2116 hi
798 2080 939 2118 omnia
968 2081 1208 2130 implevisse
1229 2079 1395 2131 videor,

731 2145 772 2173 et
803 2150 1063 2188 quocunque
1095 2136 1284 2175 volueris
1312 2150 1396 2175 eo-

728 2207 844 2241 rum,
879 2193 953 2244 qui
980 2202 1122 2230 nostra
1149 2207 1234 2231 non
1258 2193 1395 2245 igno-

728 2258 849 2297 rant,
885 2247 1103 2296 adsumto,
1137 2263 1225 2286 cras
1254 2249 1302 2286 ad
1328 2261 1393 2286 me

727 2305 849 2353 veni,
884 2304 1161 2355 videbisque,
1195 2314 1241 2341 ut
1263 2304 1392 2341 inter-

728 2371 873 2411 roget,
906 2374 950 2397 ut
974 2361 1251 2411 iespondeat‚
1284 2366 1392 2409 quot

729 2430 792 2453 res
827 2415 1048 2464 didicerit,
1101 2426 1141 2453 et
1175 2425 1279 2467 quot
1308 2418 1391 2465 jam

729 2471 879 2523 legerit
898 2472 1042 2519 libros,
1078 2471 1127 2510 de
1149 2470 1391 2519 axiomatis,

733 2526 783 2564 de
805 2528 1062 2580 syllogismis
1079 2558 1088 2572 ,
1122 2526 1171 2567 de
1194 2540 1391 2579 compre-

731 2582 962 2626 hensione,
997 2581 1047 2621 de
1069 2581 1245 2631 officiis,
1281 2592 1321 2621 et
1342 2597 1392 2621 a-

730 2640 788 2677 lia
819 2641 949 2679 varia.
1011 2639 1055 2678 Si
1083 2654 1181 2678 vero
1203 2649 1276 2677 aut
1295 2653 1392 2677 ma-

732 2706 835 2735 trem
878 2697 1086 2747 pulsavit,
1140 2706 1212 2734 aut
1248 2696 1392 2748 rapuit

731 2753 961 2807 virginem,
1009 2751 1113 2805 quid
1143 2766 1188 2791 ea
1216 2750 1268 2790 ad
1292 2749 1390 2789 me?

1017 2809 1117 2851 112
