1834 3188
400 200 570 233 VERAE
608 199 874 231 HJSTORIAE
910 201 1000 231 Ι,ΙΒἦ
1042 202 1090 231 11.

51 299 149 354 τήν,
179 300 246 343 καὶ
274 299 318 343 τὸ
352 297 640 355 κολαστήριον,
683 302 821 354 πρῶτα
855 299 926 351 μὲν
955 297 1026 353 τὴν
1057 296 1182 352 φύσιν
1212 303 1288 342 τοῦ
1315 296 1441 344 τόπου
1454 312 1583 357 p.126‚

1342 191 1442 237 303

52 367 342 423 ἐθαυμάζομεν.
382 366 426 411 τὸ
452 368 523 422 μὲν
554 367 629 424 γὰρ
658 368 810 422 ἔδαφος
837 365 935 411 αὐτὸ
956 370 1166 423 μαχαίραις
1185 369 1252 410 καὶ
1268 366 1443 422 σκόλοψι

50 435 184 494 πάντῃ
208 436 253 492 a)
293 436 538 491 ἐξηνθήκει,
583 434 717 492 κύκλῳ
747 436 789 478 δὲ
817 438 990 491 ποταμοὶ
1031 437 1284 492 περιὲρῤεον,
1317 434 1340 480 ὅ
1369 438 1443 492 μὲν

49 503 278 560 βορβόρου,
310 503 331 548 ὅ
351 506 537 561 δεύτερος
563 506 604 548 δὲ
622 501 672 557 b)
702 507 888 560 αἵματος,
920 501 940 546 ὅ
961 505 1002 547 δὲ
1019 505 1156 557 ἔνδον,
1185 503 1336 560 πυρὸς,
1366 505 1440 548 πά-
1453 527 1489 561 p.
1508 527 1582 561 127,

49 591 103 616 vv
127 574 247 630 μέγας
265 567 385 624 οὗτος
404 576 472 617 καὶ
493 571 689 627 ἀπέρατος
711 572 757 628 c)
774 587 782 596 ·
814 574 882 615 καὶ
903 574 1032 627 ἕῤῥει,
1060 571 1190 628 ὥςπερ
1209 572 1341 630 ὕδωρ,
1372 577 1443 618 καὶ

49 643 298 696 ἐκυματοῦτο
313 677 324 694 ,
368 641 501 699 ὥςπερ
527 641 716 686 θάλασσα
734 638 806 698 d)·
845 642 912 684 καὶ
931 644 1050 695 ἰχθῦς
1078 642 1120 684 δὲ
1139 641 1214 696 εἶχε
1238 641 1439 694 πολλοὺς,

48 709 145 760 τούς
165 711 238 765 μὲν
264 714 401 760 δαλοῖς
428 709 742 766 προςεοικότας,
774 707 871 760 τούς
898 710 940 752 δὲ
969 708 1138 766 μικροὺς
1169 709 1345 767 ἄνθραξι
1373 729 1442 755 πε-

49 781 322 834 πυρωμένοις,
354 778 526 823 ἐκάλουν
551 781 592 822 δὲ
611 776 760 828 αὐτους
782 780 1032 833 λυχνίσκους.

10 862 13 866 ’
51 847 170 902 στενὴ
192 847 259 890 διὰ
278 846 440 890 πάντων
459 849 526 900 e)·
560 849 628 890 καὶ
655 845 845 901 πυλωρὸς
863 844 1087 901 ἐφειστήκει
1114 850 1249 901 Τίμων
1274 845 1295 890 ὅ
1324 845 1443 904 Ἀθη-

51 923 181 965 ναῖος.
220 915 491 970 παρελθόντες
521 917 563 959 δὲ
592 914 723 970 ὅμως,
755 919 831 958 τοῦ
862 919 1080 959 Ναυπλίου
1103 918 1443 971 καθηγουμένου,

49 985 239 1039 ἑωρῶμεν
270 986 579 1038 κολαζομένους,
628 982 806 1034 πολλοὺς
845 983 919 1039 μὲν
951 985 1161 1040 βασιλέας,
1201 984 1375 1035 πολλοὺς
1403 986 1446 1028 δὲ

51 1054 123 1095 καὶ
145 1048 186 1106 1’)
217 1052 405 1103 ἰδιώτας,
439 1049 496 1095 ὧν
531 1055 666 1102 ἐνίους
692 1054 760 1094 καὶ
792 1053 1080 1108 ἐγνωρίζομεν’
1124 1054 1283 1107 εἴδομεν
1308 1054 1351 1096 δὲ
1376 1055 1447 1096 καὶ

48 1119 122 1164 τὸν
144 1123 324 1178 Κίνυρον
344 1122 390 1177 3)
419 1127 564 1179 καπνῷ
586 1119 930 1175 ὑποτυφόμενον,
964 1124 1006 1166 ἐκ
1025 1127 1106 1164 ταῖν
1124 1123 1294 1163 αἰδοίων
1315 1119 1444 1176 ἄπηρ-

50 1190 235 1245 τημένον.
294 1192 588 1246 προςετίθεσαν
617 1190 659 1233 δὲ
694 1192 737 1234 οἵ
766 1191 1003 1247 περιηγηταὶ
1037 1191 1107 1233 καὶ
1134 1187 1231 1240 τούς
1263 1188 1444 1234 ἑκάστων

142 1377 279 1417 quenle
299 1369 483 1413 ἐλθόντες.
531 1372 574 1417 a)
599 1371 776 1418 πάντῃ]
804 1370 942 1415 „nemzi
961 1371 1014 1404 Fl-
1063 1371 1134 1406 Sed
1155 1383 1241 1405 cum
1263 1372 1366 1417 vulg.
1386 1372 1441 1406 fa-

141 1418 196 1451 cit
212 1419 284 1451 P.“
331 1419 380 1460 h)
409 1416 428 1454 ὁ
455 1417 686 1464 δεύτερος
709 1419 783 1463 δὲ]
813 1416 832 1454 ὁ
855 1418 894 1453 δὲ
916 1416 1091 1461 δεύτερος
1110 1429 1215 1462 3011.

1265 1422 1308 1461 c)
1336 1417 1443 1453 α’πέἼ

143 1464 310 1508 ρατος]
341 1466 431 1508 „Sic
451 1468 482 1499 J.
500 1467 554 1499 Iv'l.
577 1473 649 1503 etc.
678 1461 883 1511 α’πέραστος
906 1469 986 1498 Par.
1006 1465 1125 1498 sola-‘⁸‘
1159 1462 1319 1509 ἄμετρος
1341 1474 1442 1509 2954-

140 1521 245 1553 50¹¹·
276 1514 368 1555 Aug.
402 1518 438 1545 et
465 1512 573 1546 Gorl.
604 1524 623 1545 e
650 1513 891 1556 glossemate.
934 1511 1013 1545 Bel.
1038 1511 1186 1544 mavult
1219 1508 1445 1555 ἀπέραντος,

139 1563 274 1589 contra
299 1558 431 1590 Saldae
460 1564 560 1591 certe
586 1565 848 1603 praeceptum,
877 1569 989 1602 quem
1010 1557 1104 1592 vide.

142 1603 465 1637 Commentatores
487 1606 745 1650 Aristophanis
773 1605 820 1637 ad
840 1604 940 1638 Nub.
961 1616 993 1635 v.
1017 1615 1050 1647 ὅ.

139 1645 309 1682 θάλαττα
330 1659 433 1693 2954.
456 1662 560 1694 5011.
581 1651 697 1685 L’elin.
718 1652 834 1683 Schm.

1155 1558 1226 1591 Sed
1255 1558 1303 1590 cf.
1332 1558 1445 1590 simul

1114 1603 1161 1646 d)
1189 1603 1442 1649 θάλασσα]

892 1652 936 1691 e)
964 1649 1046 1684 6ch
1071 1647 1289 1691 πάντων]
1315 1650 1361 1693 ἦν
1380 1650 1445 1682 ad-

142 1694 237 1727 dunt
251 1702 352 1739 2954.
367 1701 403 1727 et
420 1707 485 1738 30¹
496 1709 524 1728 1·
542 1697 727 1740 probante
747 1698 861 1730 Belin.
882 1696 1035 1729 frustra.
1061 1695 1136 1728 Λιοὶ
1157 1694 1297 1734 παντὸς
1317 1696 1446 1728 mallet

140 1740 264 1776 Solon,

141 1796 161 1817 e
183 1795 283 1830 2954.
305 1798 406 1831 50¹1·
441 1789 536 1832 Aug.
557 1793 594 1821 et
616 1787 722 1822 Gorl.

141 1837 180 1865 et
198 1843 302 1877 3011.
330 1839 371 1867 ut
391 1845 516 1879 supra.

53 2007 131 2048 lati
150 2023 197 2048 ac
217 2009 528 2063 suppliciorum
551 2014 717 2060 locum,

54 2065 193 2118 primo
231 2066 486 2106 admiramur
526 2068 719 2120 regionis

55 2122 290 2176 ingenium.
350 2122 498 2163 Solum
521 2125 632 2163 enim
655 2124 719 2176 ip-

54 2192 146 2216 sum
168 2177 323 2231 gladiis
349 2189 390 2218 et
411 2181 568 2219 aculeis
593 2180 720 2218 undi-

55 2247 138 2288 que
179 2233 391 2275 effloruit:
446 2236 491 2274 in
533 2237 719 2275 circuitu

57 2305 199 2331 amnes
222 2303 297 2331 tres
320 2291 483 2341 fluunt,
518 2292 641 2331 coeni
662 2293 721 2329 u·-

54 2361 160 2396 nus,
191 2351 295 2388 alter
325 2349 572 2403 sanguinis,
606 2348 721 2387 inti-

55 2417 149 2442 mus
191 2414 331 2444 autem
372 2406 512 2459 ignis:
570 2406 720 2458 ingens

56 2458 129 2497 hic
166 2470 208 2500 et
248 2462 571 2516 insuperabilis:
624 2459 722 2498 ssuit

59 2514 173 2554 enim
202 2517 334 2557 instar
364 2533 524 2572 aquae,
567 2516 722 2555 ssuctus

60 2580 110 2608 ut
127 2585 238 2611 mare
260 2576 371 2630 agit;
405 2577 632 2628 piscesque
649 2573 723 2611 ha·

59 2625 130 2665 bet
153 2631 334 2680 multos,
374 2632 560 2670 torribus
587 2643 723 2685 quos-

60 2681 154 2721 dam
178 2684 361 2734 similes,
405 2688 590 2728 minores
619 2700 721 2726 vero

58 2740 232 2791 prunis,
264 2741 511 2794 lychniscos
532 2745 724 2798 appella-

313 1741 352 1783 f)
376 1754 398 1775 κ
410 1741 479 1785 αὶ]
509 1741 613 1786 quod
633 1741 725 1775 olim
746 1741 887 1783 deerat,
908 1740 1156 1774 restituerunt
1173 1743 1258 1784 Bip.
1276 1746 1313 1773 et
1329 1742 1444 1774 Scina,

795 1788 845 1832 g)
872 1787 1117 1833 Κίνυρον]
1142 1788 1314 1832 Κίνυραν
1343 1796 1448 1833 2954.

777 2010 897 2055 bant.
954 2009 1177 2064 Ingressus
1214 2023 1327 2048 unus
1372 2023 1446 2063 per

779 2068 1005 2107 universos
1042 2078 1116 2105 ires
1140 2083 1292 2115 amnes,
1324 2066 1446 2120 isque

779 2132 1000 2178 angustus,
1036 2124 1106 2162 cui
1124 2123 1286 2176 janitor
1308 2122 1448 2161 adstat

778 2182 934 2219 Timon
966 2179 1260 2219 Atheniensis,
1323 2180 1447 2217 Ultra

778 2237 993 2290 progressi
1021 2246 1162 2275 tamen
1194 2235 1300 2274 duce
1319 2235 1447 2273 Nau-

779 2294 895 2346 plio,
929 2292 1115 2332 vidimus
1147 2292 1295 2344 puniri
1327 2305 1446 2345 reges

781 2349 952 2402 quidem
974 2352 1154 2397 multos,
1188 2351 1345 2386 multos
1367 2362 1448 2386 ve-

780 2419 827 2444 ro
848 2405 976 2444 etiam
1010 2405 1231 2457 privatos:
1265 2418 1446 2456 quorum

782 2460 989 2513 quosdam
1020 2461 1146 2499 etiam
1177 2460 1447 2513 agnovimus,

780 2516 977 2555 Vidimus
993 2517 1120 2556 etiam
1142 2516 1349 2567 Cinyrum
1367 2531 1445 2568 pu·

783 2571 933 2613 (lendis
968 2586 1214 2625 suspensum
1251 2573 1446 2625 fumiga-

781 2629 831 2669 τί.
894 2628 1445 2681 Adjiciebantmonstrato·

780 2699 845 2725 res
868 2686 1005 2724 nostri
1030 2685 1140 2724 vitas
1161 2683 1442 2738 singulorum,

783 2751 824 2781 et
843 2755 1022 2792 caussas,
1050 2749 1224 2795 propter
1244 2755 1346 2795 quas
1366 2755 1446 2795 pu-

1092 780 1269 830 Εἴςοδος
1290 780 1333 823 δὲ
1355 782 1438 835 μία,
1466 795 1521 837 31
