1834 3188
371 225 431 255 JN
470 223 841 254 HEnono'rUM
878 223 1011 253 sive
1049 223 1282 254 ΑΕΤιοΝ.
1455 214 1554 260 483

100 326 167 364 sin
186 321 468 365 πυνθάνεσθαί
484 338 614 371 τινος,
645 323 839 360 sciscitari
856 320 905 359 ab
927 319 1083 374 aliquo,
1117 323 1185 360 vel
1206 321 1399 376 analogia
1420 322 1551 376 illius,

98 378 261 423 ἆκουειν
282 377 415 428 τινὸς,
449 376 725 417 commendet.
784 376 865 417 Sed
888 337 1008 415 videq
1011 377 1176 416 Dorvill.
1200 376 1253 415 ad
1284 377 1426 418 ΟΙιανίτ
1456 394 1550 435 pag

98 443 192 482 578
212 437 334 500 Lips
359 436 414 474 cf.
440 449 479 487 p.
500 440 595 478 331.
621 436 672 484 ej
689 432 805 471 libri.
868 432 994 486 Quod
1028 447 1144 472 nunc
1165 432 1217 472 ad
1240 434 1466 475 lectionem
1490 440 1551 476 lo-

100 495 140 533 ci
159 493 294 532 nostri
316 491 492 535 attinet,
526 490 707 544 primum
729 488 893 527 fallitur
913 489 1096 554 Belifzus,
1129 505 1256 544 quum
1276 487 1355 533 οἷπὸ
1387 493 1431 530 in
1461 493 1556 532 Co-

99 550 218 597 dice,
250 547 392 587 nescio
420 561 530 599 quo,
560 545 847 597 manuscripto
876 546 1052 598 repetiti
1082 556 1226 598 putat,
1267 558 1308 587 et
1339 547 1442 586 hinc
1470 550 1552 602 jam

97 580 321 659 legeridum
345 603 591 641 arbitratur:
624 604 666 643 οἰ
680 602 754 642 δὲ’
738 618 780 642 εκ
794 606 872 642 τῶν
891 599 971 644 οἷπό
988 607 1058 655 τῆς
1074 619 1116 643 π.
1176 603 1285 642 Nam
1305 615 1405 644 nota
1427 605 1550 646 haec:

103 662 170 703 Gr.
196 662 238 699 in
259 661 405 699 Reitzii
422 660 561 697 Lectt.
589 657 707 697 Varr.
730 671 816 696 non
850 657 1049 697 Codicem
1074 659 1311 713 significat,
1349 661 1421 700 sed
1443 677 1553 700 con-

96 721 299 771 jecturam
322 725 484 755 tantum
515 714 692 762 Graevii,
726 727 849 766 quam
884 714 929 752 in
959 728 1043 753 una
1072 716 1337 768 superiorum
1370 717 1552 757 adnota-

98 774 264 813 tionum
298 774 504 825 prolatam
532 771 727 825 legimus.
794 769 968 810 Deinde
993 771 1086 819 καὶ,
1141 771 1256 824 quod
1286 772 1393 813 Cod.
1427 778 1550 818 2954

97 829 363 883 suppeditat,
393 826 544 866 merito
575 841 596 865 a
618 825 758 864 Belino
788 824 1046 879 despicitur,
1081 828 1179 878 quia
1200 842 1364 867 sensum
1397 831 1549 873 turbat.

97 887 213 939 Ergo
238 898 346 951 quae
366 896 481 920 nunc
506 891 658 934 restat,
690 891 812 920 vetus
832 882 985 923 lectio.
1019 886 1061 924 οἵ
1079 882 1120 923 δὲ
1149 884 1190 924 ἐκ
1210 901 1289 925 των
1314 889 1385 938 τῆς
1415 903 1553 939 πανη-

94 942 246 997 γύρεως
263 936 470 992 ἡκόντων,
503 913 658 991 utpote
680 937 909 977 manifesto
931 938 1084 977 mendo
1101 938 1321 990 laborans,
1356 942 1468 994 quod
1489 953 1552 982 <st

95 1000 140 1036 in
164 996 386 1036 locutione
408 993 524 1047 ’ήκειν
557 992 666 1042 τινὸς
697 990 847 1043 τόπου,
890 994 1075 1033 feliciter
1108 996 1326 1034 emendata
1357 997 1551 1038 videatur

95 1067 266 1093 necesse
286 1061 369 1102 est,
402 1051 672 1103 transpositis
703 1065 724 1088 a
747 1049 897 1090 Solam>
925 1049 1138 1089 vocibus'
1120 1068 1162 1097 εκ
1188 1062 1229 1089 et
1246 1070 1338 1093 των.
1398 1054 1551 1108 Neque

96 1109 253 1164 injuria
272 1108 449 1147 Reitzius
465 1116 507 1146 et
521 1115 704 1152 ‘recentn
725 1105 859 1147 Editt.
884 1107 1021 1145 secuti
1039 1116 1151 1146 sunt.
1183 1108 1340 1150 LEuM,

202 1164 302 1206 Ead.
326 1167 355 1203 l.
380 1169 444 1207 12.
483 1166 717 1205 ΟΥΤΟΣ
744 1163 1103 1214 ΕΚΕΙΝΟΣ]
1137 1164 1206 1202 De
1230 1163 1312 1203 hoc
1336 1180 1450 1206 more
1473 1182 1551 1207 ve-

92 1232 228 1261 terum
262 1221 399 1274 digito
424 1218 689 1259 monstrandi
717 1221 926 1258 nonnulla
953 1219 1114 1257 monita
1147 1229 1247 1258 sunt
1271 1235 1292 1259 a
1318 1220 1551 1263 Commem-

94 1287 188 1317 tatt.
224 1277 274 1316 ad
307 1277 449 1315 Somn.
475 1290 508 1314 c.
534 1281 599 1318 11.
623 1277 726 1314 Tom
750 1275 784 1314 I.
809 1290 848 1327 p.
871 1279 963 1318 197.
990 1289 1052 1328 sq.
1075 1274 1148 1312 ubi
1172 1285 1308 1315 tamen
1336 1277 1450 1316 hunc
1479 1283 1549 1319 10-

91 1348 182 1374 cum
207 1343 398 1372 nostrum
421 1346 506 1370 non
530 1331 680 1380 video,
714 1341 762 1369 ut
783 1345 856 1384 par
879 1341 989 1380 erat,
1022 1341 1273 1383 respectum.
1306 1334 1463 1374 me.

203 1389 301 1442 Pag.
326 1393 420 1432 123.
441 1391 469 1428 l.
494 1394 531 1431 1.
571 1392 656 1429 Τών
679 1386 891 1442 ἱστοριῶν)
922 1387 1158 1441 Intellige‘
1145 1389 1260 1430 ἕνεκα
1279 1395 1358 1431 τῶν
1386 1393 1454 1432 ἷστ,
1483 1394 1550 1430 el-

87 1446 188 1499 lipsi
207 1445 332 1483 nimis
352 1444 596 1515 frequenti,
632 1458 756 1496 quam
778 1453 827 1482 ut
843 1443 1048 1516 exemplis
1079 1443 1275 1514 firmetur'.
1335 1446 1394 1484 Ut
1422 1447 1543 1488 Hom

90 1504 142 1543 11.
165 1507 222 1552 A,
246 1504 312 1546 65
347 1496 457 1542 Εἶτ’
484 1498 552 1554 ἄρ’
576 1499 641 1555 ὅγ’
666 1497 840 1553 εὐχωλῆς
868 1501 1148 1552 ἐπιμέμφεται,
1183 1498 1267 1542 εἶθ’
1300 1502 1545 1556 ἕκατόμβης’

92 1560 182 1598 Sive
212 1561 247 1598 is
273 1573 344 1597 nos
374 1557 426 1596 ob
457 1569 550 1596 vota
584 1574 662 1597 non
698 1556 852 1595 reddita
880 1558 1055 1600 incusat.
1098 1558 1175 1595 siz-e
1204 1558 1252 1596 ob
1284 1558 1544 1599 hecatomben.

89 1616 251 1655 errrz.
313 1614 465 1653 Aliena
506 1613 706 1652 confudit
741 1612 929 1652 Reitzz'us.
993 1611 1160 1665 Quodsi
1193 1628 1272 1667 qua
1305 1629 1409 1654 xoce
1438 1631 1545 1668 opus

89 1672 147 1710 sit
173 1671 223 1709 ad
249 1669 500 1722 explendam
529 1669 703 1722 phrasin
737 1665 956 1710 α’πολαύειν
982 1666 1113 1716 τινὸς,
1154 1671 1282 1723 longe
1316 1672 1546 1722 piaestabit

89 1723 196 1777 ἀπό,
231 1740 354 1781 quam
379 1727 518 1773 ἕνεκα,
552 1725 668 1778 quod
689 1725 1021 1778 ineptissimum,
1055 1723 1187 1763 efficit
1217 1740 1406 1776 sensum,
1439 1743 1548 1779 sup—

91 1786 222 1837 plere.
282 1782 427 1821 Sancit
451 1780 762 1834 quodammodo
786 1781 894 1818 hanc
919 1784 1052 1832 legem
1084 1783 1202 1819 locus
1226 1783 1355 1822 Diall
1390 1785 1546 1823 M‹)1·.tt

90 1840 174 1890 IV,
194 1845 231 1882 2,
254 1838 329 1876 ubi
355 1836 433 1880 ἀπὸ
454 1839 498 1875 in
520 1837 598 1875 hac
618 1837 759 1889 phrasi
780 1850 876 1875 vere
898 1836 1086 1874 additum
1109 1838 1278 1890 legitur.
1338 1838 1436 1879 Vid.
1457 1840 1547 1878 Jen

89 1898 168 1935 sius
188 1895 239 1934 ad
261 1895 432 1933 Timon.
454 1909 485 1935 c.
506 1900 544 1937 2.
567 1896 688 1931 Tom.
714 1895 745 1931 I
767 1894 1103 1945 P·360.LE1{M

203 1950 319 1992 Ead.·
333 1954 360 1990 l.
382 1955 421 1995 5.
457 1947 649 2002 Ιππίτς)
689 1950 862 2003 PIippias
892 1949 1026 1998 Eleus,
1070 1959 1117 1986 nt
1149 1962 1199 1986 ex
1224 1947 1388 1988 Platone
1418 1962 1453 1990 e:
1463 1953 1544 1990 iam

90 2007 281 2057 Constat,
315 2021 438 2061 quern
463 2006 595 2045 vide*
585 2021 627 2044 1n
652 2020 701 2045 eo
724 2007 934 2060 Dialogo‚
967 2005 1037 2043 cui
1056 2005 1228 2057 Ηὶρρὶας
1249 2008 1374 2058 major
1393 2009 1543 2045 titulus

92 2073 182 2113 est,
215 2064 356 2102 statim
381 2062 430 2101 ab
457 2063 644 2114 initiop.
667 2065 736 2107 95
765 2062 1010 2115 Olympiam
1041 2060 1102 2098 ibi
1136 2061 1293 2098 dicitur
1319 2065 1543 2102 accessisse

91 2120 324 2158 instructus
345 2133 438 2158 cum
461 2119 554 2157 aliis
577 2119 742 2168 multis,
775 2127 863 2156 tum
894 2116 1030 2172 λόγοις
1059 2121 1220 2164 πολλοῖς
1248 2118 1313 2156 καὶ
1341 2136 1442 2160 πανπ
1447 2124 1542 2161 orla-

87 2181 193 2225 ποῖς.
254 2175 375 2214 Adde
405 2183 448 2214 et
479 2174 558 2214 Cic.
592 2173 642 2213 de
672 2175 788 2242 Orat.
821 2172 1075 2243 111‚(1V.)
1108 2178 1174 2217 32.
1206 2173 1466 2213 Philostratus
1497 2177 1540 2214 in

91 2235 181 2285 ejus
202 2231 289 2271 vita
308 2246 352 2285 p.
377 2234 472 2273 496.
504 2233 636 2298 &ffel-ys
649 2229 722 2282 τὴν
736 2206 934 2272 ‘’Eiadda’
917 2248 958 2273 εν
973 2228 1172 2284 ἫΟλῑμπίςε
1197 2228 1330 2284 ldyvzc
1347 2235 1542 2280 ποικίλοις

87 2289 156 2331 καὶ
177 2288 531 2354 πεφροντισμένως
553 2287 609 2328 εὐ
643 2288 732 2326 Sor
738 2301 810 2326 AN.

201 2345 301 2383 Ead.
332 2347 359 2382 1.
392 2348 431 2386 6.
460 2339 631 2395 Ἀναξιμ.
649 2341 663 2392 )
696 2343 978 2384 Anaximenes
1011 2343 1080 2382 hic
1111 2344 1236 2382 etiam
1259 2352 1418 2381 statuae
1453 2342 1538 2379 lm—

87 2415 230 2440 norem
257 2409 508 2439 consecutus
534 2410 592 2438 est
620 2398 869 2451 Olympiae,
903 2414 988 2438 non
1020 2401 1156 2438 minus
1187 2414 1306 2454 quam
1344 2398 1535 2448 Gorgias

88 2458 158 2496 De
192 2466 373 2510 utroque
405 2455 570 2494 Pansam.
601 2455 733 2493 Eliac.
766 2461 803 2497 2.
829 2471 867 2508 p,
897 2462 990 2500 376.
1038 2456 1172 2495 GESN.
1234 2455 1535 2493 Anaximene—m

89 2512 226 2552 Chium
257 2511 451 2566 equidem
485 2513 649 2565 ignoro.
712 2510 845 2564 Quem
882 2512 1066 2551 Gesner-us
1098 2527 1118 2551 e
1142 2513 1344 2551 Pausania
1365 2511 1446 2560 VI,
1474 2517 1536 2554 13.

88 2568 220 2616 εἰῐᾶῑ,’
245 2569 536 2622 Lampsacenus
563 2567 631 2606 ille
652 2577 737 2614 est,
774 2582 892 2620 quem
916 2568 1111 2606 callidum
1135 2569 1265 2605 fuisse
1288 2568 1535 2605 historicum

89 2633 131 2662 et
150 2624 354 2664 rhetorem
387 2639 407 2663 e
433 2624 559 2663 suida
580 2624 801 2673 novimus,
848 2624 1108 2676 eundemque
1137 2623 1364 2662 Alexandri
1384 2624 1535 2674 Nlagni

89 2678 302 2719 doctorem
323 2691 364 2720 et
384 2682 575 2720 comitem
598 2680 640 2717 in
665 2679 1012 2731 expeditionibus
1034 2679 1207 2721 bellicis,
1243 2681 1369 2718 Hunc
1391 2692 1429 2717 ot
1457 2695 1535 2730 ego

89 2736 282 2789 suspicor
306 2751 326 2776 a
353 2738 536 2777 Luciano
567 2736 608 2774 h.
642 2738 669 2775 1.
702 2734 960 2790 significari;
1001 2752 1082 2791 quo
1113 2740 1204 2789 jure
1229 2746 1364 2775 autem
1401 2736 1533 2775 Chium

1120 2794 1155 2829 ll
1180 2793 1202 2829 l}
1236 2798 1261 2835 2
