1834 3188
343 229 397 260 ῙΝ
433 227 673 267 Quomono
713 225 952 258 ms'roRm
990 226 1065 256 ενι·
1102 226 1300 259 consen.
1459 221 1560 268 627

85 326 272 381 ἐλέφαντι
290 325 456 380 ἐποίησε
483 325 808 379 κεκοσμημένας,
836 326 991 380 θηρίου
1013 324 1055 368 δὲ
1071 325 1291 379 ἐλέφαντος
1307 325 1472 384 μνήμην
1491 327 1559 375 οὗ-

88 387 229 438 δεμίαν
251 381 481 454 ἐποιήσατο.
512 385 675 425 Rmrz

198 440 302 480 Ead.
322 443 348 480 1.
371 445 410 484 6.
439 435 639 490 Ἠλείων)
682 439 733 481 V.
758 439 904 479 Somn.
927 451 961 477 c.
983 442 1024 483 6.
1070 438 1238 479 SOLAN.
1301 438 1557 496 significare

86 496 259 537 videtur
288 497 462 536 Solanus
497 498 641 537 Somn.
664 510 698 538 s.
723 495 834 536 Gall.
867 509 902 536 c.
928 500 969 540 6.
993 494 1069 535 ubi
1099 497 1261 537 mentio
1273 496 1559 552 ’ἐλεφαντινῶν

87 558 242 596 πυλων.
281 554 439 596 Lmrm.

197 603 736 662 Εαιῖ.1.8.Ἐκολλων]
776 609 849 648 De
877 608 1029 648 statuis
1065 608 1288 661 eburneis,
1326 625 1555 667 earumque

85 665 381 721 fingendarum
401 665 528 705 modo
553 666 608 706 cf.
630 665 863 721 Heym'um
850 680 896 704 ιιι
920 666 1269 719 antiquarischen
1293 667 1555 711 Aufsaetzen

83 723 197 766 Part
219 723 280 763 Π.
303 738 344 762 n.
369 723 420 762 V.
442 732 483 762 et
508 721 827 762 dissertationes
849 721 910 760 ibi
930 722 1136 761 laudatas.
1165 723 1286 766 Run

198 789 305 831 Ibid.
333 785 610 842 Ἐπήνθιζον)
642 788 825 828 Fallitur
845 804 946 844 ergo
966 789 1153 829 Budaeus
1172 789 1216 828 in
1230 791 1338 831 Lex.
1360 791 1445 832 hoc
1463 808 1558 834 ver·

83 847 184 887 ‘hum
207 861 295 886 esse
315 855 512 886 neutrum
541 846 804 897 absolutum,
834 845 950 901 quod
968 848 1163 900 pluribus
1179 847 1362 901 probare
1380 864 1469 889 non
1491 860 1558 891 est

89 917 209 958 opus.
239 904 405 943 Rm-rz.

194 959 297 999 Ead.
316 962 345 1000 1.
356 962 396 1001 9.
433 954 815 1011 Οἶκοδομῆσασθαι)
849 960 961 1002 Flor.
978 957 1342 1014 οἰκονομήσασθαι.
1374 962 1554 1002 Bonan.

88 1019 278 1068 Οἰκονομ.
300 1016 374 1054 W.
395 1025 438 1055 et
461 1013 539 1057 Ed.
559 1014 623 1053 Fl.
654 1016 829 1067 melius,
861 1030 984 1072 quam
1021 1026 1068 1055 ut
1091 1017 1137 1055 in
1171 1018 1352 1072 reliquis
1373 1029 1458 1071 est,
1491 1022 1558 1063 οἶ-

82 1071 402 1126 κοδομήσασθαι.
442 1072 613 1110 SOLAN.

195 1128 344 1168 Eacm.
372 1133 437 1172 12.
471 1125 586 1169 Καὶ
575 1125 669 1168 όταν
687 1144 747 1177 τις
769 1124 1023 1183 ἅκροωμενος
1043 1130 1174 1193 οἴηται
1195 1128 1291 1182 μετὰ
1309 1136 1433 1173 ταῦτα
1453 1130 1558 1189 ορᾷν

79 1184 130 1229 τὰ
154 1183 370 1241 λεγόμενα)
406 1185 643 1250 Interpres,
675 1194 718 1222 at
741 1184 901 1239 quando
930 1186 1089 1224 auditor
1107 1203 1146 1224 se
1167 1202 1232 1235 ea,
1262 1204 1361 1241 quae
1378 1204 1557 1229 narran-

82 1255 166 1293 tur,
200 1241 337 1280 audire
361 1243 569 1295 putaven't.
620 1241 785 1294 Inepte.
837 1241 1072 1281 Reddenda
1095 1242 1154 1281 ita
1180 1252 1283 1281 sunt
1314 1244 1462 1284 verba:
1503 1245 1556 1285 Et

83 1316 172 1340 cum
205 1298 365 1337 auditor
386 1297 532 1351 aliquis
548 1308 685 1350 postea
714 1296 845 1337 videre
875 1297 952 1338 sibi
970 1299 1149 1338 videatur
1178 1314 1247 1350 ea,
1280 1315 1381 1355 quae
1406 1316 1557 1341 narra-

85 1357 241 1395 bantur.
284 1355 504 1395 Vr‘rmNG.

198 1411 297 1465 Pag
316 1415 414 1455 221
437 1413 464 1448 l
485 1416 525 1454 3.
562 1408 1096 1464 Προδιοικήσασθαι]
1128 1416 1310 1454 Διοικεῖν
1335 1422 1400 1453 est
1423 1413 1558 1453 ador-

84 1483 206 1518 nare,
242 1468 287 1505 in
312 1467 507 1506 ordinem
528 1465 745 1520 redigere,
778 1482 1046 1521 componere.
1087 1471 1253 1511 διοικεῖν
1265 1467 1310 1511 τὸ
1332 1474 1446 1522 σῶμα
1463 1472 1555 1510 Xe—

82 1525 202 1578 noph.
229 1524 363 1563 Mem·
391 1524 509 1563 Socr·
535 1523 613 1572 IV,
636 1525 677 1574 5,
701 1529 764 1567 10.
788 1522 1054 1576 πρυτανεύειν
1077 1543 1143 1567 και
1162 1529 1331 1568 διοικειν
1351 1526 1399 1567 τὰ
1420 1544 1558 1569 παντοι

84 1581 246 1620 dicitur
269 1581 394 1619 Deus
426 1593 447 1617 a
470 1578 652 1628 Philone,
686 1580 783 1620 libr.
815 1580 867 1619 de
890 1582 1062 1621 Mundo
1092 1582 1188 1620 init.
1217 1586 1383 1624 διοικεῖν
1411 1582 1556 1633 πόλιν,

85 1638 292 1693 βασιλείαν
323 1635 491 1676 Isocrat.
517 1634 569 1673 ad
591 1636 757 1678 Nicocl.
780 1650 821 1689 p-
844 1642 912 1680 20.
935 1641 965 1680 l.
990 1643 1028 1681 4.
1067 1637 1194 1693 Wolf.
1227 1642 1558 1692 προδιοικεῖσθαι

87 1704 227 1733 autem
251 1692 293 1732 h.
317 1695 344 1734 l.
367 1701 430 1732 est
453 1705 750 1745 praemonere,
778 1693 895 1746 quod
914 1693 966 1733 ad
987 1694 1307 1748 intelligendam
1332 1695 1558 1736 historiam

84 1760 128 1790 et
150 1750 230 1788 rite
259 1747 585 1811 percipiendam
605 1749 814 1800 pertinet3
855 1753 976 1789 velut
1006 1750 1041 1789 si
1073 1761 1223 1789 auctor
1242 1752 1410 1801 fontes,
1444 1752 1560 1793 unde

87 1805 292 1856 hauserit,
325 1804 529 1855 indicare,
551 1804 588 1841 si
609 1804 839 1844 consilium
858 1805 1073 1846 scribendi
1095 1807 1260 1860 aperire
1283 1808 1401 1846 velit.
1433 1809 1557 1848 Run.

197 1883 300 1926 Ead.
323 1885 350 1924 l.
370 1887 410 1928 4.
442 1879 651 1936 Δυναμει)
684 1881 868 1936 Δυναμει
896 1885 939 1926 δὲ
959 1901 1025 1925 και
1049 1882 1137 1926 τότε
1159 1887 1337 1940 φροιμίῳ
1357 1900 1559 1939 χρησεται,

90 1946 149 1999 τῷ
165 1936 450 1992 ἆποσαφοῦντι
476 1941 566 1991 περὶ
586 1957 667 1980 των
688 1942 878 1990 λεκτέων,
907 1943 1083 1993 potentia
1102 1957 1190 1981 vero
1216 1947 1333 1982 etiam
1356 1953 1437 1981 ium
1456 1960 1563 1997 pro-

90 2001 215 2039 oemio
236 2009 375 2046 utetur,
408 2013 485 2052 quo
508 1995 677 2035 dicenda
696 1996 878 2039 declaret.
909 1998 979 2036 Ex
997 1997 1077 2035 hac
1099 1998 1296 2038 versione
1317 2012 1441 2038 nemo
1464 2000 1564 2039 Lu—

88 2057 199 2096 ciani
225 2064 408 2094 mentem
441 2053 729 2104 intellexerit,
770 2069 893 2109 quam
925 2063 974 2092 ut
1006 2054 1313 2107 percipiamus,
1347 2055 1409 2093 sic
1436 2064 1563 2095 erunt

89 2109 433 2164 interpretanda·
468 2109 518 2148 Et
539 2120 631 2148 tunc
649 2126 801 2165 quoque
817 2113 1018 2164 prooemio
1035 2120 1161 2150 uietur
1179 2110 1388 2165 ἰηιρῖιοίτε,
1421 2114 1456 2151 si
1474 2111 1563 2152 cla-

91 2185 132 2208 re
151 2164 343 2222 explicet,
377 2182 572 2221 quaenam
589 2167 666 2205 sint
687 2167 867 2207 dicenda.
900 2168 1078 2207 GnAnv.

205 2245 309 2286 Ead.
334 2248 360 2288 1.
382 2250 420 2290 8.
466 2242 537 2285 Εὖ
550 2243 805 2299 μ-οἳθὴειαν]
847 2246 1085 2298 Interpres:
1128 2244 1382 2285 docilitatem.
1432 2246 1564 2286 Mas-

93 2306 173 2345 sicu
187 2319 200 2341 .·
229 2302 377 2341 inferet.
418 2330 421 2332 v
443 2300 638 2341 Wiclancl.
661 2301 776 2352 „und
803 2303 924 2342 ihr-em
945 2301 1203 2342 Geclc‘iclzmiss
1226 2301 1300 2341 das
1319 2302 1464 2341 Fas-sen
1482 2302 1565 2343 und

92 2359 285 2402 Belzalten
307 2358 459 2407 dessen,
491 2374 571 2396 was
595 2373 635 2396 er
653 2370 859 2412 vor-tragen
889 2359 993 2410 will,
1023 2373 1073 2397 zu
1093 2357 1363 2398 erleichtern.“
1419 2359 1477 2397 Et
1502 2359 1565 2399 ita

96 2430 196 2456 sane
220 2428 398 2468 sequens
419 2413 580 2466 εὐμαθῆ
595 2415 660 2455 καὶ
681 2420 792 2468 σαφῆ
814 2419 1032 2468 postulare
1053 2413 1238 2454 videtur.
1287 2414 1476 2468 Rapitur
1501 2424 1565 2454 ta·

95 2487 192 2513 meu
216 2472 260 2510 in
289 2471 522 2510 contrarias
552 2479 690 2522 partes
717 2473 906 2521 animus,
941 2485 1070 2525 quum
1093 2468 1207 2524 apud
1229 2468 1421 2511 rhetores
1442 2468 1566 2523 εὐμά-

95 2536 190 2571 θεια
210 2529 269 2567 ita
294 2541 381 2565 non
405 2535 608 2566 sumatur.
667 2527 785 2566 Mihi
810 2527 982 2581 quidem
1007 2541 1156 2579 parum
1177 2525 1318 2576 abest,
1353 2527 1458 2580 quin
1478 2528 1567 2568 Lu-

98 2588 236 2626 cianus
258 2584 361 2623 haec
393 2597 481 2622 non
501 2582 604 2621 satis
635 2582 837 2623 distincte
858 2584 1094 2638 cogitasse,
1125 2592 1167 2621 et
1185 2583 1305 2622 vocis
1336 2583 1565 2638 significa-

97 2641 260 2681 tionem
293 2639 506 2693 duplicem
538 2639 787 2679 confudisse
817 2638 1038 2688 videatur,
1072 2638 1189 2693 quod
1217 2638 1391 2678 facilius
1423 2642 1565 2679 senti—

99 2710 215 2748 mus,
239 2697 314 2736 ubi
339 2694 534 2736 vertendi
555 2695 790 2749 periculum
814 2696 1014 2741 facimus,
1048 2709 1171 2750 quam
1191 2694 1252 2745 ia,
1287 2709 1382 2736 cum
1407 2695 1564 2738 scribe·

98 2762 187 2804 ret,
219 2753 396 2796 invenit,
427 2753 547 2792 Run.
606 2750 717 2792 Vide
736 2761 882 2793 notam
900 2761 1160 2807 sequentem.
1191 2752 1348 2793 Lmrm.

1148 2808 1286 2853 Rr2
