1834 3188
279 187 382 236 576
640 197 1394 232 ADNOTATIONES

277 314 359 340 nus
381 298 524 340 versio
550 297 732 351 pristina
753 307 842 338 erat
863 295 1065 346 absurda3
1100 310 1227 351 quare
1254 311 1345 337 eam
1367 298 1539 342 mutavi.
1576 300 1742 341 Rm’rz.

277 357 377 396 Etsi
401 354 721 395 concedendum
748 369 836 393 esse
861 353 1066 404 arbitror,
1099 355 1352 393 sententiam
1381 355 1578 408 inprimis
1601 372 1744 396 venu-

279 424 385 452 stam
409 423 450 451 et
468 412 667 450 Luciano
689 410 858 477 dignam
879 409 1112 449 habendam
1134 424 1249 458 esse,
1281 412 1316 450 si
1336 411 1431 465 quis
1452 426 1543 450 cum
1570 412 1744 453 lVielan·

279 469 331 509 do
353 469 393 507 h.
414 472 443 509 l.
465 478 625 508 vertat:
656 468 763 507 ZVIan
779 471 920 507 mu'sste
940 466 1040 505 clenn
1058 484 1132 506 nur
1151 483 1268 519 suffen
1290 467 1629 508 wollen5051ch
1647 470 1745 508 Ῐιαόε

276 542 348 565 υοι
366 526 446 564 ihm
461 523 695 578 ges-landen,
727 523 817 563 und
833 539 963 576 ‹rewav
967 534 1035 569 tet
1069 523 1128 563 bis
1147 523 1378 563 Severianus
1399 525 1624 579 ver-hungeri
1655 541 1744 580 seyn

276 582 430 632 wiirgde
461 581 542 620 und
565 580 705 630 dieser,
737 597 802 619 um
829 581 897 618 istm
917 580 1023 619 nicht
1045 596 1086 619 so
1111 579 1226 633 lange
1250 592 1396 619 warten
1415 597 1465 620 ,zu
1493 580 1642 632 lemen,
1683 597 1745 632 sey

277 655 349 678 aus
367 636 611 692 Hofliclzkeit
631 653 696 675 um
716 639 795 676 vier
818 636 984 692 Tagefr
975 637 1076 676 u'her
1106 637 1232 690 ,Hung
1212 653 1292 677 “ers
1317 637 1522 690 gestorben
1551 638 1613 677 als
1636 648 1745 677 sonst

275 694 519 748 gewolznlich
538 696 610 734 ist.-
642 703 780 733 tamen
802 707 973 743 vereor,
1006 708 1061 733 ne
1087 693 1170 733 hoc
1195 708 1281 732 non
1304 695 1361 733 sit
1383 694 1428 732 in
1450 694 1602 753 verbis.
1645 694 1747 733 Os-

277 756 371 789 roe's
391 752 504 790 enim
529 759 592 788 est
617 752 878 803 subjectum,
920 759 970 788 ut
999 749 1171 802 dicunt,
1221 750 1496 815 primarium,
1539 750 1592 790 ad
1628 748 1745 804 quod

276 807 402 846 etiam
435 806 544 845 illud
580 804 755 862 ἐπήγαγε
794 815 856 845 est
887 805 1168 847 referendum.
1231 807 1275 845 Si
1303 806 1544 860 scripsisset
1574 817 1742 846 auctor:

274 865 343 906 καὶ
363 861 417 912 ὥς
434 862 499 905 διὰ
521 880 638 904 τουτο
659 864 777 912 οὗτος
802 860 874 905 οὐκ
896 860 1092 917 ἐπήγαγε,
1131 862 1317 902 libenter
1340 863 1451 902 hanc
1484 862 1745 917 explicatio-

274 934 370 959 nem
393 919 671 961 admitterem.
717 919 836 960 86ᾶ’
819 918 936 971 επάγε
922 937 978 960 ιν
993 919 1101 958 mihi
1124 929 1208 959 est:
1241 923 1423 973 impetum
1434 919 1590 976 facere
1623 920 1744 958 Run.

274 975 514 1015 Adsentior
532 975 697 1030 Rudolp
700 976 749 1016 ko
771 986 812 1015 et
832 976 1000 1021 Belino,
1033 975 1108 1029 qui
1132 975 1308 1014 eandem
1339 975 1449 1015 hanc
1481 975 1746 1030 explicatio-

275 1047 374 1072 nem
398 1042 545 1071 contra
563 1032 820 1072 Lambertum
837 1032 942 1080 Bos,
974 1031 1192 1082 Reitzium,
1229 1032 1370 1072 Gesner
1363 1050 1434 1072 vm
1452 1041 1493 1073 et
1510 1047 1554 1072 se
1573 1045 1746 1086 quoque

275 1089 446 1140 ipsum,
478 1089 524 1126 in
548 1089 745 1128 versione
778 1098 924 1127 contia
953 1098 1210 1128 statuentem
1231 1119 1241 1137 ,
1283 1090 1328 1127 in
1361 1099 1464 1128 nota
1491 1089 1664 1134 critica,
1697 1089 1744 1126 in

275 1145 430 1184 ultimo
454 1147 593 1183 Tomo
614 1145 863 1197 proposita,
895 1154 1051 1183 tuetur.
1111 1145 1209 1184 Vim
1235 1154 1372 1183 autem
1402 1144 1576 1184 irruendi
1599 1148 1642 1184 in
1667 1145 1747 1184 Ῐιο-

274 1212 351 1240 stes
371 1201 538 1240 verbo'
521 1199 686 1256 εποῖγειν
705 1201 844 1241 inesse
866 1215 990 1254 posse
1013 1201 1226 1241 immerito
1248 1202 1423 1257 negavit
1436 1201 1487 1244 L.
1506 1201 1604 1242 Bos.
1644 1200 1742 1243 Vid.

275 1257 586 1311 Schweiglzaeus.
614 1258 763 1298 Lexic.
784 1257 937 1310 Polyb.
960 1272 992 1298 s.
1017 1257 1060 1298 h.
1088 1273 1124 1298 v.
1156 1258 1316 1299 LEnM.

387 1314 492 1353 Ead.
512 1317 542 1354 l.
570 1319 632 1356 10.
667 1312 748 1355 Διά
769 1319 841 1367 τῆς
864 1313 1063 1368 ἑβδόμης)
1095 1314 1165 1353 Sic
1186 1314 1298 1368 apud
1314 1314 1461 1356 Athen.
1480 1318 1576 1359 301.
1600 1313 1652 1355 A.
1676 1312 1745 1356 διὰ

274 1368 514 1424 δωδεκάτης.
554 1370 606 1411 V.
636 1370 807 1412 Casaub.
832 1381 873 1411 et
893 1372 963 1422 II,
992 1375 1056 1416 15.
1090 1371 1258 1412 SorAN.
1317 1372 1524 1414 Vertuntg
1553 1388 1624 1426 per
1643 1371 1745 1410 keb-

274 1427 472 1477 domacla,
506 1437 604 1474 aut3
633 1444 704 1481 per
722 1440 868 1495 septem.
884 1428 991 1480 dies‚·
1023 1442 1150 1480 quum
1175 1427 1321 1481 potius
1343 1444 1364 1469 e
1384 1428 1556 1482 linguae
1576 1429 1743 1483 legibus

273 1483 527 1523 vertendum
553 1483 633 1523 sit:
661 1495 753 1538 post
770 1487 972 1538 septimum
996 1485 1121 1537 cliem5·
1162 1495 1258 1525 aut:
1299 1487 1460 1540 septimo
1489 1501 1640 1539 quoque
1670 1484 1743 1523 clie.

274 1539 358 1581 Sed
383 1541 439 1579 sit
459 1540 498 1582 h
524 1543 551 1583 1
577 1544 790 1580 numerale
812 1541 1004 1581 ordinale
1026 1541 1085 1579 ita
1105 1542 1318 1594 positum,
1352 1551 1401 1580 ut
1428 1544 1591 1594 reliqua
1618 1549 1742 1579 ante-

274 1595 471 1636 cedentia
496 1596 728 1635 cardinalia
755 1598 880 1635 simul
905 1596 1117 1642 includat,
1150 1608 1198 1636 ut
1217 1612 1364 1637 sensus
1382 1598 1464 1637 sit:
1495 1613 1569 1636 sex·
1597 1596 1678 1636 dies
1708 1607 1743 1636 et

273 1669 322 1691 ne
340 1655 566 1706 septimum,
600 1663 673 1692 aut
691 1669 737 1692 ne
754 1656 936 1707 septimo,
970 1653 1147 1708 quidem.-
1178 1665 1320 1694 tamen
1339 1653 1459 1694 valde
1477 1656 1652 1707 languet
1670 1653 1743 1692 hic

272 1711 422 1759 locus,
453 1709 540 1747 nisi
564 1719 682 1749 tanta
705 1725 799 1748 cum
823 1720 1047 1750 venustate
1073 1712 1423 1761 transformetur,
1454 1719 1503 1748 ut
1520 1724 1542 1748 a
1571 1710 1743 1750 Wielan-

273 1764 326 1804 (Ζο
356 1766 516 1804 factum
541 1777 627 1816 estg
661 1768 837 1806 omnino
865 1781 990 1812 vero,
1021 1766 1057 1804 si
1081 1766 1167 1806 ‘hae
1191 1771 1370 1807 voculae
1398 1766 1638 1813 deleantur,
1669 1767 1743 1805 ni-

271 1820 338 1860 hil
360 1821 412 1860 ad
433 1823 689 1861 sententiam
712 1822 1009 1862 absolvendam
1030 1821 1178 1865 deerit.
1210 1825 1329 1863 Run.
1355 1824 1400 1862 in
1415 1823 1555 1865 P1aef.
1600 1823 1741 1863 Defo-

271 1887 336 1916 iet
361 1878 424 1917 sic
444 1879 682 1919 sententiae
706 1890 979 1921 momentum.
1040 1877 1121 1920 Δια
1143 1885 1214 1933 τῆς
1242 1880 1415 1935 ἑβδόμης
1443 1889 1507 1918 est
1536 1895 1655 1935 usque
1686 1880 1742 1919 ad

270 1937 474 1987 septimum
506 1935 632 1985 diem,
672 1946 720 1974 ut
749 1934 816 1977 διὰ
845 1938 1003 1987 τέλους,
1041 1936 1198 1976 assidue
1227 1954 1345 1992 usque
1372 1936 1576 2004 adfinem.
1633 1935 1739 1975 Plat.

270 1991 463 2059 Sophist.
485 1994 608 2033 Tom.
630 1992 688 2032 ΙΙ.
712 2007 805 2048 pag.
828 1999 896 2037 31.
922 1992 1067 2032 Stallb.
1129 1997 1388 2048 Παρμενίδης
1414 1989 1436 2034 ὁ
1457 1992 1577 2060 μέγας
1596 1995 1738 2034 παισὶν

267 2043 369 2098 ἡμῖν
390 2049 505 2090 οὐσιν
530 2044 749 2102 ἆοχόμενός
767 2067 807 2092 τε
829 2051 897 2091 καὶ
926 2048 991 2090 δια
1014 2051 1149 2098 τέλους
1175 2055 1290 2092 τοῦτο
1321 2046 1640 2103 ἇπεμαρτυρατο
1699 2050 1737 2087 Ε

269 2105 530 2158 Xenophonte
552 2107 767 2160 congessit
789 2108 980 2158 exempla
1002 2105 1132 2146 Stmz.
1150 2107 1258 2149 Lex.
1280 2104 1485 2162 Xenoph.
1515 2107 1637 2144 Tom.
1657 2105 1735 2146 IV.

269 2174 312 2213 p.
335 2165 431 2205 275.
465 2163 620 2203 LE11M.

383 2218 484 2272 Pag
509 2223 601 2263 193
626 2221 654 2259 l.
676 2224 714 2262 2
742 2216 933 2273 Ἐλέλιξε)
960 2215 1130 2270 'Effinge
1150 2221 1192 2263 δὲ
1214 2216 1394 2274 μηχανὴ,
1426 2229 1469 2260 et
1487 2216 1531 2262 τό
1550 2225 1675 2272 τεῖχος
1697 2220 1743 2263 δὲ

268 2271 393 2316 πεσὸν
413 2273 594 2330 μεγαλως
614 2273 828 2328 ἐδούπησε,
867 2285 915 2314 ut
938 2285 978 2315 et
1003 2278 1250 2331 sequentia,
1294 2287 1394 2316 sunt
1424 2275 1552 2317 verba
1578 2276 1739 2316 Home—-

269 2334 365 2370 rica.
398 2331 575 2372 GRAEV.
636 2331 746 2373 Vide
767 2332 892 2372 Iliad.
916 2339 981 2384 A,
1003 2337 1098 2378 530.
1129 2335 1251 2390 μέγαν
1270 2330 1307 2376 δ’
1330 2331 1512 2385 ἐλέλιξεν’
1512 2331 1734 2388 Ὄλυμπον.

270 2388 441 2430 SOLAN,

380 2444 484 2486 Eatl
505 2447 597 2489 1.3ι
628 2441 886 2499 Ἐδούπησε)
926 2447 1043 2487 Voce
1075 2450 1228 2497 δοῦπος
1259 2447 1397 2487 utitur
1425 2447 1530 2487 Xen.
1561 2450 1735 2500 p.164‚

270 2501 338 2543 35
399 2501 484 2542 Sed
503 2502 681 2552 nullibi,
714 2501 863 2554 credo,
894 2503 1046 2551 verbo,
1079 2505 1322 2557 praesertim
1342 2518 1434 2542 cum
1454 2502 1632 2558 μεγάλως
1651 2514 1730 2545 etc.

272 2555 371 2594 Vox
401 2557 575 2598 Homero
606 2558 844 2599 familiaris.
877 2561 928 2600 11.
947 2566 1006 2610 A,
1032 2562 1130 2605 504.
1159 2562 1217 2600 Et
1245 2560 1298 2600 ad
1329 2575 1436 2614 quae
1464 2562 1609 2613 paullo
1636 2569 1734 2611 post

273 2624 535 2665 sequuntur,
569 2617 685 2654 conf.
716 2615 896 2656 eundem
920 2617 972 2657 Il
996 2623 1049 2667 Β,
1073 2622 1169 2661 210.
1196 2627 1238 2656 et
1258 2623 1312 2666 B,
1338 2624 1376 2662 3.
1408 2615 1574 2655 SOLAN.
1633 2616 1734 2654 Lo·-

274 2681 349 2706 cus
362 2669 635 2723 Ᾰαηορῆοηηε
658 2682 720 2712 est
742 2687 785 2711 111
800 2673 936 2713 Anab
960 2674 1019 2723 II,
1042 2680 1082 2722 3,
1110 2678 1175 2717 19.
1197 2673 1365 2713 Weisk.
1399 2673 1553 2712 Verum
1576 2682 1619 2712 et
1641 2686 1732 2711 ver-

275 2722 375 2764 bum
395 2727 580 2766 oceunit
601 2728 714 2782 apud
732 2729 910 2770 eundem
931 2705 1039 2771 ibid.
1053 2731 1090 2783 I,
1107 2736 1148 2784 8,
1173 2734 1236 2775 18.
1256 2728 1307 2770 de
1322 2729 1503 2783 stiepitu
1521 2742 1731 2770 armorum
