1834 3188
270 234 374 284 500
632 242 1392 276 Annorawionns

271 347 444 387 videtur
471 342 649 383 Reitzius
674 340 902 395 judicasse.
962 338 1213 382 offenderat
1236 339 1349 382 enirn
1380 343 1461 396 jam
1494 342 1737 397 antiquitus

271 402 406 444 lectio
444 403 617 455 vulgata
656 404 758 450 ταῖν,
806 408 1013 454 sequente
1052 399 1235 439 relativo
1274 399 1515 454 Singularis
1557 400 1737 440 numeri.

271 462 430 501 me.

385 512 491 556 Ibid.
518 508 613 567 Ἐφ’
649 509 752 568 ὅτῳ)
782 509 946 552 Zeuxis
975 511 1096 567 jubet
1127 508 1239 551 hanc
1262 511 1446 552 tabulam
1469 512 1737 568 propositam

272 586 430 628 pueros
449 571 622 610 domum
645 571 778 620 ferre,
811 569 911 624 quia
945 578 1205 622 spectatores
1228 583 1315 609 non
1346 569 1573 609 artificium
1593 569 1741 608 lauda-

271 631 399 679 bant,
431 626 506 667 sed
526 625 763 667 novitatem
794 636 837 666 et
863 626 1050 666 insolens
1082 635 1395 681 argumentum,
1429 625 1595 666 diceus:
1627 620 1742 668 οὗτοι

272 686 350 743 γάρ
377 683 493 739 ἡμῶν
517 682 589 726 τὸν
619 682 750 737 πηλὸν
777 687 849 736 τῆς
878 684 1018 737 τέχνης
1045 684 1272 732 ἐπαινοῦσι,
1304 687 1386 724 τῶν
1416 680 1455 725 δ’
1479 677 1546 736 ἐφ’
1575 679 1674 738 ὅτῳ,
1707 683 1745 723 εἰ

275 747 408 791 καλῶς
425 742 519 795 ἔχει,
550 742 619 782 καὶ
639 738 740 782 κατὰ
760 739 833 793 τὴν
852 740 991 793 τέχνην
1004 771 1015 790 ,
1049 737 1097 781 οὐ
1117 738 1245 781 πολὺν
1263 744 1478 782 ποιοῦνται
1496 736 1628 794 λόγον.
1669 738 1742 776 In·

277 811 437 852 terpres
459 797 781 837 salmuriensis:
821 796 884 836 Hi
903 812 1068 851 namque
1096 808 1253 835 nostrae
1280 796 1405 836 lutum
1429 798 1528 835 artis
1558 794 1742 842 laudant,

278 855 348 896 sed
368 857 507 894 mentis
523 865 558 892 et
578 856 707 908 scopi,
739 870 831 893 num
850 864 950 894 recte
969 864 1005 892 et
1023 869 1077 893 ex
1096 864 1180 892 arie
1188 854 1356 910 facium
1373 855 1424 892 sit
1443 868 1539 906 opus
1546 882 1558 901 ,
1590 850 1746 891 nullam

279 913 423 952 habent
450 913 651 950 rationem.
709 911 895 962 Mirum,
927 907 975 951 τὰ
1004 907 1074 962 ἐφ’
1105 907 1182 967 ’ὅτῳ
1211 920 1487 962 esse-mentem
1513 919 1548 947 et
1572 923 1744 961 scopum.

285 969 509 1022 Obsopoeus
539 970 666 1020 plane
697 967 859 1006 omisit.
914 962 1010 1019 Ἐφ’
1036 964 1137 1021 ὅτῳ,
1170 964 1237 1017 ἐφ’
1270 959 1322 1022 ᾦ,
1354 962 1425 1018 ἐφ’
1456 963 1538 1014 οἷς,
1572 963 1746 1004 Graecis

281 1035 366 1076 est,
398 1040 477 1079 qua
497 1022 544 1062 tle
568 1039 725 1073 caussa,
759 1038 839 1078 qua
861 1025 902 1061 in
920 1040 970 1062 re.
1028 1021 1182 1061 Herod.
1209 1024 1404 1074 Polymn.
1423 1020 1654 1073 πυθόμενοι
1675 1015 1746 1072 ἐφ’

283 1081 344 1131 οἷς
362 1076 516 1134 ἦλθον,
548 1082 759 1129 sciscitati,
791 1094 871 1134 qua
893 1079 939 1117 cle
959 1094 1100 1119 caussa
1116 1081 1314 1121 venissent.
1372 1078 1455 1119 Sed
1476 1078 1522 1116 in
1545 1077 1746 1117 Luciano

285 1138 404 1178 deest
425 1137 620 1185 verbum,
657 1135 709 1174 ad
729 1135 846 1189 quod
866 1136 1076 1175 referatur
1098 1132 1167 1187 ἐφ’
1192 1134 1283 1187 ὅτῳ.
1343 1136 1453 1174 Puto
1475 1134 1611 1188 igitur
1632 1133 1749 1172 exci-

287 1194 398 1234 disse
419 1191 463 1236 τὸ
485 1197 565 1244 δεῖ,
597 1191 727 1246 idque
749 1191 995 1245 absorptum
1016 1204 1105 1230 esse
1127 1205 1148 1230 a
1170 1200 1376 1245 sequente
1402 1192 1552 1230 vocula
1573 1191 1629 1240 εἶ,
1661 1202 1747 1242 quo

286 1252 453 1289 nullum
485 1250 530 1288 in
563 1248 714 1302 priscis
743 1247 996 1288 membranis
1022 1248 1293 1301 frequentius
1327 1256 1390 1287 est
1421 1257 1618 1287 erratum.
1679 1245 1752 1285 Sic

286 1306 419 1360 igitur
436 1306 623 1346 scribas:
654 1309 734 1347 τῶν
757 1303 791 1346 δ’
818 1303 885 1357 ἐφ’
909 1303 987 1361 ὅτῳ
1015 1306 1098 1356 δεῖ,
1129 1307 1165 1346 εἰ
1190 1309 1321 1353 καλῶς
1340 1305 1435 1357 ἔχει,
1465 1304 1530 1345 καὶ
1555 1299 1657 1345 κατὰ
1677 1299 1751 1354 τὴν

285 1365 446 1416 τέχνην,
476 1361 525 1406 οὗ
553 1359 682 1404 πολὺν
709 1365 924 1404 ποιοῦνται
952 1360 1085 1416 λόγον.
1145 1359 1313 1401 Hlorum
1339 1377 1449 1410 vero,
1478 1370 1638 1414 propter
1655 1373 1753 1413 quae

287 1430 458 1474 oportet,
493 1433 550 1458 sc.
573 1420 752 1461 ἐπαινεῖν
765 1451 775 1467 ,
806 1418 981 1457 laudare
1002 1417 1210 1471 picturam
1224 1447 1234 1466 ‚
1268 1434 1361 1457 num
1378 1428 1477 1458 recte
1493 1427 1528 1456 et
1542 1413 1753 1456 secundum

287 1487 411 1516 artem
427 1479 479 1515 sit
497 1475 645 1532 facta,
678 1475 830 1514 nullam
847 1475 990 1514 habent
1010 1476 1210 1513 rationem.
1242 1473 1420 1514 GnAnv.

401 1532 507 1572 Ead.
527 1535 557 1572 1.
581 1538 647 1575 11.
681 1530 855 1585 Σωτὴρ)
885 1530 1129 1570 Antiochus
1153 1530 1226 1569 hic
1253 1530 1444 1569 omnium
1463 1528 1638 1583 primus.
1699 1527 1753 1566 In

290 1589 475 1627 nummis
506 1602 715 1641 nusquam
746 1587 923 1639 reperiri
962 1586 1080 1625 hunc
1116 1586 1314 1635 titulum,
1355 1586 1477 1625 testis
1513 1595 1575 1624 est
1604 1584 1754 1638 Spanlz.

290 1648 387 1689 415.
417 1643 499 1683 Sed
521 1644 632 1683 idem
655 1642 828 1682 aliunde
846 1643 948 1682 satis
973 1641 1206 1684 confirmat.
1267 1641 1334 1682 Ob
1369 1641 1480 1680 hanc
1507 1641 1643 1696 ipsam
1670 1655 1755 1694 pu-

292 1715 416 1755 gnam
441 1701 482 1740 ei
500 1698 645 1739 datum
663 1698 795 1740 tradit
816 1700 1032 1754 Appianas
1050 1698 1095 1737 in
1109 1698 1310 1752 Syriacis.
1333 1698 1501 1739 SozAN.
1562 1698 1668 1751 Cap.
1688 1699 1757 1741 65.

291 1759 449 1797 me.

404 1813 504 1866 Pag.
526 1817 620 1857 137.
642 1814 667 1852 l.
689 1818 728 1856 2.
757 1808 845 1853 Ἐπὶ
863 1808 1074 1864 μετώπου)
1110 1809 1333 1866 Obsopoeus
1352 1819 1558 1862 verterat,
1588 1826 1616 1850 a
1635 1819 1755 1863 tergo,

293 1883 394 1924 pro,
426 1870 640 1924 infreme,
674 1868 775 1908 satis
795 1867 993 1921 imperite
1014 1869 1224 1921 profecto.
1255 1870 1420 1907 Rm'rz.

393 1925 514 1983 nid.
541 1923 609 1975 Ἐς
632 1923 764 1979 βάθος
784 1924 825 1967 δὲ
843 1925 907 1967 ἐπὶ
924 1923 1119 1980 τεττάρων
1138 1925 1206 1966 καὶ
1226 1927 1352 1966 εἴκοσι
1371 1922 1632 1979 τεταγμένους
1649 1919 1759 1964 ὁπλί-
1806 1953 1815 1958 -

295 1982 394 2037 τας)
425 1981 533 2021 Cum
563 1983 693 2022 toties
723 1981 827 2020 haec
858 1982 947 2020 sint
977 1980 1028 2019 ab
1059 1980 1165 2020 viris
1196 1980 1336 2020 doctis
1367 1983 1616 2034 explanata,
1648 1987 1763 2017 certe

297 2040 450 2092 nequit
467 2037 632 2077 laudari
650 2038 912 2084 Benedictus,
944 2036 1043 2076 dum
1065 2037 1368 2090 interpretatur
1390 2037 1546 2090 primas
1570 2049 1697 2076 voces
1719 2036 1763 2073 in

298 2095 451 2143 medio,
483 2094 599 2133 unde
621 2095 772 2148 utique
801 2103 939 2147 patet,
973 2107 1067 2133 eum
1089 2106 1177 2132 non
1200 2093 1474 2136 intellexisse.
1538 2092 1763 2145 Obsopoeus

301 2161 343 2191 et
359 2151 598 2205 simplicius
621 2161 664 2190 et
686 2149 938 2204 propius-ad
959 2149 1288 2204 intelligentiam
1303 2179 1314 2197 ,
1339 2151 1381 2188 in
1400 2148 1658 2205 profundum.
1689 2147 1763 2186 Li„-

299 2209 386 2247 vius
413 2210 522 2247 solet
552 2205 714 2257 dicere,
758 2210 949 2246 introrsus
969 2217 1170 2259 porrectos
1196 2205 1372 2255 ordines,
1414 2209 1608 2246 introrsus
1632 2214 1765 2258 patere

300 2266 446 2313 aciem,
467 2272 510 2303 et
528 2262 774 2303 latitudinem
793 2265 903 2303 aciei.
937 2263 1081 2302 Gnos.
1140 2262 1213 2301 Sic
1224 2261 1467 2317 profundum
1488 2262 1539 2302 de
1558 2260 1690 2301 denso
1711 2273 1765 2298 ex

301 2319 526 2360 Herodian.
558 2333 684 2371 supra
719 2319 1004 2369 ostendimus,
1045 2317 1096 2358 ad
1130 2319 1285 2359 Piscat.
1320 2333 1355 2358 c.
1391 2324 1458 2362 12.
1493 2328 1536 2358 et
1563 2322 1632 2361 41.
1691 2316 1764 2355 De

302 2373 494 2418 Merced.
519 2390 555 2415 e.
577 2380 644 2420 25.
665 2386 706 2416 et
722 2381 792 2421 53.
849 2375 920 2415 Sic
940 2375 1090 2415 Latini
1116 2373 1362 2432 prqfhndum
1381 2376 1506 2415 etiam
1526 2373 1577 2414 de
1594 2371 1766 2412 dimen-

303 2432 427 2472 sione
459 2432 749 2484 horizontali,
780 2442 831 2473 ut
850 2431 1076 2489 profundae
1101 2431 1222 2472 silvae
1249 2430 1361 2485 apud
1378 2432 1536 2471 Lucret.
1558 2430 1611 2480 V,
1628 2433 1696 2472 42.
1721 2436 1766 2468 et

308 2486 415 2527 Curt.
434 2489 543 2538 VH,
563 2493 611 2539 7,
631 2494 673 2533 4.·
706 2488 822 2544 quod
849 2493 932 2543 jam
959 2487 1054 2528 dixi
1083 2488 1129 2527 in
1155 2487 1265 2527 libro
1292 2487 1340 2527 de
1353 2488 1578 2541 Ambiguis.
1639 2484 1763 2539 Quae

306 2542 358 2582 de
379 2541 610 2585 altitudine
630 2545 826 2586 arboru'm
843 2545 1114 2597 interpretari
1136 2542 1361 2583 absurdum
1382 2544 1507 2583 foret.
1539 2540 1664 2580 Addo
1688 2540 1764 2579 hic

311 2598 487 2654 Thucyd.
511 2602 564 2642 L.
586 2602 638 2641 V.
660 2617 695 2642 c.
719 2609 788 2648 68.
814 2600 908 2644 Ἐπὶ
938 2601 980 2643 δὲ
1005 2600 1139 2655 βάθος
1159 2599 1342 2650 ἐτάξαντο
1364 2600 1433 2651 μὲν
1464 2594 1512 2640 οὗ
1544 2597 1692 2646 πάντες
1713 2594 1763 2639 ὁ·-

308 2656 446 2706 μθίως·
509 2658 569 2697 Et
597 2658 780 2714 Xenoph.
807 2659 864 2701 II.
897 2657 1014 2700 Hist.
1049 2658 1122 2696 Gr.
1151 2672 1195 2711 p.
1215 2661 1311 2701 472.
1341 2656 1500 2694 citante
1524 2654 1680 2694 Dukero
1709 2651 1762 2692 ad

311 2709 489 2764 Thucyd.
512 2714 618 2764 VII,
643 2722 712 2760 78.
769 2717 878 2758 Item
905 2713 1073 2756 Diodor.
1097 2713 1178 2754 Sic.
1203 2728 1242 2766 p.
1262 2713 1358 2756 575.
1386 2713 1536 2766 βαθείᾳ
1564 2710 1763 2764 φάλαγγι,

310 2763 538 2806 adductum
564 2770 608 2808 in
631 2772 811 2813 Indice.¹
847 2771 941 2813 Ἐπὶ
961 2768 1154 2825 τεττάρων
1177 2777 1317 2809 autem
1338 2767 1475 2809 firmat
1497 2767 1607 2809 idem
1625 2766 1762 2815 Bake-2
