1834 3188
264 152 366 198 392
627 164 1384 197 ADNOTATtoNES

262 261 418 311 Verte,
451 269 500 300 ut
532 260 663 301 vertit
695 261 783 300 fere
823 259 1038 303 Gesner-us:
1076 261 1242 312 Pueros,
1273 263 1371 303 mihi
1401 263 1539 316 crede,
1569 264 1727 306 habebis

265 333 418 368 omnes,
451 328 576 358 tecum
597 320 631 357 si
647 333 874 371 compares‚·
904 325 947 355 et
964 319 1045 369 jam
1064 320 1213 358 confer
1232 322 1374 358 locum
1390 319 1617 364 Alexandr,
1635 337 1669 362 c.
1685 328 1726 366 4.

265 373 337 412 ubi
353 403 365 422 ,
398 384 620 429 postquam
642 375 866 425 scripserat
889 384 1057 425 auctor,
1089 375 1375 414 Alexandrum
1395 390 1438 417 se
1456 377 1727 433 Pythagorae

264 429 445 469 similem
477 444 564 471 esse
594 429 878 484 praedicasse,
911 428 1052 472 addit:
1087 433 1121 472 εἰ
1150 433 1190 472 δὲ
1209 428 1308 472 κατὰ
1341 438 1485 476 τοῦτον
1504 435 1723 489 ἐγεγένητο,

263 491 362 534 παῖς
392 483 465 537 ἂν,
499 481 547 528 εὖ
571 486 684 534 οἶδα,
717 485 777 527 ὅτι
802 484 904 537 πρὸς
927 483 1050 528 αὐτὸν
1072 486 1172 529 εἶναι
1200 489 1323 537 ἔδοξε.
1384 489 1455 527 Sic
1475 491 1519 527 in
1540 500 1726 543 utroque

265 545 365 581 loco
386 544 741 596 elegantissimam
762 543 1001 596 conspicies
1020 544 1156 582 fastus
1178 544 1469 598 philosophici
1483 546 1728 601 imaginem,

265 598 511 640 lectissimis
543 598 760 638 colo‘ribus
783 613 1030 652 expressam.
1063 601 1220 641 LEHM.

377 655 482 693 Ead.
505 659 533 694 1.
560 661 598 699 8.
626 654 707 704 Ὣς
728 653 831 707 πρὸς
850 655 920 705 σὲ)
953 656 1000 695 Si
1020 667 1141 696 tecum
1166 657 1432 713 conferantur.
1466 658 1614 698 Bnon.

383 710 487 752 Ibid.
522 709 679 762 Αὐτὸς)
710 711 836 751 Nihil
865 711 936 750 hic
966 713 1127 752 variare
1159 714 1266 755 Edd.
1299 724 1523 754 notaverat
1545 713 1729 757 solanus.

267 769 429 807 Forsan
461 768 560 821 quia
592 765 740 816 αὐτοὺς
771 771 839 806 vel
872 764 1009 816 αὐτοῖς
1041 769 1237 809 invenire
1268 771 1476 812 maluerit.
1539 770 1620 810 Sed
1643 786 1730 810 non

270 837 379 876 opus
414 834 498 872 est3
533 839 628 864 nam
657 827 725 863 vel
754 822 966 863 efficacior
996 825 1066 863 hic
1095 827 1412 876 nominativus,
1447 836 1495 865 ut
1521 826 1734 880 significe-

268 890 360 919 tur:
415 891 568 921 tantum
605 897 702 936 prae
732 880 815 920 illis
841 883 969 935 sapies
1007 883 1106 934 ipse,
1149 882 1179 921 i.
1211 898 1247 923 e.
1280 883 1373 936 ipse
1404 883 1485 921 tibi
1521 883 1734 924 videbere.

268 937 433 976 Rizrrz.

382 992 486 1034 Eacl.
511 996 536 1035 l.
562 998 627 1036 12.
667 990 1078 1049 Τετταρακοντοῦτης)
1110 995 1154 1034 Si
1179 994 1294 1034 istud
1321 994 1371 1033 de
1395 1004 1530 1034 aetate
1543 995 1734 1034 Luciani

270 1048 456 1098 dictum,
491 1065 584 1088 curn
619 1049 695 1099 iis,
731 1064 837 1102 quae
867 1051 997 1088 initio
1022 1052 1146 1101 hujus
1177 1052 1312 1090 libelli
1336 1051 1386 1090 de
1406 1060 1597 1103 tempore
1620 1051 1735 1090 dicta

269 1114 386 1154 sunt,
409 1108 491 1158 quo
507 1107 818 1145 Hermotimum
839 1107 945 1146 itare
968 1106 1018 1146 ad
1044 1107 1325 1159 philosophos
1348 1106 1526 1157 viderat,
1543 1109 1737 1147 confera-

270 1171 351 1206 tur,
375 1162 592 1202 constabit
611 1166 706 1214 jam,
738 1177 818 1214 qua
840 1173 978 1201 aetate
1000 1163 1220 1201 Lucianus
1242 1164 1284 1200 in
1310 1163 1528 1202 Graeciam
1551 1164 1735 1215 primum

268 1218 458 1267 venerit,
493 1233 606 1257 anno
630 1233 779 1270 nempe
813 1219 963 1258 aetatis
984 1219 1154 1257 circiter
1175 1219 1397 1272 vigesimo.
1457 1222 1514 1257 At
1533 1234 1634 1258 vero
1658 1234 1740 1272 pa-

268 1287 361 1312 rum
384 1273 491 1312 illud
515 1275 704 1326 juvabit,
737 1275 821 1312 nisi
854 1275 897 1312 in
920 1274 1003 1313 hoc
1035 1275 1160 1313 etiam
1188 1279 1397 1328 opusculo
1420 1276 1632 1314 criterium
1654 1276 1740 1313 ali-

270 1329 386 1382 quod
411 1331 626 1383 temporis‚
654 1345 738 1384 quo
760 1333 963 1384 scriptum
986 1341 1060 1382 est,
1093 1331 1366 1381 inveniatur3
1402 1334 1526 1386 quale
1548 1331 1738 1372 nondum

268 1387 512 1438 perspicere
534 1390 670 1428 valeo.
716 1388 883 1429 SOLAN.

380 1442 486 1483 Eud.
505 1446 531 1484 l.
557 1448 620 1487 14.
659 1449 837 1491 Τοςαῦτα
855 1442 953 1498 γὰρ)
990 1449 1169 1492 Τοςαῦτα
1186 1448 1298 1498 γοῦν,
1333 1438 1491 1496 αἷἛρμ.
1526 1445 1740 1485 MAncm.

381 1498 478 1551 Peg,
500 1505 565 1543 22.
586 1503 613 1540 l.
634 1504 673 1543 4.
711 1498 825 1541 Οὕτω
848 1498 1004 1556 μάθῃς)
1042 1498 1217 1548 Μάθοις
1237 1499 1402 1551 Guyems
1421 1504 1513 1538 vult
1531 1502 1638 1554 legi,
1670 1501 1742 1540 be·

271 1569 324 1592 ne
347 1555 539 1605 quidem3
575 1555 646 1596 sed
669 1555 780 1593 nihil
803 1570 880 1609 ego
906 1557 952 1594 in
973 1559 1145 1608 vulgata
1170 1566 1311 1595 muto:
1344 1556 1468 1604 vide,
1506 1570 1612 1609 quae
1633 1571 1742 1609 pau-

274 1610 334 1649 cis
357 1610 447 1646 dixi
474 1625 598 1663 supra
624 1611 676 1650 ad
697 1626 786 1664 cap.
811 1618 848 1655 8.
876 1612 1003 1664 hujus
1029 1613 1145 1650 Dial.
1171 1627 1209 1651 V.
1236 1610 1416 1668 ὄουλεύῃ.
1449 1614 1613 1654 ΒΕΙΤΖ.

388 1666 487 1719 Pag.
514 1673 583 1711 23.
612 1670 641 1712 1,
674 1672 712 1712 4.
770 1674 836 1724 Τῷ
862 1667 957 1710 πότε
982 1667 1229 1719 πιστεύσας)
1285 1668 1449 1708 Cuinam
1476 1669 1615 1709 habita
1638 1669 1742 1726 fide.

274 1723 418 1761 Bnon.

388 1778 491 1819 Eacl.
513 1782 539 1822 l.
561 1783 600 1823 5.
639 1780 688 1822 T&
710 1785 871 1834 πρῶτον
896 1779 977 1830 σύ)
1008 1781 1128 1820 Mihi
1151 1795 1238 1819 non
1266 1781 1313 1819 fit
1334 1781 1577 1834 probabile,
1611 1782 1748 1820 casti-

274 1846 417 1889 gatum
442 1845 482 1872 et
508 1836 778 1890 diligentem,
810 1838 845 1875 si
870 1838 963 1891 quis
996 1838 1130 1887 alius,
1175 1838 1422 1888 scriptorem
1454 1839 1517 1875 bis
1546 1839 1746 1890 posuisse

272 1890 315 1932 τὸ
336 1896 495 1939 πρῶτον
514 1891 581 1941 σὺ,
615 1907 662 1930 ac
684 1893 825 1932 statim
846 1896 986 1944 παρεὶς
1006 1893 1053 1935 σύ
1074 1893 1142 1942 τὰς
1161 1890 1292 1943 ἄλλας,
1327 1894 1472 1946 itaque
1495 1897 1744 1932 alterutrum

275 1946 322 1988 m)
344 1948 616 1987 librariorum
641 1949 891 1990 liberalitati
914 1950 1057 1990 deberi
1080 1950 1283 1999 arbitror,
1320 1950 1534 2001 posterius
1557 1963 1743 2001 praeser-

274 2005 375 2052 tim,
410 2004 523 2057 quod
544 2005 726 2056 proinde
752 2005 1050 2047 omittendum.
1083 2006 1221 2045 GESN.
1284 2004 1549 2056 Superssuum
1572 2004 1745 2057 quidem

274 2074 415 2112 perse
442 2063 689 2101 alterutrum
722 2059 769 2101 σύ
805 2075 916 2112 esse,
957 2062 1103 2115 negari
1130 2076 1216 2099 non
1249 2070 1407 2113 potest.
1468 2061 1624 2100 Verum
1657 2075 1747 2100 non

278 2118 411 2155 solum
446 2117 764 2157 excusationem
798 2117 926 2157 habet
966 2120 1142 2157 alterum
1173 2127 1271 2168 post
1299 2118 1440 2171 παρεὶς
1472 2117 1659 2168 positum
1691 2119 1745 2155 ob

279 2171 545 2224 aliquantum
579 2172 797 2211 intervalli
824 2174 1120 2226 intex-J'ectum,
1155 2173 1228 2211 sed
1260 2174 1409 2224 etiam,
1443 2174 1478 2213 si
1502 2182 1613 2213 recte
1645 2187 1750 2212 sen-

279 2228 364 2275 tio,
410 2227 845 2277 commendationem,
891 2229 1239 2282 quandoquidem
1271 2229 1331 2267 sic
1362 2230 1554 2283 plenior,
1597 2229 1745 2279 credo,

280 2298 326 2321 ac
350 2283 600 2329 rotundior,
633 2283 828 2323 redditur
850 2285 1073 2323 verborum
1094 2300 1238 2324 sonus.
1275 2287 1431 2324 me.

391 2339 493 2381 End.
515 2343 542 2380 1.
568 2344 606 2382 9.
646 2345 736 2381 Τῶν
759 2336 799 2381 δ’
822 2339 981 2393 ἄλλων)
1020 2342 1223 2396 Intellige
1244 2338 1360 2384 ὁδῶν.
1390 2343 1535 2383 Bnon.
1595 2340 1748 2382 Potius

279 2401 422 2448 θυρῶν
445 2410 494 2432 ex
519 2397 739 2437 antecedd.
774 2397 932 2438 Luam.

394 2451 497 2490 Eme.
519 2455 546 2494 l.
572 2458 635 2495 10.
682 2452 778 2505 Λή)
820 2454 887 2493 Ita
920 2452 1153 2501 edidimus,
1196 2454 1488 2494 auctoritatem
1522 2453 1607 2494 ΜΞ.
1638 2453 1748 2505 Reg.

282 2511 405 2551 3011.
429 2508 588 2557 secuti,
624 2523 806 2561 quocum
826 2510 995 2549 faciunt
1018 2509 1126 2550 Edd.
1151 2510 1208 2548 H.
1230 2510 1278 2550 Β.
1301 2514 1338 2552 4.
1363 2520 1404 2548 et
1427 2509 1468 2547 S.
1492 2509 1619 2560 Vulg.
1642 2513 1748 2548 male

284 2564 337 2601 ὁέ.
371 2563 465 2601 Bw.
528 2564 749 2617 Nusquam
772 2566 812 2606 δὲ
846 2566 1018 2614 inveni,
1054 2566 1136 2604 nisi
1163 2566 1206 2602 in
1231 2565 1346 2604 Edit.
1372 2564 1498 2602 Reitz.
1527 2564 1588 2617 A»)
1618 2565 1745 2603 etiam

282 2618 333 2655 B.
361 2623 396 2658 1,
428 2624 466 2660 3.
494 2620 543 2657 Α.
572 2626 607 2664 1.
632 2627 671 2663 2.
698 2621 917 2661 exhibent.
979 2622 1357 2676 Typographicum
1383 2620 1581 2659 mendum
1605 2621 1750 2661 nescio

284 2672 397 2712 unde
421 2676 627 2727 recepisse
653 2677 822 2719 videtur
843 2677 1032 2719 Reiizias.
1065 2679 1221 2716 Leuni.
1247 2678 1259 2688 ⁴
