1834 3188
352 227 402 258 m·
441 226 679 265 QUOMODO
716 224 951 257 msTOmA
989 227 1064 258 sx‘r
1102 227 1300 258 consen.
1459 219 1561 264 605

95 335 175 366 etc.
200 325 430 380 παγκρατίῳ
449 324 602 363 vicisse
623 323 833 364 traditur..
879 327 960 364 Ter
982 325 1252 379 Olympicum
1274 340 1473 366 coronam
1499 344 1563 368 re-

97 392 286 436 portasse
317 390 457 420 narrat
490 381 598 420 Dion
621 379 753 436 Chrys.
779 386 875 426 230.
893 382 944 423 A.
978 382 1127 422 Suidas
1146 380 1282 430 t'acet5
1316 383 1388 423 sed
1411 383 1461 423 de
1485 400 1560 438 po-

97 439 275 478 steriore
296 437 408 477 idem
429 437 608 491 plurima
629 437 758 476 habet
781 438 836 476 iis
859 439 946 478 fere
968 439 1145 486 similia,
1178 454 1284 494 quae
1306 440 1357 480 de
1380 442 1561 482 Timr-mo

96 508 131 533 a·
151 494 386 535 Scholiasta
422 504 649 533 memorata
673 494 817 547 legisti
845 495 1103 551 (παγκρατίῳ
1130 496 1272 535 victor
1299 498 1368 537 Ol.
1393 497 1559 540 XCIII.

95 552 195 606 Afi.
218 561 261 591 et
280 552 399 591 Paus.
422 551 557 590 Eliac.
584 552 641 590 II.
660 564 700 603 p-
734 556 825 601 112,
848 558 911 596 17.
936 567 1060 605 quem
1083 556 1223 592 locum
1245 554 1422 593 omnino
1445 556 1559 595 vide.

93 607 256 663 Loyd.)
288 610 358 648 De
393 607 620 662 Theogene
652 606 721 645 adi
752 608 857 649 Plut.
882 614 1004 654 1452.
1032 609 1236 650 Platonem
1259 611 1410 659 etiam,
1442 615 1562 666 cujus

97 675 237 704 aetate
259 665 391 715 vixit,
425 662 476 705 de
509 667 617 717 Rep.
641 665 676 703 Ι.
708 673 750 703 et
770 665 889 706 Paus.
910 669 936 706 l.
960 681 993 705 c.
1055 664 1171 706 Vide
1187 668 1374 707 Nostrum
1399 669 1559 711 Herod,

96 721 170 761 fin.
203 721 362 776 Imagg.
386 735 420 764 e.
442 725 505 765 19.
536 731 577 761 et
609 721 908 762 Cone..Deor.
932 738 964 762 c.
993 729 1056 766 12.
1098 725 1265 764 Sonm.
1324 726 1563 765 Monuerat

93 778 314 818 Hemsierh.
345 778 390 816 in
421 792 549 831 marg.
582 776 822 817 adeundum
858 778 994 819 lVasse
1023 779 1072 818 ad
1104 780 1282 836 Thucyd.
1303 795 1344 834 p.
1369 786 1464 827 255.
1488 797 1560 822 no.

93 841 160 879 30,
182 835 234 891 (i.
256 849 292 875 e.
316 834 368 874 ad
392 835 444 873 L.
468 836 544 876 IV.
569 833 607 888 ἓ.
626 834 725 887 27.)
747 833 823 872 ubi
848 837 1024 891 Thucyd.
1054 839 1278 892 Θεογένους
1297 839 1560 878 mentionem

92 892 223 941 fecit,
257 892 331 945 qui
364 894 608 944 explorator
638 891 688 930 ab
713 890 1049 932 Atheniensibus
1076 896 1234 934 electus
1264 895 1340 943 sit,
1374 910 1452 948 pro
1472 906 1560 946 qno

94 948 138 985 in
161 947 412 1002 quibusdam
433 947 552 986 libris
575 957 713 987 tamen
734 952 901 1003 legatur
918 952 1163 1004 Θεαγένους,
1196 950 1422 1005 pergitque
1448 952 1562 992 Was-

92 1021 148 1053 se,
187 1006 385 1058 Θεαγένης
414 1006 644 1057 Tyrannus
675 1007 1020 1060 Megarensium,
1055 1021 1175 1047 socer
1209 1006 1413 1059 Cydonis,
1446 1008 1563 1047 Thn-

90 1061 226 1116 cydicl.
251 1062 298 1111 I,
326 1066 418 1105 126.
449 1070 490 1100 et
510 1061 685 1101 Pausan.
717 1063 876 1102 Atticis
898 1064 1152 1104 XXXVIII.
1213 1064 1335 1103 Alius
1362 1067 1564 1119 Θεαγένης

90 1118 369 1157 Atheniensis
392 1116 504 1170 apud
519 1118 742 1173 Thucydid.
763 1119 816 1167 V,
840 1124 908 1163 24.
931 1120 1005 1172 qui
1027 1130 1165 1160 tamen
1193 1120 1351 1160 ibidem
1375 1136 1467 1175 cap.
1493 1126 1559 1164 19.

96 1176 308 1229 Θεογένης.
373 1176 574 1230 Θεαγένης
602 1177 762 1215 athleta
794 1176 907 1228 apud
938 1177 1109 1216 Pausan.
1138 1176 1221 1223 VI,
1247 1182 1295 1226 6,
1328 1183 1394 1220 11.
1422 1187 1464 1217 et
1492 1181 1557 1222 15.

89 1231 296 1271 Plutarch.
337 1237 569 1280 Πολιτικοῖς
608 1238 848 1288 παραγγελμ.
886 1234 1061 1273 Luciam.
1105 1232 1156 1273 de
1188 1232 1409 1276 Conscrib.
1443 1235 1559 1274 Hist.

90 1302 134 1340 p.
159 1293 253 1332 626.
289 1287 396 1342 (Ed.
425 1287 561 1328 Graev.
587 1287 614 1329 i.
639 1303 674 1329 e.
695 1289 776 1328 hoc
800 1303 831 1328 c,
849 1294 941 1338 35.)
970 1299 1011 1328 et
1032 1292 1166 1329 Deor.
1205 1290 1374 1332 Concil.
1399 1306 1441 1344 p.
1465 1296 1560 1336 714.

90 1346 148 1382 Et
174 1345 338 1398 Catapl.
358 1350 505 1398 p.427.
528 1345 698 1399 aliaque
718 1361 769 1386 ex
783 1347 964 1401 Xenoplz.
989 1356 1069 1387 etc.
1094 1345 1145 1384 de
1165 1347 1380 1399 Scriptore
1391 1348 1560 1389 Histor.

90 1400 251 1454 philos.
274 1416 382 1453 quae
402 1401 464 1440 ibi
486 1400 610 1451 vide,
645 1403 758 1441 unde
777 1403 881 1441 haec
905 1403 1114 1443 festinans
1137 1403 1345 1456 excerpsi.
1389 1405 1558 1446 Revrz.

203 1458 307 1500 Ead.
326 1462 355 1498 1.
380 1464 418 1503 8.
450 1454 646 1507 Ἀπέστω)
681 1460 882 1501 Aristoen.
905 1463 988 1500 loc.
1011 1460 1082 1499 cit.
1114 1461 1294 1499 Eoum).

208 1515 357 1558 Ead.1.
384 1519 445 1560 15.
485 1515 705 1567 Τελέσειεν)
736 1517 781 1554 Si
805 1517 900 1571 quis
918 1530 983 1555 me
1007 1515 1218 1567 docuerit,
1250 1517 1467 1570 quomodo
1491 1518 1563 1558 hic

91 1572 264 1627 legitur,
295 1571 356 1610 ita
380 1582 422 1612 et
441 1572 547 1611 alios
570 1586 660 1610 esse
677 1575 862 1621 locutos,
896 1583 938 1612 et
959 1572 1067 1612 bene
1088 1587 1135 1612 ea
1160 1587 1253 1611 cum
1280 1575 1462 1628 reliquis
1487 1590 1564 1615 co-

93 1629 291 1678 haerere,
323 1628 389 1667 illi
414 1630 570 1683 gratias
592 1642 709 1682 agam
731 1630 910 1669 merenti
933 1628 1098 1671 lubens.
1159 1627 1328 1669 Interea
1351 1631 1565 1685 interpre-

93 1695 206 1725 tatus
228 1700 318 1724 sum
334 1717 343 1734 ,
374 1700 421 1724 ac
444 1685 480 1724 si
503 1688 690 1739 legatur,
723 1685 940 1740 quomodo
963 1685 1405 1727 Luci'anumdedisse
1423 1689 1564 1742 suspi-

96 1757 190 1790 cor,
219 1743 404 1783 τελέσειεν
434 1739 460 1781 ἃ
485 1740 583 1795 χρὴ,
615 1742 684 1783 καὶ
709 1742 812 1795 πρὸς
839 1741 909 1785 τὸν
941 1741 1096 1784 σκοπὸν
1117 1745 1258 1786 ἵκοιτο.
1326 1740 1384 1786 Οὔ
1414 1745 1490 1799 γὰρ
1513 1743 1568 1788 ἂν

93 1801 222 1851 φαίης
240 1816 277 1840 κ.
301 1815 333 1839 τ.
357 1803 389 1839 λ.
424 1799 562 1837 GESN·
622 1799 741 1838 Haec
767 1799 955 1839 Gesner-us
976 1799 1200 1853 ingeniose
1225 1814 1339 1840 sane.
1398 1801 1479 1842 Sed
1501 1820 1566 1844 τε-

94 1861 176 1897 λεῖν
196 1865 259 1894 est
277 1855 524 1907 pervenire,
556 1863 605 1893 ut
633 1854 743 1894 Tim.
767 1870 798 1896 e.
822 1861 888 1899 30.
908 1859 922 1906 (
939 1859 1034 1906 20.)
1063 1853 1117 1904 oe‘g
1142 1854 1256 1910 μόλις
1285 1861 1411 1899 τελεῖν
1437 1860 1500 1900 ἐπὶ
1518 1858 1564 1902 τὸ

94 1914 224 1965 τέρμα,
256 1910 330 1949 nbi
351 1921 489 1951 tamen
511 1911 620 1951 varii
639 1911 739 1952 libri
760 1914 940 1965 glossam
963 1912 1169 1952 exhibent
1189 1915 1333 1956 ἐλθεῖν.
1365 1916 1563 1956 Macrob.

98 1985 133 2009 c.
148 1975 214 2012 10.
237 1970 291 2016 εἰς
308 1965 550 2019 ἐνενήκοντα
569 1973 691 2010 τελῶν
714 1971 793 2022 ἔτη.
822 1968 898 2007 ubi
918 1968 1006 2008 vid.
1022 1969 1148 2011 Reirz.
1180 1972 1314 2012 RUD..
1373 1973 1564 2021 „Verum

101 2036 163 2066 est
184 2025 243 2063 ita
274 2022 351 2079 (ut
371 2024 560 2065 Gesner-us
576 2028 694 2076 vult)
726 2025 962 2065 ora-tionem
989 2026 1159 2064 facilius
1180 2027 1419 2079 procedere.
1481 2028 1565 2069 Sed

101 2082 240 2121 deleta
263 2095 369 2121 voce
393 2084 461 2124 καὶ
481 2092 579 2135 post
604 2081 694 2136 ἄχρι
724 2097 831 2135 opus
854 2082 932 2120 hac
954 2082 1250 2123 emendatione
1274 2099 1360 2123 non
1386 2099 1475 2124 esse
1493 2085 1564 2125 vi-

100 2139 236 2178 detur.
302 2143 434 2180 Τελεῖν
463 2138 573 2178 enim
603 2139 774 2195 saepius
801 2139 994 2178 absolute
1022 2140 1219 2190 ponitur,
1263 2141 1562 2181 subintellecto

98 2195 298 2233 nimirum
318 2192 393 2247 τὴν
414 2192 533 2243 ὁδὸν,
568 2208 603 2236 θ.
627 2210 664 2249 g.
687 2195 863 2250 Thucyd.
891 2196 966 2248 IV,
986 2201 1054 2240 78.
1079 2196 1170 2246 (ed.
1194 2197 1367 2252 Bauer.)
1387 2199 1426 2246 ἐς
1455 2202 1563 2251 Φαρ-

99 2249 221 2294 σαλόν
238 2268 278 2292 τε
300 2252 454 2293 ἐτέλεσε.
517 2251 647 2292 Conf.
677 2252 734 2292 ib.
762 2253 830 2300 II,
859 2258 926 2297 97.
985 2254 1078 2294 Jam
1108 2268 1202 2292 cum
1225 2255 1270 2293 in
1295 2265 1443 2294 nostro
1466 2257 1562 2294 loco

99 2319 222 2347 antea
247 2305 297 2346 de
319 2309 394 2347 υἰιζς
419 2322 552 2348 sermo
584 2309 739 2348 fuerit:
782 2311 847 2352 καὶ
875 2307 1017 2364 ἄριστα
1044 2307 1146 2364 πρὸς
1173 2309 1318 2365 λόγους
1347 2310 1570 2367 ’ἠσκημένῳ

97 2363 322 2415 ὑποδείξειν
344 2361 467 2413 ὁδούς
489 2382 599 2414 τινας
619 2361 760 2417 ὀρθὰς,
793 2367 828 2407 εἰ
849 2364 898 2419 δὴ
922 2370 1088 2408 τοιαῦτα
1111 2370 1338 2419 φαίνονται,
1370 2366 1435 2417 αἷς
1454 2369 1564 2423 χρώ-

98 2439 220 2476 μενος
247 2444 305 2451 —
332 2421 542 2463 τελέσειεν·
575 2421 726 2476 quidni
756 2421 864 2461 hanc
894 2423 1091 2461 vocabuli
1114 2423 1471 2478 significationem
1493 2441 1562 2465 se..

103 2476 316 2532 quamur?
376 2477 490 2516 Illud
513 2493 612 2517 vero
641 2477 729 2531 ἄχρι
758 2477 860 2528 πρὸς
878 2493 964 2518 non
997 2480 1221 2518 insolitum
1246 2492 1358 2528 esse,
1394 2495 1447 2521 ne
1472 2483 1563 2521 No·-

102 2547 185 2574 sir-o
218 2533 412 2589 quidem,
444 2533 554 2586 (vid.
579 2536 756 2573 Icarom.
781 2539 817 2583 Ο.
842 2541 877 2578 1.
900 2545 941 2573 et
961 2536 1057 2589 45.)
1081 2550 1204 2588 quem
1224 2537 1397 2590 fugiat?
1431 2539 1560 2587 Conf.

105 2591 219 2632 Hist.
254 2592 350 2632 Ver.
379 2591 417 2631 I.
451 2589 500 2630 ab
533 2592 623 2631 in.“
683 2592 800 2630 Haec
834 2591 940 2630 Gall.
965 2592 1145 2644 Longius
1167 2592 1211 2629 in
1234 2593 1486 2634 Animadvv.
1508 2595 1561 2634 ad

105 2650 222 2686 locos
249 2647 452 2701 quosdam
485 2648 660 2686 Lucirmi
689 2662 728 2699 p.
754 2652 816 2690 17.
839 2658 879 2686 et
905 2653 966 2691 18.
987 2657 1029 2686 et
1060 2658 1173 2688 recte
1204 2649 1398 2703 quidem,
1432 2650 1560 2691 modo

106 2717 160 2740 ne
180 2705 245 2744 καὶ
268 2714 364 2756 post
387 2703 478 2758 ἄχρι
499 2704 627 2743 deleri
648 2705 750 2743 velit
765 2734 775 2750 ,
810 2718 889 2757 qua
909 2703 960 2741 ad
982 2705 1066 2741 vim
1087 2706 1321 2746 sententiae
1339 2706 1561 2748 absolven-

107 2758 199 2798 dam
223 2774 275 2800 ne
297 2762 428 2802 careri
452 2760 620 2816 quidem
645 2770 798 2814 potest.
857 2761 926 2800 De
953 2761 1175 2802 locutione
1195 2767 1319 2808 τελεῖν
1337 2764 1460 2820 πρὸς,
1493 2768 1560 2807 vel
