1834 3188
387 219 440 250 m
477 216 641 250 VERAE
677 215 950 249 msromAE
985 216 1078 247 Lm.
1115 219 1146 250 1.
1171 218 1223 248 11.
1450 206 1550 255 665

77 319 269 357 taculum
291 325 355 358 est
374 316 557 356 maxime
578 314 824 358 ridiculum.
865 315 1103 356 Massievius
1121 324 1261 355 tamen
1282 314 1328 353 in
1352 319 1550 360 versione

77 375 347 427 Francogall.
372 372 577 426 praetulit
599 371 746 411 Koenii
770 371 968 413 conchas.
999 373 1157 412 LEnM.

191 430 295 470 Ead.
317 433 345 469 1.
369 435 434 474 14.
465 432 524 471 Αἵ
544 429 585 471 δὲ
601 429 739 470 λοιπαὶ
756 426 947 481 πρύμναν
963 425 1266 483 κρουσάμεναι)
1295 429 1437 470 Nimis
1459 445 1548 472 sae-

76 502 132 541 pe
154 496 196 527 et
217 486 383 527 erudite
400 486 484 526 hoc
502 499 635 539 genus
655 484 865 537 loquendi
888 485 1146 524 illustratum
1167 495 1230 525 est
1251 485 1302 524 ab
1320 491 1548 539 praeclaris

79 543 292 597 ingeniis,
324 557 447 597 quam
467 552 515 580 ut
537 555 661 580 voces
689 550 918 593 postremas
942 541 1230 596 intelligamus
1253 557 1346 581 cum
1372 545 1550 600 Micyllo

77 600 205 640 simul
229 609 269 639 et
289 598 503 639 Benedicta
529 597 669 638 collisa
688 599 824 651 puppi.
859 597 1004 638 Gnon.

193 656 298 696 Ibid.
341 653 542 709 Πρύμναν
584 652 775 705 κρούειν)
815 654 1140 704 Imperitissime
1183 655 1389 705 vertitur,
1435 659 1480 699 αἱ
1508 658 1551 700 δὲ

77 708 268 767 πρύμναν
299 711 568 767 κρουσάμεναι
597 714 792 763 ἔφευγον,
834 710 1006 765 reliquae
1029 711 1172 751 collisa
1199 715 1322 767 puppi
1335 713 1547 767 fugerunt.

79 769 284 809 Siccine?
327 771 474 808 collisa
497 767 634 821 puppi
656 776 855 820 poterant
881 768 1027 821 fugere
1043 767 1062 806 ἓ
1108 769 1258 816 Verte,
1291 770 1461 825 reliquae
1481 789 1550 810 re—

75 829 153 866 mis
185 825 398 864 inhibentes
414 825 622 880 fugerunt.
683 821 812 876 Quod
839 823 1013 861 Graecis
1038 822 1225 877 πρύμναν
1247 825 1430 878 κρούειν,
1463 827 1548 866 hoc

76 881 252 922 Latinis
274 882 442 920 inhibere
461 883 585 919 remis.
628 879 733 918 Cum
755 878 858 917 olim
882 879 1025 933 fugam
1050 882 1302 920 molirentur
1324 883 1367 920 in
1390 884 1548 938 pugnis

77 937 327 987 navalibus,
360 951 447 975 non
471 949 677 975 conversa
699 934 799 973 navi
821 935 1066 989 fugiebant,
1097 936 1170 976 sed
1192 939 1414 991 paullatim
1440 954 1551 979 eun-

77 1004 143 1033 tes
168 995 338 1041 cessim,
374 1001 414 1032 et
433 992 557 1032 remis
587 991 832 1031 inhibentes
861 1006 1027 1030 cursum
1059 993 1206 1043 navis,
1236 1005 1349 1033 retro
1374 996 1549 1048 naviga-

76 1049 204 1096 bant,
236 1060 285 1089 ut
301 1048 468 1088 erudite
495 1049 645 1087 docuit
668 1046 690 1090 ὁ
709 1046 818 1089 πάνυ
839 1047 878 1087 J.
899 1048 1007 1087 Fricl.
1031 1048 1248 1090 Gronovius
1268 1050 1338 1093 lib.
1356 1052 1432 1093 IV.
1459 1052 1550 1092 Ob-

76 1115 227 1146 servat.
255 1120 345 1159 cap.
368 1106 548 1155 ultimo,
582 1119 704 1157 quem
726 1103 838 1144 vide.
873 1105 1049 1147 GnAssv,

190 1162 290 1216 Pag.
315 1167 409 1205 273,
435 1165 462 1204 1.
482 1169 520 1206 8.
551 1163 811 1210 Κατὲδυσαν)
845 1162 1016 1200 Passive
1050 1162 1236 1215 accipias
1269 1178 1438 1204 necesse
1460 1175 1546 1206 est:

75 1233 175 1257 nam
200 1232 399 1258 numerus
431 1232 517 1257 non
543 1218 727 1270 patitur,
759 1226 808 1256 ut
833 1217 885 1256 de
916 1217 1104 1257 hostium
1137 1219 1292 1258 insulis
1322 1221 1550 1274 intelliga-

78 1284 172 1324 tur,
206 1273 322 1329 quod
345 1274 509 1328 priores
534 1274 788 1327 interpretes
812 1288 898 1312 non
924 1274 1320 1317 animadverterant.
1367 1277 1442 1318 Sic
1462 1280 1549 1319 Po..

79 1331 205 1385 lyaen.
234 1332 270 1371 I.
306 1345 346 1384 p.
380 1335 448 1374 77.
478 1340 520 1370 et
551 1331 722 1383 passim.
767 1331 937 1370 SOLAN.
1000 1331 1176 1371 Scilicet
1209 1335 1427 1378 κατέδυσαν
1458 1351 1546 1376 non

81 1397 147 1427 est
169 1402 191 1427 a
211 1389 432 1440 κατέδυσα,
463 1385 536 1428 sed
555 1401 578 1426 a
598 1388 792 1439 κατέδυν,
825 1385 1138 1429 reflectendum.
1170 1390 1324 1434 LEn-n.

216 1680 297 1731 IN
353 1681 608 1731 VERAE
652 1680 1100 1733 HISTORIAE
1150 1683 1292 1734 LIB.
1338 1683 1410 1733 ΙΙ.

195 1795 295 1850 Pag-
317 1800 504 1841 274.1.1.
537 1800 822 1838 ΑΛΗΘΟΤΣ
850 1800 1148 1848 ΙΣΤΟΡΙΑΣ)
1180 1799 1404 1852 Inscriptio
1417 1799 1548 1840 Scho-

81 1851 237 1891 liorum
268 1853 339 1892 hic
370 1868 513 1892 rursus
544 1864 629 1892 erat
656 1850 863 1905 α’ληθινῶν
895 1853 1174 1907 διηγημάτων·
1219 1856 1304 1897 vid.
1336 1856 1473 1909 princ.
1508 1863 1545 1899 1.

82 1909 215 1950 VER.
243 1910 390 1951 HIST.
419 1925 541 1964 quam
565 1910 729 1963 itaque,
756 1910 856 1963 quia
878 1910 990 1949 nihil
1008 1911 1060 1949 ad
1080 1926 1165 1951 rem
1186 1913 1314 1962 facit,
1348 1912 1393 1950 in
1415 1913 1549 1953 Scho-

80 1965 153 2005 liis
177 1965 315 2005 omisi.
355 1968 519 2006 Rmrz.

200 2022 301 2063 Ead.
329 2026 415 2067 1.9.
453 2021 718 2070 Ἀποθανεῒν)
749 2022 873 2061 Nihil
909 2037 1013 2076 opus
1045 2038 1131 2064 esse
1157 2029 1215 2081 τῷ
1244 2026 1389 2077 ἔμελλε,
1429 2025 1549 2079 quod

92 2076 226 2117 Vct-st.
257 2079 435 2134 ingerit,
467 2079 705 2119 attendenti
734 2078 918 2131 patebit:
965 2081 1067 2118 satis
1098 2081 1207 2120 enim
1245 2082 1462 2121 commode
1494 2081 1549 2121 ad

88 2135 300 2188 διέγνωμεν
316 2137 498 2175 refertur
518 2136 589 2174 hic
612 2135 869 2184 infinitivus,
904 2146 945 2174 et
970 2139 1035 2174 vel
1059 2137 1120 2174 sic
1139 2138 1387 2190 elegantius,
1421 2153 1547 2191 quam

87 2190 124 2228 si
148 2191 376 2246 quidquam
401 2191 594 2230 addatur.
654 2192 724 2231 Sic
746 2192 835 2230 fere
858 2192 1004 2232 Athen.
1032 2194 1103 2231 VI.
1127 2209 1164 2246 p.
1186 2199 1280 2237 246.
1306 2194 1352 2234 C.
1375 2194 1549 2248 Συμπό-

86 2264 157 2294 τας
189 2250 290 2299 φησὶ
318 2272 375 2279 —-
404 2247 659 2302 συνάγεσθαι
685 2249 723 2298 ἐξ
754 2244 914 2300 ἆπᾶσης
943 2253 1012 2299 τῆς
1039 2248 1212 2300 πόλεως,
1246 2248 1316 2299 οὓς
1343 2268 1549 2304 apog-ayo-

86 2301 278 2356 ρεύεσθαι
306 2302 541 2358 γελοιαστάς.
602 2306 668 2343 Ita
700 2314 743 2344 et
773 2304 938 2344 Sallust.
962 2306 1058 2357 Jug.
1090 2321 1180 2358 cap.
1202 2313 1358 2356 113‚3.
1389 2309 1548 2346 Dicitur

85 2375 212 2398 secum
235 2363 316 2413 ipse
335 2361 461 2399 multa
482 2364 708 2411 agitavisse,
741 2383 795 2391 —-·
827 2377 924 2414 quae
940 2362 1088 2401 scilicet
1108 2374 1257 2402 iacente
1275 2366 1371 2417 ipso,
1404 2363 1549 2403 occul—-

83 2426 127 2453 ia
145 2419 313 2469 pectoris
326 2419 565 2471 patefecisse.
624 2419 747 2455 Plura
771 2417 922 2457 addere
946 2419 986 2455 in
1012 2432 1055 2456 re
1079 2429 1180 2458 nota
1206 2434 1291 2457 non
1314 2420 1434 2459 libet.
1489 2423 1548 2458 At

83 2472 230 2525 potuit
257 2473 409 2512 Vorstii
431 2488 545 2511 mens
568 2474 720 2522 fuisse,
755 2476 905 2525 ἔμελλεν
926 2474 996 2512 hic
1016 2489 1091 2527 per
1110 2476 1279 2528 ellipsin
1305 2476 1547 2530 intelligen-

85 2526 209 2577 dum,
242 2529 307 2567 uti
337 2544 436 2568 mox
459 2532 612 2583 ἔμελλεν
632 2533 792 2572 ἔσεσθαι
817 2533 938 2583 plene
972 2532 1246 2579 enunciatur;
1281 2541 1455 2586 tumque
1476 2533 1550 2570 ni-

88 2582 154 2622 hil
177 2595 324 2623 contra
349 2585 457 2624 dico.
489 2588 651 2625 Ihzrrz.

203 2641 406 2693 Pag.275.
432 2646 510 2685 l.6.
544 2641 753 2695 Μεγάλαις
773 2644 935 2689 δοκοῖς)
967 2643 1096 2681 Hunc
1115 2645 1254 2682 locum
1278 2644 1321 2681 in
1345 2655 1548 2698 corrupto

92 2695 253 2735 Codice
283 2713 375 2736 cum
407 2699 576 2752 legisset
613 2701 783 2737 'l'lzomas
808 2700 1026 2749 gsllagister,
1060 2699 1230 2739 incaute
1261 2711 1428 2739 secutus
1460 2712 1547 2749 est,

87 2766 212 2806 quam
245 2753 334 2793 illic
372 2754 637 2805 inveniebat,
677 2755 940 2808 scripturam.
1009 2755 1159 2794 Nostri
1188 2755 1372 2797 Codices
1403 2772 1548 2797 omues
