1834 3188
370 193 431 224 m
468 191 752 223 chTHAM
789 190 896 221 suu
932 189 1252 222 Hosm'rEM.
1445 173 1546 224 529

198 289 301 330 Eacl.
319 293 350 331 1.
375 295 441 335 11.
463 289 604 344 ”Ηᾶη)
638 290 720 330 Καί
738 305 808 343 μοι
825 285 909 342 ἥδε.
967 288 1087 343 Lege
1110 286 1201 342 ἤδη.
1237 288 1414 330 GUYET.

197 347 349 390 Ead.1.
374 352 440 392 12.
468 344 656 401 ’'Edoga)
687 348 768 388 Καί
800 363 867 399 μοι
896 343 974 400 ἤδη
996 345 1230 399 πειρωμένῳ
1257 343 1301 387 τὸ
1323 342 1548 388 πολλοστόν

84 405 165 446 τῶν
184 401 416 458 προςὸντων
438 406 635 456 εἰρηκέναι
654 404 805 453 ἔδοξαν.
865 403 936 443 Sic
954 405 1082 457 leges.
1127 402 1269 456 Vulgo
1289 405 1396 442 male
1419 404 1547 455 ἔδοξα,

87 461 299 500 sententia
339 462 590 514 refragante.
656 459 709 498 Et
739 460 853 508 mihi,
893 462 980 514 jam
1011 469 1171 513 experto
1197 461 1272 498 vix
1299 458 1548 499 millesimam

82 527 258 570 partem,
289 533 388 573 quae
418 516 500 557 illis
529 519 683 563 insunt,
717 515 867 555 dixisse
892 518 968 555 visi
994 526 1106 566 sunt,
1138 529 1193 554 sc.
1223 512 1389 565 πάντες,
1421 519 1488 556 vel
1511 517 1554 558 οἷ

85 576 245 620 πολλοὶ,
286 574 358 629 qui
386 585 546 615 vestras
575 573 757 612 virtutes
788 571 1104 625 praedicabant.
1146 571 1323 611 GnAnv.
1393 570 1552 612 Graevii

87 630 429 671 emendationem
457 629 610 670 invitis
634 627 834 670 omnibus
862 628 1078 684 impressis
1102 638 1144 668 et
1171 629 1266 682 ipso
1285 629 1354 670 M.
1388 629 1550 670 Codice

88 685 135 724 in
151 697 315 727 textum
341 687 588 741 recepimus.
631 687 796 727 somn.
1263 688 1270 695 '

83 794 96 812 2
203 743 306 785 Ibid.
335 741 533 799 Ἀμβολᾶς
564 744 703 800 ἔργον)
736 743 898 798 Tangit
920 741 1036 783 hunc
1056 756 1222 783 versum
1245 741 1406 786 Heliocl.
1429 742 1484 784 L.
1506 747 1548 787 2.

140 817 187 856 W
307 858 398 900 Λίεὶ
421 853 459 899 δ’
481 854 753 913 εἷμβωλίεργος
774 852 879 910 οἷνήρ
902 854 1033 897 ἄταισι
1053 857 1222 898 παλαίει.

87 915 266 955 Boxum.
325 915 408 954 Pro
429 913 593 955 Heliod.
622 918 718 966 lege
741 915 787 952 in
816 922 920 952 nota
943 913 1097 953 Bourd.
1125 912 1295 953 Hesiocl.
1319 922 1361 952 et
1386 911 1471 952 vid.
1493 913 1552 951 il·-

87 974 176 1011 lum
202 970 247 1010 in
274 967 389 1026 Ἐργ.
420 973 484 1012 καὶ
514 968 585 1025 «ἧμ.
610 986 649 1012 ν.
672 976 767 1017 413.
827 969 915 1008 Ubi
948 983 1120 1024 quoque
1137 982 1390 1024 cognosces,
1424 965 1551 1023 (ἔμβο-

87 1030 264 1082 λίεργος,
298 1027 481 1068 secunda
503 1037 717 1082 correpta,
751 1025 1043 1075 scribendum3
1078 1026 1163 1065 nisi
1185 1026 1229 1066 id
1252 1041 1304 1067 ex
1325 1040 1450 1067 versu
1467 1030 1551 1081 jam

88 1094 244 1139 sponte
265 1084 429 1125 vidisti.
461 1085 624 1125 Rm‘rz.

201 1140 309 1182 Ibid.
341 1145 461 1190 Κεῖος
491 1140 597 1196 etc.)
627 1143 771 1181 Locus
802 1156 824 1180 a
857 1139 1116 1180 Bourdelotio
1148 1139 1385 1190 indicatus,
1417 1150 1481 1181 est
1512 1155 1551 1181 v.

88 1202 188 1242 411.
214 1193 329 1254 Ἐργ.
364 1197 548 1238 Hesiodi.
608 1198 689 1238 Sed
721 1199 850 1237 aliurn
885 1206 999 1237 certe
1023 1196 1200 1248 respicit
1219 1196 1450 1249 Lucianus‚·
1481 1207 1553 1236 aut

91 1255 310 1309 quomodo
331 1268 381 1294 ex
393 1255 572 1294 Ascraeo
593 1254 687 1295 Ceus
709 1256 847 1293 factus
859 1252 1076 1294 Hesiodus
1092 1253 1113 1293 ἲ
1143 1253 1316 1293 Deinde
1337 1253 1412 1292 ubi
1430 1255 1551 1308 ἕδρας

92 1320 175 1350 etc.
238 1309 371 1365 Cujus
406 1312 567 1364 itaque,
606 1312 795 1366 inquies,
825 1309 952 1350 verba
982 1309 1121 1350 haec?
1164 1309 1448 1364 Bacchylidis‚
1482 1313 1553 1350 cui

90 1366 341 1406 tribuuntur
372 1367 422 1405 ab
443 1367 649 1408 Athenaeo
668 1368 786 1410 XIV.
805 1382 847 1421 p.
869 1371 966 1411 631.
987 1366 1035 1406 C.
1064 1375 1106 1406 et
1137 1380 1160 1405 a
1190 1367 1355 1420 Dionys.
1375 1366 1477 1407 Hal.
1502 1365 1554 1405 de

91 1423 253 1463 struet.
276 1432 380 1463 orat.
398 1437 438 1476 p.
460 1428 558 1468 234.
579 1423 679 1464 edit.
698 1423 990 1478 Uptonianae.
1046 1422 1185 1465 Verba
1212 1423 1305 1477 ipsa
1327 1423 1555 1478 Bacchyli-

91 1478 155 1519 dis
171 1479 299 1521 h'abes
324 1478 437 1532 apud
464 1479 595 1534 Steph.
620 1481 725 1534 Lyr.
742 1495 784 1534 p.
802 1482 897 1525 570.

314 1532 400 1590 Οὐχ
422 1536 538 1590 ἕδρας
559 1538 697 1593 ἔργον,
731 1535 821 1579 οὐδ’
845 1533 1049 1592 ἆμβολᾱς,

307 1589 426 1634 'Ande
447 1597 719 1649 Χρυσαιγίδος
742 1591 927 1643 Ἰτωνίας

314 1647 407 1704 Χρὴ
437 1649 534 1704 παρ’
567 1650 803 1694 εὐδαίδαλον
833 1651 934 1694 ναὸν

307 1703 539 1756 Ἐλθόντας
556 1706 681 1762 ἁβρόν
700 1725 736 1750 τι
758 1711 892 1758 δεῖξαι.

93 1761 246 1802 Fuisse
269 1772 409 1802 autem
435 1762 549 1804 Ceum
568 1763 668 1804 inde
691 1764 883 1818 colligas,
906 1763 1023 1818 quod
1045 1762 1278 1805 Simonidis
1302 1760 1556 1817 ἀδελφιδοῦς,

96 1820 174 1875 qui
208 1819 323 1859 haud
348 1818 477 1860 dubie
500 1820 623 1863 Ceus,
682 1820 782 1862 vid.
804 1820 999 1860 Macrob.
1020 1835 1054 1860 c.
1075 1827 1143 1866 26.
1161 1830 1228 1869 et,
1258 1831 1309 1860 ut
1338 1821 1382 1859 id
1418 1821 1558 1861 obiter

94 1890 311 1927 moneam,
343 1875 630 1917 emendandus
655 1876 792 1916 Index
820 1887 1042 1916 auctorum
1065 1878 1115 1916 ab
1135 1877 1340 1918 Athenaeo
1360 1877 1559 1916 laudato-

93 1948 207 1984 rum,
240 1932 285 1972 in
311 1947 397 1987 quo
430 1948 516 1973 non
540 1934 584 1972 in
618 1948 725 1974 voce
746 1933 988 1982 Simonides,
1021 1933 1093 1972 sed
1119 1934 1161 1972 in
1185 1947 1289 1973 voce
1322 1932 1417 1973 Ceus
1439 1948 1560 1973 com-

95 1994 229 2044 patet.
289 1991 487 2030 Testatur
507 2000 647 2030 autem
669 1990 826 2031 diserte
852 1990 996 2029 Strabo
1020 1990 1120 2031 Lib.
1144 1990 1196 2031 X.
1214 1988 1291 2028 ubi
1311 1989 1362 2029 de
1387 1989 1473 2029 Ceo
1494 1991 1560 2028 in·

96 2048 190 2085 sula
213 2046 316 2100 agit.
378 2046 615 2087 Plutarchus
639 2047 790 2097 etiam,
817 2047 1042 2097 ‘Aelianus‚
1076 2047 1295 2101 Stephanus
1319 2046 1485 2100 Byzanl.
1518 2055 1558 2085 et

98 2102 186 2145 alii.
244 2103 312 2143 Ne
340 2116 441 2158 ergo
473 2103 615 2143 credas
646 2103 732 2146 Lil.
769 2103 944 2159 Gyralclo
972 2104 1182 2144 Boeotum
1213 2103 1413 2152 facienti,
1444 2117 1559 2155 prae-

98 2158 241 2198 sertim
273 2173 368 2198 cum
406 2159 516 2212 apud
541 2160 749 2200 Lutatium
774 2161 866 2201 sive
885 2161 1143 2200 Lactantium
1174 2158 1226 2199 ad
1249 2159 1441 2207 Statium,
1475 2173 1558 2213 quo

99 2225 272 2256 auctore
299 2214 344 2253 id
375 2217 574 2267 asseruit,
615 2217 726 2256 nihil
766 2220 871 2264 tale,
913 2227 1019 2257 teste
1051 2218 1258 2265 Fabricio,
1300 2215 1558 2264 inveniatur,

99 2274 222 2325 cujus
255 2270 342 2312 vid.
370 2271 578 2311 Biblioth.
616 2274 686 2315 Gr.
708 2277 803 2318 551.
863 2274 914 2314 In
942 2273 1227 2313 Collectaneis
1255 2271 1416 2322 Galwi,
1449 2273 1560 2309 Ana-

102 2329 292 2376 creonti,
337 2327 408 2367 sed
452 2328 584 2378 falso,
618 2329 868 2369 tribuuntur
907 2330 1012 2369 haec
1040 2329 1181 2370 verba.
1225 2329 1390 2368 SOLAN.
1458 2328 1559 2366 Non

103 2385 343 2425 Simonidem
366 2383 438 2422 hic
458 2384 648 2434 laudari,
674 2386 787 2438 quod
806 2386 853 2425 F.
883 2387 1023 2426 Ursino
1046 2386 1183 2425 visum
1203 2394 1312 2436 erat,
1332 2383 1404 2424 sed
1428 2384 1558 2424 Ceum

102 2445 300 2489 alterum,
330 2440 609 2495 Bacchylidem
626 2473 635 2490 ‚
663 2457 720 2482 ex
748 2441 962 2482 Colomesio
984 2441 1035 2481 ad
1051 2442 1282 2494 Gyraldum
1303 2456 1344 2493 p.
1369 2445 1464 2484 463.
1490 2440 1560 2479 ob-

104 2509 244 2538 servat
271 2498 470 2536 Fabricius
494 2497 601 2536 Bibl.
630 2499 701 2537 Gr.
727 2504 776 2542 2.
801 2502 866 2543 15.
899 2514 940 2551 p.
965 2503 1060 2543 594.
1095 2499 1231 2539 Gnsx.
1293 2497 1389 2539 Vid,
1421 2499 1558 2550 Upton.

108 2564 149 2594 et
168 2554 369 2613 Schatfer.
393 2553 444 2592 ad
465 2553 628 2608 Dionys.
647 2555 786 2596 Halic.
805 2558 834 2594 1.
856 2570 889 2594 e.
913 2571 953 2608 p.
977 2560 1070 2598 400.
1094 2555 1158 2595 ed.
1179 2555 1298 2609 Lips.
1346 2555 1500 2594 mem.

153 2792 298 2823 Luc-ian.
329 2791 405 2824 Vol.
437 2795 498 2827 JV,
1214 2781 1283 2819 Ll
