1834 3188
306 226 407 275 674
668 235 1425 267 ADNoTA'ronEs

308 335 521 379 Scholiast
549 334 632 386 ait,
664 332 715 372 ab
739 332 970 372 Atticismo
989 340 1181 372 nostrum
1204 332 1450 382 recessisse,
1484 332 1656 388 quando
1687 333 1770 373 hoc

307 394 481 436 veibum
505 406 599 430 cum
622 391 867 430 accusativo
891 390 1127 437 construit,
1161 404 1238 430 nec
1259 389 1308 428 hi
1333 390 1443 428 enim
1468 389 1681 443 duplicem
1704 404 1772 457 ge·

310 451 496 490 nitivum
528 461 690 501 semper
716 446 933 486 adhibent.
993 447 1107 485 Ecce
1140 446 1363 514 Thucydid.
1393 446 1467 489 VI
1494 462 1530 487 c
1556 452 1624 491 61.
1659 442 1770 488 Οῐὸ’

307 505 523 560 Ἀθηναῖοι
554 504 678 560 ἐρήμῃ
712 506 803 557 δίκῃ
826 501 1010 545 θάνατον
1025 504 1276 572 κατέγνωσαν
1297 498 1423 545 αὐτοῦ
1437 520 1478 545 τε
1496 505 1563 545 καὶ
1582 508 1660 545 τῶν
1681 500 1766 555 μετ’

311 566 481 606 ἐκείνου.
542 548 806 614 Ανίεἰορῆαη
828 561 1120 614 Eq.v.1357
1152 558 1278 612 Εἰμη
1305 557 1606 615 καταγνώσεσθε
1624 558 1772 612 ταύτην

309 638 386 674 την
405 623 533 672 δίκην.
596 616 724 671 Quod
746 626 886 656 tamen
913 625 955 655 et
978 616 1290 655 condemnandi
1316 616 1494 657 notione
1518 615 1770 670 capiendum

312 678 376 716 ibi
397 675 654 715 Scholiastes
675 683 842 720 monet,
883 671 927 710 id
950 686 1192 726 exponens.
1238 675 1295 713 Εἰ
1324 672 1378 726 μὴ
1409 678 1674 727 κατακρινεῖτε
1703 673 1775 713 καὶ

311 729 606 776 καταδικάσετε
665 730 789 768 Plura
822 730 909 784 Sic
902 729 950 771 k.
980 744 1031 769 ex
1050 730 1252 772 Demosth.
1277 730 1459 783 aliisque
1486 729 1531 767 in
1550 729 1679 769 Thes.
1703 742 1779 782 ap-

313 789 439 844 pend.
460 790 508 826 T.
529 788 564 829 I.
588 801 630 840 p.
653 790 774 830 1854.
834 786 917 825 Sed
940 787 974 824 si
997 786 1109 840 apud
1130 787 1300 828 Lucian
1321 801 1400 839 pro
1425 786 1610 839 simplici
1633 800 1777 839 cogno-

314 862 381 887 sco
403 844 593 897 accipere
615 843 748 892 velis,
780 842 901 882 licet:
935 857 1028 881 nam
1053 852 1094 882 et
1115 844 1177 881 sic
1200 843 1288 881 fele
1307 843 1515 896 Aristoph.
1543 844 1623 895 Eq.
1644 856 1682 883 v.
1705 845 1774 885 46.

313 897 440 951 Οιῖτος
459 901 683 955 καταγνούς
704 905 775 940 τοῦ
798 901 984 954 γέροντος
1001 898 1096 948 τούς
1121 899 1312 952 τρόπους.
1382 900 1478 938 Etsi
1503 901 1648 952 paullo
1680 901 1777 952 plus

313 963 478 1008 valeat,
512 972 634 1026 quam
654 956 855 1010 simplex,
887 965 935 994 ut
962 957 1117 995 Bisctus
1142 956 1204 993 ibi
1232 965 1397 1005 monet,
1432 955 1601 997 dicens:
1637 960 1778 996 Κατα-

314 1033 461 1092 γνουςῒ
491 1012 718 1068 θεωρησας.
778 1011 939 1066 περιττὴ
961 1030 985 1065 η
1005 1012 1126 1063 κατὰ,
1159 1010 1247 1054 οἷον
1262 1010 1508 1066 καταμαθων
1539 1013 1607 1067 καὶ
1637 1013 1777 1054 αἰσθό-

315 1084 457 1127 μενος
487 1069 590 1125 πρὸς
609 1072 780 1124 ἔμφασιν
803 1070 845 1111 δὲ
863 1071 1027 1111 πλείονα
1049 1068 1132 1111 εἶπε
1153 1074 1226 1110 τοῦ
1244 1068 1388 1122 μαθών
1412 1078 1492 1107 etc.
1524 1082 1631 1122 quae
1660 1067 1776 1122 apud

316 1143 410 1169 eum
430 1128 487 1166 sis
508 1126 619 1167 vide.
652 1128 814 1166 Rssrrz.
873 1126 975 1165 Non
1001 1127 1246 1165 meminerat
1261 1125 1439 1164 Reitzius
1463 1124 1668 1163 similium
1694 1125 1780 1163 Lu-

314 1202 422 1226 οιαηι
438 1187 653 1224 locorum
688 1183 853 1235 Catapl
879 1197 914 1221 c.
940 1186 981 1225 5.
1012 1181 1227 1235 ὀλιγωρίεν
1250 1181 1279 1234 ἤ
1311 1185 1359 1233 δη
1389 1186 1461 1223 τοῦ
1483 1178 1637 1234 Ἑρμοῦ
1662 1197 1778 1222 κατε-

313 1240 610 1297 γιγνώσκομεν,
655 1249 696 1279 et
733 1238 888 1293 Quom·
918 1239 1034 1278 HiSt·
1064 1239 1236 1277 Conscr-
1271 1253 1305 1276 0·
1329 1243 1394 1282 26
1419 1235 1539 1279 ταλλα
1565 1237 1637 1290 μὲν
1658 1233 1782 1279 αυτοῦ

314 1300 640 1353 κατεγίγνωσκον.
702 1296 771 1334 Sic
790 1311 875 1334 non
900 1310 1008 1349 opus
1030 1296 1186 1334 fuisset
1207 1295 1286 1334 hac
1307 1309 1415 1349 vaga
1435 1308 1566 1348 vagae
1585 1293 1780 1334 observa-

313 1355 448 1395 tionis
468 1353 933 1394 refutatione.L1211M.

428 1433 532 1473 Eacl.
553 1436 581 1473 1.
604 1435 644 1475 5-
680 1429 942 1484 Ζηνόδοτον)
981 1431 1242 1471 Aristarchus
1271 1430 1533 1470 notissimus.
1594 1429 1784 1471 Zenodo-

315 1502 378 1531 ius
392 1489 693 1530 Bibliothecae
711 1488 1028 1527 Alexandrinae
1051 1488 1213 1542 primus
1230 1488 1433 1541 praefuit.
1467 1486 1580 1526 Suid.
1612 1489 1780 1528 SOLAN.

428 1579 528 1619 Ead.
556 1582 585 1619 l.
608 1583 646 1622 7.
693 1576 912 1630 Μήνιόος)
963 1579 1183 1617 Immerito
1221 1576 1294 1616 hio
1323 1576 1540 1615 Homerum
1575 1577 1777 1630 sugillat,

316 1635 433 1692 quod
456 1639 558 1675 iram
581 1634 761 1674 Achillis
778 1635 950 1673 initium
971 1649 1047 1673 suo
1081 1633 1269 1686 poemati
1294 1633 1469 1672 fecerit:
1503 1635 1639 1686 palam
1663 1633 1776 1672 enim

314 1704 378 1733 est
396 1691 529 1731 Iliada
553 1691 736 1744 legenti,
770 1705 859 1730 eam
882 1705 968 1731 rem
992 1691 1036 1728 in
1063 1699 1156 1729 toto
1181 1694 1376 1742 poemate
1397 1689 1485 1743 agi,
1527 1698 1574 1727 ut
1594 1688 1778 1727 rectissi-

312 1765 380 1789 me
409 1748 454 1786 id
482 1757 749 1801 atgumenium
781 1761 870 1786 esse
903 1746 1075 1786 dixeris.
1137 1745 1267 1799 Quod
1304 1759 1392 1784 non
1428 1745 1720 1799 intelligentes
1756 1760 1780 1785 e

316 1805 475 1844 nostris
500 1803 671 1857 quidam
697 1803 884 1855 imperiti
907 1813 948 1842 et
967 1803 1133 1841 barbati
1164 1815 1337 1855 prorsus
1370 1800 1564 1841 homines
1585 1800 1781 1867 Rlzapso—

316 1862 407 1901 dias
426 1875 518 1898 cum
544 1858 728 1898 audium
753 1859 945 1913 antiquis
967 1859 1082 1899 dicta
1105 1859 1272 1898 Homeri
1301 1862 1520 1911 poemata,
1563 1872 1643 1896 nec
1675 1855 1779 1912 quid

315 1931 364 1957 ea
388 1931 471 1955 vox
494 1916 573 1964 sit,
607 1915 691 1953 nisi
713 1930 765 1954 ex
785 1919 1013 1955 vernaculo
1039 1915 1244 1953 idiomate
1268 1915 1436 1968 assequi
1458 1917 1671 1961 valentes,
1703 1928 1781 1953 va-

314 1975 378 2013 ria
398 1972 482 2011 sibi
507 1971 675 2025 fingunt
696 1981 736 2009 et
759 1971 964 2011 dissoluta
993 1972 1204 2021 carmina,
1238 1974 1358 2009 nullo
1381 1970 1566 2009 consilio
1588 1970 1780 2023 judicio·

315 2044 367 2070 ve
388 2044 409 2067 a
433 2042 557 2068 caeco
583 2027 882 2067 mendicabulo
911 2038 1065 2068 temere
1084 2027 1237 2077 effusa,
1271 2027 1315 2064 in
1338 2041 1469 2064 unum
1489 2025 1658 2066 tandem
1688 2041 1779 2066 cor·
1833 2032 1834 2079 ᾗ

313 2100 396 2139 pus
418 2083 729 2134 consarcinata,
765 2094 838 2122 aut
870 2086 1018 2138 potius
1040 2099 1061 2122 a
1095 2084 1228 2122 fatuis
1258 2082 1504 2122 hominibus
1538 2092 1579 2122 et
1606 2097 1778 2136 prorsus
1833 2082 1834 2123 ἕ

313 2141 494 2180 rudibus
514 2143 711 2189 collecta,
741 2143 882 2194 po'c'ma
912 2143 1106 2180 heroicum
1126 2155 1240 2179 nunc
1258 2139 1418 2178 audire.
1478 2138 1589 2191 Qui,
1623 2140 1660 2177 si
1682 2153 1777 2178 cum

313 2198 498 2238 Luciano
520 2196 623 2235 haec
644 2198 839 2236 ludentes
860 2197 1104 2237 effutirent.
1139 2197 1263 2236 venia
1296 2197 1441 2234 folsan
1470 2194 1591 2250 digni
1623 2205 1778 2248 putan-

316 2254 360 2292 di
380 2255 478 2292 sint.
537 2254 595 2291 At
617 2252 726 2291 serio
749 2252 791 2291 id
816 2264 968 2307 agunt,
1007 2264 1057 2292 ut
1075 2267 1180 2308 quae
1199 2253 1282 2305 ipsi
1301 2266 1400 2305 prae
1422 2251 1656 2304 imperitia,
1689 2252 1775 2290 nisi

313 2311 475 2349 Latine
497 2324 637 2358 versa,
671 2309 912 2364 intelligere
936 2325 1021 2349 non
1052 2319 1255 2363 possunt,
1298 2308 1392 2347 aliis
1426 2308 1660 2346 contemtui
1690 2308 1778 2346 sint

314 2376 358 2405 et
381 2365 631 2407 deridiculo.
663 2366 828 2404 Horum
851 2380 930 2420 ego
952 2367 1228 2406 temeritatem
1257 2364 1583 2417 audaciamque,
1617 2374 1659 2403 et
1680 2367 1776 2417 pul-

313 2422 614 2463 cherrimarum
654 2436 790 2461 rerum
826 2422 1138 2476 ignorationem
1172 2435 1398 2471 summam,
1449 2435 1543 2459 cum
1572 2422 1633 2458 sui
1657 2419 1777 2459 seculi

314 2492 572 2533 suarumque
593 2492 730 2517 rerum
754 2477 1035 2519 admiratione
1065 2481 1358 2531 conjunctam,
1390 2476 1576 2516 Boilaeis
1610 2489 1778 2528 compe·

315 2535 512 2574 scendam
538 2534 923 2589 exagitandamque
943 2536 1156 2588 relinquo
1197 2534 1365 2573 SOLAN.
1425 2533 1525 2572 Non
1559 2531 1777 2571 PIomer-um

317 2591 494 2645 sugillat
513 2590 553 2633 h
573 2593 599 2632 1.
618 2601 790 2639 auctor,
823 2591 896 2629 sed
917 2606 1048 2631 vanos
1066 2605 1166 2629 suae
1185 2591 1336 2630 aetatis
1357 2589 1555 2636 Criticos‚
1587 2588 1661 2650 qui
1683 2591 1774 2640 ejus

319 2647 486 2699 generis
508 2648 778 2701 quaestiones
801 2661 901 2699 prae
924 2648 1056 2686 nimio
1079 2648 1246 2686 Homeri
1268 2649 1399 2692 cultu,
1432 2643 1506 2698 qui
1528 2643 1572 2680 in
1596 2643 1775 2707 singulis

318 2701 498 2740 vocibus
517 2717 708 2742 arcanam
731 2702 938 2757 quandam
959 2703 1213 2754 sapientiam
1232 2702 1468 2749 divinaret,
1500 2700 1775 2752 proposuisse

318 2755 533 2798 videntur.
589 2759 706 2799 Haec
724 2760 866 2800 eadem
891 2769 953 2800 est
980 2759 1194 2800 Wielandii
1212 2758 1436 2799 sententia.
1467 2755 1626 2795 Lnum.
