1834 3188
341 175 391 205 m
428 172 665 212 Quonono
701 171 934 203 msronm
971 172 1046 203 srr
1083 173 1279 207 con-sen.
1438 161 1533 210 591

88 271 285 310 faciliora
316 280 463 321 erunt,
495 285 602 326 quae
625 278 872 324 sequuntur.
930 270 1094 324 Nempe
1114 271 1174 310 ita
1190 273 1391 313 Arrianus
1408 288 1448 327 p.
1469 280 1536 320 63,

88 331 248 383 Πλαγία
268 328 338 381 μὲν
369 327 522 383 φάλαγξ
551 329 657 369 ἐστὶν
683 323 709 380 ἡ
732 325 776 368 τὸ
805 331 936 380 μῆκος
963 332 1038 368 τοῦ
1056 325 1216 382 βάθους
1242 329 1539 387 πολλαπλάσιον

88 386 234 438 ἔχουσα
247 397 256 406 ·
289 382 412 439 ὀρθία
430 385 470 426 δὲ
489 383 584 426 ὅταν
604 384 666 426 ἐπὶ
687 383 806 435 κέρας
824 380 1059 437 πορεύηται,
1093 382 1196 426 οὕτω
1217 383 1255 427 δ’
1275 387 1326 428 αὖ
1344 385 1384 429 td
1408 387 1539 440 βάθος

85 440 158 482 τοῦ
195 439 351 494 μήκους
390 438 685 482 πολλαπλάσιον
722 441 938 493 παρέχεται.
1003 440 1176 495 Obliqua
1203 442 1293 481 sive
1319 454 1538 483 transversa

86 511 215 551 porro
236 500 337 537 acics
359 498 448 537 sive
469 514 604 551 agmen
630 505 713 545 est,
748 511 840 534 cum
862 499 902 535 in
917 497 1096 553 flentem
1117 497 1331 537 ducuntur
1359 501 1538 541 milites:

85 565 209 603 recta,
245 568 337 592 cum
361 557 401 592 in
422 570 552 594 cornu,
611 553 750 607 Igitur
774 552 818 590 in
842 564 1057 592 transverso
1079 557 1231 607 agmine
1254 559 1393 606 plures
1409 560 1539 610 longe

86 609 273 649 adversis
296 610 511 648 frontibus
535 609 661 648 simul
682 623 929 649 concurrere
952 621 1153 663 possunt,
1186 610 1258 650 sed
1279 613 1491 664 parciores
1514 628 1538 651 a

83 675 204 720 tergo
224 665 395 715 habent,
409 667 482 718 qui
505 666 547 704 in
567 665 702 718 prima
726 665 815 703 acie
834 674 1049 719 pugnant:
1081 665 1125 704 in
1147 678 1249 707 recto
1269 671 1422 721 agmine
1439 684 1539 708 con-

83 723 212 760 traria
236 722 400 762 omnia:
434 723 653 774 pauciores
677 722 802 759 simul
826 731 1107 768 concurrunt,
1139 726 1280 776 plures
1305 725 1385 762 sibi
1411 740 1432 764 a
1457 736 1541 765 ter·

83 792 137 831 go
162 787 342 831 possunt
362 777 597 817 succedere.
659 777 744 816 Hic
760 778 965 828 scriptor,
999 792 1120 831 quem
1145 780 1416 831 reprehendit
1437 782 1539 820 Lu·-

83 834 254 883 cianus,
288 835 459 872 miscuit
488 834 654 882 omnia,
687 843 728 872 et
761 844 1017 873 transversum
1046 850 1183 887 agmen
1213 834 1326 875 dixit
1357 840 1398 876 in
1417 854 1538 877 cornu

82 889 194 939 eluci,
229 889 366 939 (unde
389 901 530 929 rectum
554 890 698 942 potius
722 906 857 943 agmen
878 890 1040 940 oritur)
1063 905 1139 943 pro
1162 906 1237 941 eo,
1270 893 1383 945 quod
1408 894 1538 933 debe-

78 945 149 983 bat
173 946 332 996 dicere,
365 948 405 984 in
419 945 613 1002 flentem.
675 946 720 986 Si
744 946 813 983 cui
833 946 936 984 haec
957 949 1135 998 abrupta
1163 948 1288 985 nimis
1312 949 1538 989 videantur

79 1011 152 1040 aut
185 1001 382 1042 obscura:
423 1011 465 1041 at
497 1003 569 1041 ille
603 1002 648 1040 in
686 1015 830 1039 manus
867 1011 1003 1040 sumat
1023 1004 1267 1053 Arrianum,
1301 1019 1436 1059 neque
1460 1005 1540 1044 du-

77 1058 194 1096 bium
218 1057 450 1112 quidquam
470 1059 509 1098 ei
532 1058 807 1112 relinquetur.
840 1058 976 1099 Gnsx.
1036 1059 1232 1099 Aelianus
1250 1060 1300 1100 de
1325 1062 1539 1101 instruen-

81 1114 146 1153 dis
170 1114 337 1153 aciebus
357 1120 506 1166 p.263.
532 1115 602 1164 (in
625 1115 728 1154 edit.
749 1115 920 1167 vegetii
943 1114 1086 1170 Lugd.
1110 1117 1206 1155 Bat.
1230 1115 1380 1172 1692.)
1400 1129 1538 1157 trans—

77 1186 187 1209 versa
218 1174 417 1224 (πλαγία)
450 1182 503 1210 est
527 1170 731 1224 phalanoe‚
765 1183 872 1222 quae
904 1170 1179 1225 longitudine
1200 1177 1333 1212 multo
1354 1175 1537 1227 produc-

78 1227 188 1266 tiore
219 1236 409 1277 constat‚
456 1241 580 1280 quam
613 1225 864 1273 altitudine3
912 1239 1066 1267 arrecta
1095 1225 1270 1283 (ὀρθία)
1305 1240 1391 1282 est,
1431 1245 1537 1286 quae

77 1298 152 1336 per
190 1297 322 1323 cornu
360 1282 652 1336 progreditur,
691 1286 820 1336 longe
859 1283 1134 1335 productiore
1172 1285 1400 1326 altitudine
1436 1302 1538 1326 con-

78 1350 204 1388 stans,
218 1354 341 1392 quam
363 1338 661 1393 longitudine3
692 1339 950 1393 omninoque
973 1344 1068 1393 plus
1089 1341 1393 1395 longitudinis,
1412 1357 1537 1397 quam

79 1396 321 1434 altitudinis
342 1394 514 1433 habeat:
546 1394 756 1448 oblongum
774 1394 818 1433 id
839 1397 1136 1436 consuevimus
1157 1399 1388 1441 nominare.
1446 1400 1538 1440 Ar-

77 1463 222 1491 rectum
244 1465 344 1491 vero
379 1451 585 1500 edirecto,
618 1450 733 1506 quod
767 1454 862 1504 plus
895 1452 1161 1504 altitudinis,
1195 1468 1318 1507 quam
1346 1456 1538 1510 longitu-

78 1507 190 1546 dinis
222 1507 397 1547 habeat:
430 1508 629 1560 quocirca
660 1507 912 1560 phalangem
947 1523 1120 1563 quoque
1147 1510 1416 1563 interpretari
1434 1512 1538 1551 licet

75 1564 144 1602 his
176 1563 331 1603 eisdem
364 1563 624 1605 nominibus,
690 1562 864 1617 Obliqua
894 1565 1104 1615 (fortasse
1122 1564 1236 1617 λοξὴ,
1270 1581 1355 1605 non
1377 1571 1534 1622 πλαγία.

80 1621 136 1660 cf.
162 1618 387 1660 Onosandri
406 1619 729 1673 Strategeticurn
752 1634 785 1658 c.
808 1625 876 1662 21.
901 1635 943 1674 p.
966 1626 1032 1665 36.
1054 1636 1108 1661 ex
1132 1621 1303 1661 officina
1329 1623 1534 1662 Commel.

80 1681 200 1719 1600.
224 1678 293 1726 4.)
325 1684 406 1725 est,
440 1690 546 1728 quae
574 1679 749 1715 alterurn
780 1690 937 1724 cornu,
980 1676 1093 1732 quod
1127 1678 1327 1730 libuerit,
1360 1681 1538 1733 propin·

79 1747 208 1786 quum
243 1732 450 1784 objiciens
478 1731 694 1781 hostibus,
737 1746 873 1784 eoque
904 1731 1149 1784 decertans,
1193 1738 1370 1774 alterum
1402 1749 1537 1775 semo-

76 1789 161 1827 tius
187 1797 349 1837 teneat‚
380 1801 550 1826 manens
570 1785 845 1841 aggrediendi
869 1790 1249 1841 opportunitatem.
1281 1792 1403 1830 Run.

191 1844 297 1884 Ibid.
327 1840 529 1897 Ὀρθίαν)
561 1844 721 1882 Deerat
742 1842 845 1883 haec
863 1858 952 1882 vox
974 1845 1018 1882 in
1038 1846 1234 1884 omnibus
1255 1843 1465 1899 vulgatis,
1495 1857 1537 1887 et

79 1901 123 1940 in
144 1901 238 1954 ipso
261 1901 326 1940 M.
345 1914 432 1939 non
454 1900 546 1938 sine
568 1913 729 1937 summo
755 1900 990 1940 sententiae
1013 1899 1253 1954 dispendio,
1313 1904 1536 1956 Reposui-

78 1972 171 1996 mus
205 1951 347 2011 itaque
377 1971 429 1995 ex
462 1955 542 1993 Ed.
575 1955 613 1994 J.
675 1954 790 2007 Quid
810 1954 866 1994 sit
889 1967 1032 1994 autem
1065 1954 1189 2010 ὀρθία
1220 1957 1396 2014 φάλαγξ,
1430 1959 1537 2013 quid

76 2015 242 2067 πλαγία,
276 2027 328 2051 ex
348 2012 534 2051 Tacticis
561 2011 828 2064 petendum„
854 2012 905 2051 V.
930 2012 1034 2052 Pon.
1092 2015 1164 2053 De
1197 2016 1260 2056 ἐπὶ
1290 2017 1415 2069 κέρως
1437 2016 1536 2055 vide

80 2069 256 2124 Thucytl.
283 2069 348 2116 11,
376 2073 442 2111 90.
475 2069 642 2109 SOLAN.
703 2068 810 2106 Cum
838 2067 947 2107 illud
982 2066 1129 2122 ὀρθίαν
1161 2085 1213 2110 ex
1232 2071 1338 2114 Junt.
1360 2073 1537 2111 admise-

78 2126 180 2174 rim,
225 2124 341 2178 quod
378 2138 522 2164 sensus
562 2123 824 2176 postulabat,
868 2126 1106 2166 necessario
1138 2127 1263 2166 etiam
1297 2128 1535 2168 versionem

82 2181 257 2232 Gesneri,
292 2195 398 2234 quae
424 2179 476 2218 ad
501 2182 715 2232 vulgatam
745 2180 858 2220 facta
885 2190 995 2230 erat,
1028 2183 1202 2223 mutavi.
1263 2183 1309 2223 Id
1331 2185 1365 2222 si
1389 2197 1536 2236 pecca·

78 2247 168 2276 tum
196 2246 280 2286 est,
311 2235 418 2275 mihi
450 2234 727 2277 adscribatur.
756 2236 918 2274 RmTz.
975 2238 1118 2277 Etiam
1153 2239 1246 2278 sine
1276 2239 1352 2278 illo
1386 2237 1535 2292 ὀρθίαν

78 2293 225 2347 (quod
255 2294 366 2332 forte
398 2291 624 2332 correctori
659 2291 842 2330 chnrinae
868 2291 1068 2350 debetur)
1097 2309 1244 2334 sensus
1272 2295 1531 2344 absolvitur,

81 2359 124 2389 et
143 2349 311 2405 quidem
331 2348 594 2402 aliquantum
616 2347 804 2401 argutius
819 2377 831 2396 ‚
865 2348 978 2402 quod
998 2348 1180 2393 brevius.
1224 2350 1434 2405 Obliquum
1454 2368 1534 2404 ag-

79 2423 189 2452 men,
221 2415 263 2446 et
292 2415 431 2443 tamen
463 2402 573 2441 idem
604 2403 647 2439 in
679 2418 799 2441 cornu
826 2402 963 2443 ducere
996 2404 1108 2444 dixit
1132 2407 1301 2459 ineptus
1334 2407 1530 2460 scriptor,

80 2476 188 2515 quae
213 2468 465 2515 repugnant,
488 2473 581 2497 cum
601 2458 828 2513 infr-onum
849 2459 1074 2500 dicendum
1096 2473 1217 2502 esset.
1251 2463 1386 2504 Gnsn.
1427 2463 1531 2502 Non

81 2518 309 2557 correctori
337 2516 520 2555 Juntinae
552 2513 695 2553 deberi
723 2511 892 2566 ὀρθίαν,
926 2525 973 2554 ut
1002 2517 1189 2557 Gesnerus
1221 2519 1426 2571 conjecit,
1458 2516 1532 2557 sed

81 2573 253 2613 aliunde
280 2572 514 2612 desumtum
547 2583 658 2619 esse,
691 2568 790 2608 inde
820 2579 960 2623 patet,
994 2573 1110 2624 quod
1143 2583 1184 2613 et
1205 2575 1254 2613 A.
1273 2579 1312 2618 2.
1333 2588 1421 2614 eam
1449 2589 1532 2614 vo..

81 2642 168 2666 cem
194 2629 342 2680 habet,
374 2642 425 2667 ex
456 2641 537 2681 qua
571 2625 762 2664 editione
791 2629 943 2665 multas
974 2627 1101 2666 etiam
1131 2629 1232 2668 alias
1255 2631 1459 2670 lectiones
1484 2631 1531 2668 iu

80 2683 284 2726 Juntinam
314 2683 530 2725 transiisse
557 2690 734 2722 constat.
794 2682 885 2722 Jam
909 2695 1061 2736 quum,
1092 2684 1273 2726 admissa
1300 2685 1380 2727 hac
1408 2699 1528 2737 voce,
