1834 3188
343 232 394 262 m
433 228 670 268 Qvomono
705 227 941 261 ursa-Onu
977 229 1055 262 err
1091 231 1290 262 consen.
1452 219 1551 267 633

86 328 256 370 ter-sucht
271 327 353 368 und
367 328 608 368 entschieden
627 326 771 375 wiirde.
800 345 877 368 wer
895 329 986 369 Lob
1001 329 1096 370 oder
1119 329 1252 370 Tadel
1271 328 1446 369 verdiene
1470 340 1550 373 etc.

84 387 137 427 Id
162 396 247 435 est,
279 385 396 425 deest
428 384 494 423 his
525 383 844 424 laudationibus
879 395 919 426 et
950 387 1350 452 reprehensionibus
1377 386 1551 439 publica

85 453 130 484 et
149 442 364 496 judicialis
400 441 648 481 auctoritas.
710 442 808 481 Hoc
841 452 980 482 autem
1004 445 1142 496 ipsum
1167 444 1294 483 etiam
1319 444 1364 481 in
1394 442 1552 483 Gesneri

85 499 282 540 versione
308 509 349 538 et
371 498 660 551 explicatione
687 497 813 538 inest
872 500 1011 540 Modo
1042 501 1126 542 ἐπει
1157 515 1234 555 per
1255 500 1433 555 alioquin
1453 516 1552 539 rec-

85 557 172 595 tius
198 554 409 606 reddidit,
442 565 484 594 et
506 555 730 594 rectiorem
765 565 808 595 et
840 557 1145 597 accuratiorem
1169 567 1340 598 secutus
1365 567 1428 596 est
1452 571 1552 597 ver-

85 611 235 652 borum
260 611 605 659 distinctionem,
636 624 760 665 quam
781 622 822 651 et
841 627 944 667 ego,
978 615 1282 666 praeeuntibus
1303 615 1551 668 praesertim

83 671 308 709 nonnullis
331 667 441 708 Edd.
466 678 568 707 vett.
592 668 896 708 restituendam
919 669 1228 711 duxi.L1;111v1.

196 725 300 765 Ead.
336 728 362 768 l.
390 729 430 769 9.
480 723 735 779 Θεοπόμπω)
773 725 909 779 Atqui
943 727 1234 782 Theopompum
1263 727 1380 767 hunc
1411 728 1550 782 ipsum

82 782 231 823 Athen.
264 782 345 821 III.
372 797 415 834 p.
439 785 506 826 85.
528 782 578 821 A.
613 782 808 820 veritatis
841 793 1046 822 amantem
1080 785 1141 823 ait
1176 785 1334 835 fuisse,
1372 787 1552 850 ejusque

82 838 438 894 pervestigandae
471 837 616 877 studio
631 852 849 907 magnam
890 841 1099 893 pecuniae
1140 841 1224 880 vim
1259 842 1550 911 insumpsisse.

84 897 293 945 Μαθέτω,
326 896 499 964 inquit,
531 892 642 949 παρὰ
679 894 925 948 Θεοπόμπου
961 902 1034 938 τοῦ
1063 900 1169 939 Χίου
1201 894 1349 952 ἆνδρος
1379 896 1552 951 φιλαλή-

82 959 190 1001 θους
207 954 274 993 καὶ
295 949 420 994 πολλοὶ
441 967 619 1005 χρηματα
635 952 991 1001 καταναλώσαντος
1015 971 1071 1002 εις
1088 953 1160 1018 τῂν
1180 956 1269 1010 πεοὶ
1286 960 1354 1006 τῆς
1376 958 1553 1009 ἷστορίας

82 1011 255 1058 ἐξέτασιν
282 1006 442 1062 ἆκοιβῆ.
499 1009 560 1048 De
590 1011 772 1062 impensis
805 1010 1066 1076 Theopompi,
1109 1011 1254 1063 inquit
1273 1011 1324 1050 ad
1346 1011 1459 1050 hunc
1480 1016 1552 1051 lo-

83 1079 177 1104 cum
206 1064 372 1105 Casaub.
397 1081 475 1105 non
493 1076 595 1105 tacet
611 1066 731 1106 Dion.
751 1065 893 1107 Halic.
914 1069 955 1104 in
975 1070 1084 1121 epist.
1106 1067 1161 1105 ad
1180 1067 1317 1122 Pomp.
1360 1070 1420 1108 De
1442 1085 1551 1108 amo-

82 1139 122 1161 re
147 1124 321 1161 vet-itatis
344 1139 420 1162 non
445 1122 602 1171 desunt,
636 1125 704 1177 qui
723 1122 960 1176 obstrepant.
1017 1125 1202 1165 Athen.
1187 1142 1268 1177 ipse
1288 1124 1311 1165 Ζ,
1339 1130 1378 1169 6.
1404 1129 1555 1175 δὐςμε-

80 1179 271 1220 νέστατον
293 1178 488 1232 αρρεῖῖαἰ,
520 1195 662 1231 parum
684 1190 867 1218 constans
888 1180 974 1220 sibi.
1037 1180 1116 1219 Sed
1133 1183 1227 1235 quia
1246 1183 1412 1235 ingenua
1437 1182 1553 1221 liber-

80 1246 161 1273 tate
178 1237 276 1274 vitia
293 1235 491 1275 hominum
517 1236 788 1289 Theopompus
805 1247 1028 1290 carpserat,
1060 1237 1272 1276 muliorum
1299 1238 1392 1278 odia
1409 1241 1554 1278 veritas

80 1291 144 1330 illi
159 1303 381 1344 paraverat.
442 1292 581 1346 Itaque
600 1291 807 1345 βάσκανον
826 1303 868 1331 et
888 1292 1056 1332 aliorum
1083 1294 1291 1333 virtutibus
1319 1295 1553 1334 invidentem

80 1348 196 1386 multi
218 1350 547 1401 pronuntiarunt,
589 1365 686 1403 quos
712 1348 855 1404 refellit
886 1351 1049 1404 Dionys.
1081 1350 1288 1389 Lucianus
1309 1362 1379 1391 etc.
1441 1352 1554 1391 Hinc

84 1405 413 1470 Theopompicum
434 1405 630 1445 scribendi
646 1422 768 1458 genus
796 1409 972 1444 nominat
997 1405 1151 1456 Cicero,
1187 1424 1274 1446 cum
1304 1407 1351 1446 cle
1374 1408 1554 1447 omnibus

81 1463 214 1500 omnia
235 1460 352 1500 libere
367 1461 507 1516 palam
528 1461 732 1511 dicuntur,
766 1462 820 1500 acl
841 1463 930 1502 Ait.
952 1462 1007 1505 II.
1068 1464 1139 1502 De
1164 1464 1406 1518 Theopompi
1428 1467 1554 1503 male-

83 1516 254 1556 dicendi
287 1519 508 1571 prurigine
538 1533 625 1557 uon
657 1518 861 1557 Lucianns
889 1522 1028 1564 solus,
1071 1518 1145 1559 sed
1176 1521 1298 1558 multi
1328 1521 1555 1574 conquesti

81 1582 182 1612 sunt
204 1573 288 1612 viri
307 1575 562 1638 gravissimi.
626 1573 822 1614 Ciceronis
849 1574 1056 1627 judicium
1079 1575 1300 1616 audivisti.
1360 1579 1476 1631 Lege
1496 1586 1556 1616 et-

83 1630 166 1668 iam
191 1629 306 1669 Corn.
331 1630 415 1684 Nep
421 1631 495 1668 ‚in
515 1630 730 1672 Alcibiad
755 1645 788 1672 c.
813 1637 875 1674 11.
897 1632 948 1670 V.
968 1642 1010 1671 et
1031 1631 1139 1672 Plut.
1168 1637 1290 1676 1570.
1314 1633 1345 1673 f.
1378 1633 1554 1674 SOLAN.

193 1647 438 1730 Ead.1.1p1.
473 1689 554 1730 Καὶ
574 1686 652 1740 μὴν
672 1684 764 1742 καὶ)
797 1688 882 1727 Hic
904 1688 1052 1741 potius
1080 1692 1348 1742 pleonasmus
1380 1693 1557 1744 elegan-

85 1742 171 1781 tiae
203 1753 287 1793 est,
319 1743 450 1792 (licet
482 1744 589 1782 alibi
621 1744 732 1783 illud
762 1744 892 1783 nimis
925 1745 1242 1798 frequentatum
1267 1747 1335 1787 καὶ
1364 1745 1556 1797 oderim)

85 1799 147 1837 'sic
168 1800 324 1838 etenim
351 1809 392 1838 et
415 1799 544 1854 Long.
567 1801 677 1841 Past.
700 1800 732 1840 I.
755 1815 850 1854 pag.
874 1806 942 1844 26.
964 1800 1047 1841 Ed.
1070 1802 1269 1854 Jungerm.
1295 1804 1361 1844 καὶ
1385 1801 1485 1859 ἅμα
1486 1804 1557 1845 καὶ

86 1851 185 1911 αυτῇ
219 1853 347 1909 ἠρέμα
377 1851 450 1897 {ine
455 1859 605 1912 φθέγγε
608 1873 664 1897 το.
731 1856 851 1895 Idem
882 1871 922 1910 p
943 1862 1010 1901 28
1042 1859 1109 1900 καὶ
1138 1862 1316 1912 λαβοῦσα
1341 1876 1407 1901 και
1435 1856 1557 1908 αὖθις

88 1914 146 1955 ἔν
134 1915 263 1966 ’βαλλε
282 1918 339 1970 τῷ
357 1909 506 1968 κόλπῳ.
566 1913 724 1953 Noster
752 1927 892 1966 supra
911 1927 1002 1967 cap.
1022 1919 1090 1958 37.
1123 1917 1189 1956 καὶ
1207 1913 1268 1967 νὴ]
1287 1917 1388 1964 Δία,
1420 1918 1556 1972 καὶίζέν

88 1972 351 2024 στοατοπέὸῳ.
414 1970 472 2008 Et
494 1985 527 2009 c.
547 1975 614 2014 46
639 1968 803 2022 καὶμὴν
824 1971 892 2011 καὶ
918 1969 1125 2023 συνθηκῃ·
1165 1982 1207 2010 et
1230 1973 1372 2011 Somn.
1397 1987 1485 2025 cap.
1513 1978 1553 2015 7.

87 2026 163 2064 ubi
180 2026 364 2064 similia'
353 2041 433 2080 jam
455 2028 625 2066 notavit
641 2026 863 2066 Hemstenk.
896 2027 954 2065 Et
975 2042 1062 2066 non
1087 2031 1216 2067 semel
1240 2028 1354 2070 alibi.
1385 2030 1552 2069 Rm'rz.

199 2082 302 2122 Ead.
328 2086 356 2122 l.
388 2088 451 2127 14.
491 2082 586 2134 Σὺ)
625 2083 695 2122 Sic
728 2082 808 2124 Ed.
843 2083 880 2122 J.
912 2084 964 2122 In
998 2084 1174 2138 reliquis
1194 2096 1255 2124 est
1275 2087 1347 2126 σοι’.
1381 2085 1555 2126 SOLAN.

87 2139 340 2194 Legendum
365 2154 477 2191 esse,
509 2155 595 2179 non
628 2142 691 2182 σοὶ
713 2138 751 2181 δ’
767 2170 779 2188 ,
810 2149 859 2178 ut
878 2143 1034 2180 lectum
1058 2151 1120 2179 est
1140 2141 1299 2190 adhuc,
1334 2141 1405 2181 sed
1427 2140 1474 2183 σύ
1497 2139 1554 2193 δ’,

89 2206 137 2235 ut
161 2197 272 2235 inter
305 2196 430 2235 retati
450 2211 616 2244 sumus,
653 2197 804 2246 facile,
838 2207 967 2249 puto,
1001 2197 1228 2239 constabit.
1262 2175 1399 2237 (ἕως.

201 2210 351 2322 ΕαίξῙ-
379 2256 442 2297 15-
478 2252 708 2307 Πολλάκις)
739 2253 931 2292 Notabat
954 2253 1126 2293 Solanus
1148 2264 1315 2305 noster,
1351 2255 1554 2293 Vct-stium

89 2312 227 2364 legere
248 2326 302 2356 ως
319 2305 532 2358 πολλακις,
569 2324 654 2348 non
676 2309 873 2362 imperite
894 2311 1114 2364 profecto,
1147 2310 1222 2349 ubi
1247 2321 1384 2350 cetera
1406 2312 1468 2349 sic
1489 2315 1555 2351 le-

92 2374 311 2420 gerentur,
344 2375 393 2404 ut
411 2366 455 2403 in
480 2366 517 2404 J.
541 2380 648 2419 quae
665 2365 857 2415 πολλάκις
873 2371 989 2408 τοῦτο
1010 2369 1109 2420 ἐρω,
1141 2367 1272 2419 idque
1296 2368 1388 2406 sine
1407 2382 1554 2419 paren-

90 2421 226 2471 thesi,
257 2421 462 2462 habebat:
497 2437 590 2460 cum
611 2437 710 2462 vero
734 2423 840 2462 aliae
861 2437 947 2462 non
970 2428 1106 2472 τοῦτο,
1151 2423 1223 2463 sed
1242 2422 1284 2465 τὸ
1308 2421 1405 2465 αὐτὸ
1424 2424 1556 2463 exhi-

93 2478 240 2529 beant,
273 2488 314 2522 et
335 2478 608 2531 parenthesin
628 2479 753 2518 etiam
774 2482 1005 2520 nonnullae
1024 2479 1205 2529 addant,
1239 2494 1324 2519 non
1345 2494 1451 2533 opus
1474 2483 1555 2532 jam

95 2533 146 2584 (ὃς
166 2533 340 2587 addere3
373 2550 514 2575 verum
536 2534 641 2573 illud
673 2533 747 2590 γὰρ
772 2550 822 2575 ex
843 2537 917 2579 W,
940 2538 1084 2588 potius
1115 2538 1357 2590 reciperem.
1390 2538 1554 2576 Rmrz.

208 2592 305 2645 Pag.
334 2597 430 2636 226.
461 2595 487 2629 l.
519 2594 555 2635 5.
613 2594 920 2647 Δουλοποεπές)
970 2593 1250 2645 Antiquiores
1291 2594 1377 2632 fere
1411 2607 1555 2632 omnes

98 2647 207 2690 Edd.
237 2651 386 2702 legunt
413 2648 482 2686 hic
516 2651 722 2700 δολοπρ-
755 2649 947 2696 barbare,
990 2648 1092 2688 Αἶά.
1123 2663 1275 2702 nempe
1307 2650 1344 2690 J.
1372 2659 1414 2688 et
1440 2649 1487 2688 B.
1513 2655 1554 2692 2.

98 2704 186 2745 Par.
218 2705 359 2747 etiam.
417 2704 501 2744 Sed
534 2704 640 2745 bene
676 2705 800 2744 habet
834 2705 876 2743 in
909 2681 972 2745 F’l.
998 2705 1062 2745 Fr.
1093 2705 1218 2745 etiam
1240 2705 1282 2749 S.
1306 2707 1422 2747 etA.
1448 2716 1490 2746 et
1512 2707 1557 2747 in

97 2761 164 2801 M.
193 2759 298 2804 Cod.
328 2764 495 2803 soum.
