1834 3188
436 119 1252 152 INHERMOTJMUM.
1488 107 1588 154 423

117 218 262 274 periri.
291 216 470 257 Interim
492 219 653 267 confer,
687 231 794 270 quae
817 217 1069 256 Her-mannus
1092 215 1142 254 ad
1174 215 1374 268 Vin-01.p
1391 220 1487 260 768.
1515 227 1585 256 at-

118 277 244 325 tulit,
277 278 373 314 loca
401 274 564 314 Homer,
592 273 715 312 Iliad.
752 274 865 323 XII,
894 278 962 316 41.
986 283 1028 313 et
1053 272 1251 324 odyss]
1264 277 1372 321 ,.41
1434 275 1583 312 Multo

117 332 258 370 minus
279 330 385 369 mihi
415 330 618 382 plobatur
648 330 781 368 Belini
804 329 1006 379 audacia,
1041 329 1116 382 qui
1137 342 1225 366 nou
1255 332 1390 367 solum
1420 325 1583 383 ἡγεῖσθε

115 386 384 427 retinendum
399 418 410 436 ,
444 385 515 425 sed
539 385 694 425 deinde
714 387 839 426 etiam
863 388 989 440 λέγετε
1011 396 1052 425 et
1071 387 1224 437 νομίζει
1246 385 1578 436 rescribendum,

116 444 353 485 arbitratur,
412 442 603 483 Similem
628 441 838 495 ejusdem,
872 446 1015 492 paullo
1036 451 1174 480 tamen
1194 441 1328 495 magis
1359 442 1476 479 illam
1507 457 1579 480 ex-

114 500 364 549 cusandam,
399 497 616 537 audaciam
639 498 724 538 vid.
745 499 815 538 De
833 499 966 538 Mero.
990 497 1126 538 Cond.
1150 512 1182 539 c.
1203 503 1268 543 23.
1291 498 1409 540 Varr,
1432 498 1574 538 Lectt

114 556 483 609 not.3).LE11u.

225 612 325 653 Eud.
345 615 371 650 l.
399 617 461 655 10.
491 607 572 660 ,Ως
590 607 876 665 ἀναμφιλόγως
896 613 1000 652 ἴδιον
1021 628 1101 652 των
1124 615 1316 653 Στωὶκῶν
1339 613 1461 660 δίδως
1478 608 1576 653 mimi

111 669 239 722 εχειν)
273 671 408 716 Λίδως
428 664 563 717 αυτοῖς
583 669 696 720 ἔχειν.
729 668 940 706 MARCIL.
1004 667 1291 706 Confirmatur
1317 667 1422 706 haec
1457 669 1576 707 Illar-

112 726 198 765 cilii
227 728 471 776 conjectura
504 738 675 762 assensu
707 722 881 761 Codicis
910 729 1031 767 3011.
1067 724 1142 761 ubi
1177 719 1312 773 αὐτοῖς
1343 721 1372 765 3
1400 725 1571 778 legitur

111 781 237 820 Unde
269 778 425 829 αυτοῖς,
468 793 638 818 suasore
666 779 831 825 Rclirzo,
872 779 1011 818 edidit
1046 780 1329 819 Schmiedcrus.
1398 783 1463 822 EX
1498 794 1570 830 eo,

111 837 229 891 quod
250 838 348 877 voci
368 835 502 884 αυτοῖς
520 836 623 874 mira
645 835 822 902 quadam
845 837 1012 874 ratione
1029 833 1054 876 ἃ
1072 835 1264 874 additum
1289 846 1372 888 est,
1405 838 1573 888 profec-

109 905 151 933 ta
174 902 259 942 est,
290 893 375 931 nisi
396 894 545 940 fallor,
577 893 707 931 lectio
730 887 854 943 αὐτοὶ,
897 906 1022 946 quam
1043 892 1116 931 W.
1140 902 1183 932 et
1199 896 1323 937 2954.
1348 893 1570 943 exhibent,

106 959 148 990 et
170 949 272 987 hinc
290 948 472 1002 denique
492 945 606 990 αυτό.
637 948 793 990 Lssnm.

217 1004 320 1045 Ead.
343 1008 372 1044 l.
398 1009 462 1047 14.
483 1003 602 1059 “529oe
619 1009 803 1061 cram-9322)
839 1005 1000 1045 Confer
1037 1005 1148 1044 infra
1186 1005 1349 1060 Imagg.
1384 1020 1475 1059 cap.
1504 1011 1570 1049 13.

107 1063 278 1102 SOLAN.
337 1063 549 1100 Punctum
569 1048 851 1113 subscriptum
876 1062 951 1100 sub
980 1062 1129 1100 ultima
1155 1061 1363 1101 exhibent
1384 1064 1448 1102 Fl.
1475 1062 1568 1101 Par.

104 1129 144 1158 et
168 1120 207 1160 S,
233 1118 441 1172 Reliquae
462 1118 666 1171 ignorant
685 1117 817 1169 (licet
837 1118 945 1158 Junt.
968 1128 1174 1170 punctum
1208 1118 1285 1156 sub
1309 1118 1444 1158 media
1476 1121 1570 1170 syl-

103 1175 197 1214 laba
222 1174 398 1223 habeat‚
431 1174 619 1212 scribens
645 1178 824 1224 σιῳπᾶν,
865 1173 978 1228 quod
1008 1184 1147 1213 tamen
1183 1175 1378 1226 suspicor
1407 1178 1568 1213 calamo

105 1241 270 1270 errante
301 1208 493 1268 additum
517 1230 566 1268 ab
584 1230 756 1279 Solano,
791 1231 866 1284 qui
889 1230 932 1281 id
953 1230 1100 1269 literae
1121 1248 1146 1270 α
1163 1230 1372 1283 subjicere
1392 1231 1569 1282 voluit.)

102 1287 204 1326 Non
226 1297 437 1339 putassem
457 1301 608 1338 operae
631 1286 734 1326 haec
759 1287 1000 1340 inquirere,
1033 1287 1116 1324 nisi
1139 1287 1401 1325 meminerim
1441 1287 1496 1325 7⁷·
1482 1303 1569 1339 rge-

103 1347 205 1382 rium
226 1343 276 1382 de
297 1342 510 1381 Idiotism.
532 1357 573 1394 p.
598 1346 692 1407 1.58‘
715 1343 819 1383 edit.
840 1345 993 1397 Argor.
1017 1358 1083 1382 an.
1105 1349 1225 1387 1708.
1251 1358 1303 1382 ex
1330 1343 1536 1398 Erymolog
1529 1359 1566 1382 ο

102 1400 281 1449 docere,
331 1398 574 1437 infinitivos
613 1399 659 1437 in
692 1404 744 1441 εἶν
774 1413 862 1438 non
896 1400 1084 1452 recipere
1124 1403 1215 1452 jota
1252 1399 1565 1452 subscriptum;

101 1455 218 1509 quod
241 1470 332 1494 cum
356 1469 503 1507 parum
529 1454 743 1494 observari
769 1455 819 1494 ab
844 1454 1082 1495 editoribus
1103 1455 1292 1505 videam,
1326 1469 1414 1495 non
1437 1455 1569 1509 pige--

99 1512 166 1550 bit
199 1527 251 1551 ex
288 1512 448 1564 Vigerio
484 1511 687 1564 quaedam
720 1511 804 1550 huc
842 1511 1168 1552 transscribere:
1206 1507 1405 1566 Ἀγαπᾶν,
1448 1513 1565 1567 (ait)

99 1567 369 1607 scribendum
395 1568 487 1606 sine
509 1584 522 1608 ι
543 1567 812 1620 subscripto,
854 1582 943 1607 non
972 1565 1154 1625 ἀγαπᾷν,
1194 1578 1244 1607 ut
1271 1568 1316 1606 in
1347 1568 1565 1620 prioribus

99 1623 424 1676 exemplaribus.
483 1624 521 1662 A
543 1624 757 1665 veteribus
777 1624 891 1664 enim
913 1612 1095 1664 Graecis
1112 1624 1360 1677 hujusmodi
1381 1624 1565 1663 traditur

97 1684 265 1749 regula:
307 1679 364 1721 Τα
385 1682 440 1728 εἰς
469 1697 520 1721 αν
553 1677 817 1749 ἆπαρέμφατα
846 1676 922 1722 οὐκ
949 1682 1024 1734 ε’χει
1055 1679 1099 1723 τό
1128 1699 1141 1723 ι
1166 1682 1562 1750 ποοςγεγραμμὲνον·

98 1735 159 1779 ὅτι
188 1753 235 1777 τα
260 1739 314 1785 εἰς
334 1755 356 1777 ν
375 1734 547 1791 λήγοντα
571 1735 723 1789 ῥήματα
748 1733 973 1779 οὐδέποτε’
961 1740 1035 1790 ε’χει
1069 1737 1170 1790 πρὸς
1198 1736 1333 1791 (nod)
1365 1742 1440 1780 τοῦ
1470 1755 1493 1779 ν
1526 1739 1563 1778 τὶ

96 1789 408 1860 ἇνεκφώνητονῖ
441 1794 468 1833 i.
491 1807 527 1832 e.
560 1792 756 1847 Ιιψίηίί(ι”
743 1812 782 1832 ιη
804 1811 854 1834 αν
878 1797 1061 1832 ezr-cunila
1081 1810 1158 1833 non
1182 1795 1321 1832 habent
1345 1797 1434 1846 jora
1462 1793 1560 1832 sub-

96 1853 308 1903 scriptum:
340 1852 433 1903 quia
450 1850 598 1887 zer-ba
583 1866 622 1887 m
642 1867 664 1890 ν
669 1853 796 1903 finita
818 1867 1015 1904 nunquam
1035 1851 1175 1888 habent
1196 1862 1285 1889 anie
1303 1869 1325 1892 ν
1343 1849 1560 1904 quidquam

96 1923 175 1946 non
196 1906 408 1958 prolatum.
467 1905 689 1959 Quidquid
722 1906 835 1944 enim
867 1907 913 1944 in
941 1906 1079 1946 verbis
1111 1907 1327 1959 praecedit
1354 1923 1400 1956 ν,
1433 1909 1559 1959 plene

95 1964 334 2016 profertur,
370 1961 485 2014 quod
514 1962 718 2014 exemplis
747 1972 888 2014 patet,
923 1972 969 2000 ut
996 1959 1176 2013 τύπτειν,
1218 1962 1425 2015 ἕτύφθην,
1471 1959 1560 2003 ἐτύ-

95 2036 179 2071 πην
208 2043 264 2048 —-
294 2020 475 2067 ἐποίεον,
507 2019 674 2060 ἐποίουν
694 2028 772 2056 etc.
814 2020 907 2058 «Sic
930 2019 1202 2072 Etymologus,
1238 2033 1417 2072 eumque
1437 2033 1560 2058 secu-

95 2084 164 2113 tus
191 2075 393 2123 Urbanus,
428 2074 586 2127 aliique
610 2076 909 2116 Grammatici:
937 2075 1058 2140 quod
1081 2076 1207 2115 etiam
1233 2077 1277 2114 in
1301 2075 1561 2114 correctissi-

96 2130 176 2169 mis
198 2130 402 2168 librorum
429 2130 739 2183 exemplaribus
762 2132 1078 2171 accuratissime
1102 2132 1246 2171 obscrx
1255 2143 1362 2172 atur
1427 2136 1560 2184 Προς-

94 2204 292 2255 γεγραιιμ·-
279 2203 369 2227 νον
397 2196 535 2225 autem
566 2186 675 2225 idem
717 2202 806 2227 esse
835 2187 947 2241 apud
990 2199 1152 2229 Veteles
1180 2189 1385 2237 Graecos,
1442 2188 1557 2240 quod

92 2260 218 2297 ὐπογε
223 2260 369 2297 γοαμιιε
354 2243 467 2291 c'‚vov
499 2241 609 2293 apud
630 2244 910 2294 recentiores,
943 2254 1055 2284 recte
1082 2246 1143 2282 ait
1173 2244 1311 2297 idem3
1354 2259 1448 2282 nam
1485 2258 1555 2282 ve·

94 2311 203 2340 teres
225 2299 276 2337 ad
299 2303 407 2337 latus
430 2298 671 2336 scribebant
701 2305 793 2340 ΤΩἶ
807 2300 896 2342 Ao'l
906 2306 991 2347 Ὼι,
1026 2302 1280 2339 recentiores
1300 2278 1385 2340 'sicz
1416 2306 1473 2340 τῶ
1489 2299 1554 2341 λό-

93 2374 164 2413 γω.
225 2356 263 2395 V
267 2371 380 2394 erum
401 2356 436 2391 Ι
443 2353 510 2392 dd.
537 2358 768 2394 nonnullae
788 2367 950 2396 veteres
972 2357 1147 2395 Liuiani
1168 2357 1434 2409 aliorumque
1457 2371 1555 2395 auc-

94 2423 235 2451 torum
261 2413 320 2449 ita
347 2412 390 2448 in
416 2410 480 2447 his
502 2409 811 2455 ssuctua11t‚ut
833 2413 944 2450 nihil
972 2413 1075 2450 certi
1105 2429 1156 2452 ex
1181 2413 1232 2450 iis
1262 2413 1431 2463 elicias3
1474 2413 1553 2450 im-

98 2483 166 2507 mo
191 2478 273 2506 tarn
303 2482 425 2519 saepe
450 2466 612 2504 addunt
641 2441 747 2505 i11u⁹d
776 2471 862 2519 jota
891 2469 956 2506 his
994 2468 1246 2517 infinitivis,
1280 2478 1349 2517 ut,
1383 2445 1553 2522 qiioties

96 2538 180 2562 non
205 2524 424 2571 invenias,
465 2521 627 2560 incuria
665 2523 799 2577 nugis
832 2539 954 2577 quam
989 2524 1133 2562 studio
1164 2500 1362 2562 omissum
1397 2525 1550 2564 credas.

98 2579 349 2633 Ety.mologne
372 2589 510 2618 tamen
536 2577 578 2615 id
608 2578 668 2616 ibi
705 2580 1008 2629 omittendum,
1053 2581 1247 2632 pluribus
1277 2581 1321 2618 in
1352 2581 1459 2619 locis
1489 2582 1552 2618 in-

97 2638 259 2686 culcat,
291 2636 377 2674 vid.
406 2635 450 2673 in
484 2631 666 2690 α’γαπᾶν,
704 2639 805 2688 βοᾶν
828 2636 1032 2675 etc.1ta
1055 2645 1102 2674 ut
1122 2635 1343 2676 adsensum
1375 2637 1413 2677 ei
1434 2651 1554 2691 prae-
