<?xml version="1.0" encoding="UTF-8"?>
<!DOCTYPE html PUBLIC "-//W3C//DTD XHTML 1.0 Transitional//EN"
    "http://www.w3.org/TR/xhtml1/DTD/xhtml1-transitional.dtd">
<html xmlns="http://www.w3.org/1999/xhtml" xml:lang="en" lang="en">
 <head>
  <title>
</title>
<meta http-equiv="Content-Type" content="text/html;charset=utf-8" />
  <meta name='ocr-system' content='tesseract 3.04.00' />
  <meta name='ocr-capabilities' content='ocr_page ocr_carea ocr_par ocr_line ocrx_word'/>
</head>
<body>
  <div class='ocr_page' id='page_1' title='image "./operagraecaetlat04luciuoft_0551.png"; bbox 0 0 1834 3188; ppageno 0'>
   <div class='ocr_carea' id='block_1_1' title="bbox 394 187 1526 238">
    <p class='ocr_par' dir='ltr' id='par_1_1' title="bbox 394 187 1526 238">
     <span class='ocr_line' id='line_1_1' title="bbox 394 187 1526 238; baseline -0.002 0"><span class='ocrx_word' id='word_1_1' title='bbox 394 207 480 238; x_wconf 82' lang='lat' dir='ltr'>1N</span> <span class='ocrx_word' id='word_1_2' title='bbox 552 203 1205 236; x_wconf 68' lang='lat' dir='ltr'>HARMONIDEN</span> <span class='ocrx_word' id='word_1_3' title='bbox 1429 187 1526 236; x_wconf 84' lang='lat'>511</span> 
     </span>
    </p>
   </div>
   <div class='ocr_carea' id='block_1_2' title="bbox 69 297 1554 2781">
    <p class='ocr_par' dir='ltr' id='par_1_2' title="bbox 69 297 1550 1824">
     <span class='ocr_line' id='line_1_2' title="bbox 69 297 1534 359; baseline -0.005 -11"><span class='ocrx_word' id='word_1_4' title='bbox 69 308 240 349; x_wconf 78' lang='lat' dir='ltr'>Lucia-n.</span> <span class='ocrx_word' id='word_1_5' title='bbox 264 302 420 347; x_wconf 78' lang='grc' dir='ltr'><em>Οὗτωσὶ</em></span> <span class='ocrx_word' id='word_1_6' title='bbox 436 305 508 359; x_wconf 75' lang='grc' dir='ltr'>μὲν</span> <span class='ocrx_word' id='word_1_7' title='bbox 528 306 652 346; x_wconf 81' lang='grc' dir='ltr'><em>εἰπεῖν</em></span> <span class='ocrx_word' id='word_1_8' title='bbox 674 311 715 341; x_wconf 86' lang='lat' dir='ltr'>et</span> <span class='ocrx_word' id='word_1_9' title='bbox 734 300 788 351; x_wconf 82' lang='grc' dir='ltr'>ὧς</span> <span class='ocrx_word' id='word_1_10' title='bbox 805 303 846 345; x_wconf 80' lang='grc' dir='ltr'>δὲ</span> <span class='ocrx_word' id='word_1_11' title='bbox 865 297 1016 354; x_wconf 70' lang='grc' dir='ltr'><strong><em>ἀληθεῖ</em></strong></span> <span class='ocrx_word' id='word_1_12' title='bbox 1026 299 1144 357; x_wconf 81' lang='grc' dir='ltr'><em>λόγῳ</em></span> <span class='ocrx_word' id='word_1_13' title='bbox 1166 301 1219 341; x_wconf 91' lang='lat' dir='ltr'>L.</span> <span class='ocrx_word' id='word_1_14' title='bbox 1238 301 1343 341; x_wconf 85' lang='lat' dir='ltr'><strong>Bos.</strong></span> <span class='ocrx_word' id='word_1_15' title='bbox 1400 301 1534 341; x_wconf 86' lang='lat' dir='ltr'>Hunc</span> 
     </span>
     <span class='ocr_line' id='line_1_3' title="bbox 70 357 1535 428; baseline -0.004 -25"><span class='ocrx_word' id='word_1_16' title='bbox 70 366 247 403; x_wconf 81' lang='lat' dir='ltr'>Luciani</span> <span class='ocrx_word' id='word_1_17' title='bbox 269 366 409 401; x_wconf 85' lang='lat' dir='ltr'>locum</span> <span class='ocrx_word' id='word_1_18' title='bbox 430 360 573 400; x_wconf 83' lang='lat' dir='ltr'>laudat</span> <span class='ocrx_word' id='word_1_19' title='bbox 595 360 720 400; x_wconf 82' lang='lat' dir='ltr'>etiam</span> <span class='ocrx_word' id='word_1_20' title='bbox 743 359 887 400; x_wconf 79' lang='lat' dir='ltr'>Duker.</span> <span class='ocrx_word' id='word_1_21' title='bbox 908 359 961 398; x_wconf 90' lang='lat' dir='ltr'>ad</span> <span class='ocrx_word' id='word_1_22' title='bbox 978 357 1155 428; x_wconf 66' lang='lat' dir='ltr'>Thucyd.</span> <span class='ocrx_word' id='word_1_23' title='bbox 1185 358 1310 398; x_wconf 90' lang='lat' dir='ltr'><strong>VIII.</strong></span> <span class='ocrx_word' id='word_1_24' title='bbox 1334 371 1371 398; x_wconf 83' lang='lat' dir='ltr'><strong>c.</strong></span> <span class='ocrx_word' id='word_1_25' title='bbox 1396 362 1465 402; x_wconf 86' lang='grc'>92.</span> <span class='ocrx_word' id='word_1_26' title='bbox 1492 368 1535 397; x_wconf 89' lang='lat' dir='ltr'>et</span> 
     </span>
     <span class='ocr_line' id='line_1_4' title="bbox 73 411 1537 474; baseline -0.002 -15"><span class='ocrx_word' id='word_1_27' title='bbox 73 436 126 459; x_wconf 82' lang='lat' dir='ltr'>ex</span> <span class='ocrx_word' id='word_1_28' title='bbox 149 420 245 458; x_wconf 88' lang='lat' dir='ltr'>aliis</span> <span class='ocrx_word' id='word_1_29' title='bbox 281 418 502 474; x_wconf 75' lang='lat' dir='ltr'>Thucydid.</span> <span class='ocrx_word' id='word_1_30' title='bbox 521 417 628 456; x_wconf 88' lang='lat' dir='ltr'>locis</span> <span class='ocrx_word' id='word_1_31' title='bbox 658 430 832 470; x_wconf 90' lang='lat' dir='ltr'>quoque</span> <span class='ocrx_word' id='word_1_32' title='bbox 853 416 1001 464; x_wconf 86' lang='lat' dir='ltr'>docet,</span> <span class='ocrx_word' id='word_1_33' title='bbox 1031 413 1076 457; x_wconf 83' lang='grc' dir='ltr'>τὸ</span> <span class='ocrx_word' id='word_1_34' title='bbox 1107 412 1258 468; x_wconf 70' lang='grc' dir='ltr'><em>ἀληθὲς</em></span> <span class='ocrx_word' id='word_1_35' title='bbox 1277 423 1319 453; x_wconf 90' lang='lat' dir='ltr'>et</span> <span class='ocrx_word' id='word_1_36' title='bbox 1335 411 1409 468; x_wconf 79' lang='grc' dir='ltr'>τὴν</span> <span class='ocrx_word' id='word_1_37' title='bbox 1433 411 1537 467; x_wconf 66' lang='grc' dir='ltr'><strong><em>ἐλή-</em></strong></span> 
     </span>
     <span class='ocr_line' id='line_1_5' title="bbox 70 470 1535 528; baseline -0.003 -14"><span class='ocrx_word' id='word_1_38' title='bbox 70 483 189 518; x_wconf 79' lang='grc' dir='ltr'><em>θειαν</em></span> <span class='ocrx_word' id='word_1_39' title='bbox 210 490 333 528; x_wconf 81' lang='lat' dir='ltr'><strong>saepe</strong></span> <span class='ocrx_word' id='word_1_40' title='bbox 353 475 517 528; x_wconf 89' lang='lat' dir='ltr'>opponi</span> <span class='ocrx_word' id='word_1_41' title='bbox 538 472 826 519; x_wconf 83' lang='lat' dir='ltr'>simulationi,</span> <span class='ocrx_word' id='word_1_42' title='bbox 857 471 1061 527; x_wconf 75' lang='grc' dir='ltr'>προφάσει</span> <span class='ocrx_word' id='word_1_43' title='bbox 1088 495 1145 502; x_wconf 92' lang='lat'>-—-</span> <span class='ocrx_word' id='word_1_44' title='bbox 1175 481 1217 511; x_wconf 91' lang='lat' dir='ltr'>et</span> <span class='ocrx_word' id='word_1_45' title='bbox 1231 470 1355 528; x_wconf 80' lang='grc' dir='ltr'><em>λόγω,</em></span> <span class='ocrx_word' id='word_1_46' title='bbox 1389 481 1437 510; x_wconf 89' lang='lat' dir='ltr'>ut</span> <span class='ocrx_word' id='word_1_47' title='bbox 1455 472 1535 520; x_wconf 83' lang='lat' dir='ltr'>VI,</span> 
     </span>
     <span class='ocr_line' id='line_1_6' title="bbox 74 528 1539 605; baseline -0.001 -34"><span class='ocrx_word' id='word_1_48' title='bbox 74 539 143 605; x_wconf 86' lang='lat'>33.</span> <span class='ocrx_word' id='word_1_49' title='bbox 170 541 212 572; x_wconf 89' lang='lat' dir='ltr'>et</span> <span class='ocrx_word' id='word_1_50' title='bbox 242 533 313 582; x_wconf 86' lang='grc' dir='ltr'>ΙΙ,</span> <span class='ocrx_word' id='word_1_51' title='bbox 337 538 404 575; x_wconf 88' lang='lat'>41</span> <span class='ocrx_word' id='word_1_52' title='bbox 435 529 560 569; x_wconf 91' lang='lat' dir='ltr'><strong>Addo</strong></span> <span class='ocrx_word' id='word_1_53' title='bbox 592 529 757 571; x_wconf 78' lang='lat' dir='ltr'>Isocrat.</span> <span class='ocrx_word' id='word_1_54' title='bbox 784 528 954 569; x_wconf 87' lang='lat' dir='ltr'>Nicocl.</span> <span class='ocrx_word' id='word_1_55' title='bbox 979 544 1023 583; x_wconf 86' lang='lat' dir='ltr'>p.</span> <span class='ocrx_word' id='word_1_56' title='bbox 1045 534 1114 601; x_wconf 92' lang='grc'>76.</span> <span class='ocrx_word' id='word_1_57' title='bbox 1153 533 1234 570; x_wconf 83' lang='grc' dir='ltr'>Τοῦ</span> <span class='ocrx_word' id='word_1_58' title='bbox 1265 529 1456 581; x_wconf 79' lang='grc' dir='ltr'><em>βασιλέως</em></span> <span class='ocrx_word' id='word_1_59' title='bbox 1482 533 1539 584; x_wconf 78' lang='grc' dir='ltr'>τῷ</span> 
     </span>
     <span class='ocr_line' id='line_1_7' title="bbox 73 581 1535 645; baseline -0.005 -15"><span class='ocrx_word' id='word_1_60' title='bbox 73 608 120 643; x_wconf 80' lang='grc' dir='ltr'>με</span> <span class='ocrx_word' id='word_1_61' title='bbox 104 590 145 631; x_wconf 79' lang='grc' dir='ltr'>ὲν</span> <span class='ocrx_word' id='word_1_62' title='bbox 171 587 275 645; x_wconf 79' lang='grc' dir='ltr'><strong><em>λόγῳ</em></strong></span> <span class='ocrx_word' id='word_1_63' title='bbox 301 588 613 642; x_wconf 76' lang='grc' dir='ltr'><em>ὸιηλλαγμένου,</em></span> <span class='ocrx_word' id='word_1_64' title='bbox 652 591 702 641; x_wconf 82' lang='grc' dir='ltr'>τῇ</span> <span class='ocrx_word' id='word_1_65' title='bbox 725 583 764 628; x_wconf 80' lang='grc' dir='ltr'>δ’</span> <span class='ocrx_word' id='word_1_66' title='bbox 786 581 955 642; x_wconf 72' lang='grc' dir='ltr'><em>ἀληθεία</em></span> <span class='ocrx_word' id='word_1_67' title='bbox 982 587 1151 641; x_wconf 84' lang='grc' dir='ltr'><em>τραχέως</em></span> <span class='ocrx_word' id='word_1_68' title='bbox 1178 586 1348 640; x_wconf 67' lang='grc' dir='ltr'><strong>ἔχοντος.</strong></span> <span class='ocrx_word' id='word_1_69' title='bbox 1407 587 1535 626; x_wconf 70' lang='lat' dir='ltr'>Plura</span> 
     </span>
     <span class='ocr_line' id='line_1_8' title="bbox 71 629 1538 698; baseline -0.003 -13"><span class='ocrx_word' id='word_1_70' title='bbox 71 645 161 686; x_wconf 86' lang='lat' dir='ltr'><strong>vid.</strong></span> <span class='ocrx_word' id='word_1_71' title='bbox 195 660 260 698; x_wconf 90' lang='lat' dir='ltr'><strong>ap.</strong></span> <span class='ocrx_word' id='word_1_72' title='bbox 282 645 369 687; x_wconf 84' lang='lat' dir='ltr'>Jac.</span> <span class='ocrx_word' id='word_1_73' title='bbox 390 644 539 684; x_wconf 79' lang='lat' dir='ltr'>Elsner.</span> <span class='ocrx_word' id='word_1_74' title='bbox 565 644 616 681; x_wconf 90' lang='lat' dir='ltr'>ad</span> <span class='ocrx_word' id='word_1_75' title='bbox 643 643 724 695; x_wconf 88' lang='lat' dir='ltr'>Ep.</span> <span class='ocrx_word' id='word_1_76' title='bbox 747 641 800 681; x_wconf 86' lang='lat' dir='ltr'>ad</span> <span class='ocrx_word' id='word_1_77' title='bbox 824 629 1538 691; x_wconf 66' lang='lat' dir='ltr'><strong>Coloss.c.2‚23.R131Tz.Se-·</strong></span> 
     </span>
     <span class='ocr_line' id='line_1_9' title="bbox 73 697 1539 771; baseline -0.002 -31"><span class='ocrx_word' id='word_1_78' title='bbox 73 703 255 771; x_wconf 87' lang='lat' dir='ltr'>quentia</span> <span class='ocrx_word' id='word_1_79' title='bbox 270 702 422 740; x_wconf 87' lang='lat' dir='ltr'>mirum</span> <span class='ocrx_word' id='word_1_80' title='bbox 445 702 489 738; x_wconf 90' lang='lat' dir='ltr'>in</span> <span class='ocrx_word' id='word_1_81' title='bbox 517 697 689 738; x_wconf 89' lang='lat' dir='ltr'>modum</span> <span class='ocrx_word' id='word_1_82' title='bbox 710 708 960 768; x_wconf 82' lang='lat' dir='ltr'>exaggerata</span> <span class='ocrx_word' id='word_1_83' title='bbox 989 698 1223 755; x_wconf 83' lang='lat' dir='ltr'>leguntur</span> <span class='ocrx_word' id='word_1_84' title='bbox 1210 713 1256 737; x_wconf 85' lang='lat' dir='ltr'>m</span> <span class='ocrx_word' id='word_1_85' title='bbox 1287 698 1394 741; x_wconf 86' lang='lat' dir='ltr'><strong>Cod.</strong></span> <span class='ocrx_word' id='word_1_86' title='bbox 1412 701 1539 743; x_wconf 85' lang='lat'><strong>2954.</strong></span> 
     </span>
     <span class='ocr_line' id='line_1_10' title="bbox 75 753 1538 813; baseline -0.003 -12"><span class='ocrx_word' id='word_1_87' title='bbox 75 758 205 813; x_wconf 80' lang='grc' dir='ltr'><em>ὥςπερ</em></span> <span class='ocrx_word' id='word_1_88' title='bbox 229 755 280 799; x_wconf 69' lang='grc' dir='ltr'>ἂν</span> <span class='ocrx_word' id='word_1_89' title='bbox 304 761 338 800; x_wconf 84' lang='grc' dir='ltr'>εἰ</span> <span class='ocrx_word' id='word_1_90' title='bbox 356 755 448 806; x_wconf 67' lang='grc' dir='ltr'><strong><em>τοὺς</em></strong></span> <span class='ocrx_word' id='word_1_91' title='bbox 469 753 747 808; x_wconf 69' lang='grc' dir='ltr'><em>ἁπανταχόθεν</em></span> <span class='ocrx_word' id='word_1_92' title='bbox 777 753 1026 807; x_wconf 74' lang='grc' dir='ltr'><em>ἀνθρώπους</em></span> <span class='ocrx_word' id='word_1_93' title='bbox 1056 757 1300 810; x_wconf 79' lang='grc' dir='ltr'><em>συγκαλέσας</em></span> <span class='ocrx_word' id='word_1_94' title='bbox 1326 756 1367 804; x_wconf 84' lang='grc' dir='ltr'>ἒς</span> <span class='ocrx_word' id='word_1_95' title='bbox 1395 754 1538 798; x_wconf 80' lang='grc' dir='ltr'><em>κοινὸν</em></span> 
     </span>
     <span class='ocr_line' id='line_1_11' title="bbox 72 810 1540 869; baseline -0.005 -12"><span class='ocrx_word' id='word_1_96' title='bbox 72 817 248 869; x_wconf 79' lang='grc' dir='ltr'><em>θέατρον</em></span> <span class='ocrx_word' id='word_1_97' title='bbox 269 812 608 865; x_wconf 77' lang='grc' dir='ltr'><em>ἔπιδεικνούοιμεν</em></span> <span class='ocrx_word' id='word_1_98' title='bbox 628 810 722 860; x_wconf 81' lang='grc' dir='ltr'>τούς</span> <span class='ocrx_word' id='word_1_99' title='bbox 736 810 894 867; x_wconf 79' lang='grc' dir='ltr'><strong>λόγους.</strong></span> <span class='ocrx_word' id='word_1_100' title='bbox 946 811 1066 866; x_wconf 79' lang='lat' dir='ltr'>Quae</span> <span class='ocrx_word' id='word_1_101' title='bbox 1089 813 1170 851; x_wconf 90' lang='lat' dir='ltr'>etsi</span> <span class='ocrx_word' id='word_1_102' title='bbox 1191 813 1270 853; x_wconf 84' lang='lat' dir='ltr'>vix</span> <span class='ocrx_word' id='word_1_103' title='bbox 1290 811 1431 851; x_wconf 87' lang='lat' dir='ltr'>credas</span> <span class='ocrx_word' id='word_1_104' title='bbox 1451 813 1540 852; x_wconf 85' lang='lat' dir='ltr'>cui-</span> 
     </span>
     <span class='ocr_line' id='line_1_12' title="bbox 74 867 1539 926; baseline -0.002 -16"><span class='ocrx_word' id='word_1_105' title='bbox 74 886 196 926; x_wconf 85' lang='lat' dir='ltr'>quam</span> <span class='ocrx_word' id='word_1_106' title='bbox 221 874 387 925; x_wconf 86' lang='lat' dir='ltr'>placere</span> <span class='ocrx_word' id='word_1_107' title='bbox 409 870 627 924; x_wconf 85' lang='lat' dir='ltr'>potuisse:</span> <span class='ocrx_word' id='word_1_108' title='bbox 659 867 796 919; x_wconf 90' lang='lat' dir='ltr'>(adeo</span> <span class='ocrx_word' id='word_1_109' title='bbox 819 867 978 924; x_wconf 82' lang='lat' dir='ltr'>frigida</span> <span class='ocrx_word' id='word_1_110' title='bbox 996 878 1078 919; x_wconf 87' lang='lat' dir='ltr'>est,</span> <span class='ocrx_word' id='word_1_111' title='bbox 1119 883 1168 908; x_wconf 88' lang='lat' dir='ltr'>ac</span> <span class='ocrx_word' id='word_1_112' title='bbox 1199 883 1335 922; x_wconf 89' lang='lat' dir='ltr'>paene</span> <span class='ocrx_word' id='word_1_113' title='bbox 1371 869 1539 921; x_wconf 84' lang='lat' dir='ltr'>inepta</span> 
     </span>
     <span class='ocr_line' id='line_1_13' title="bbox 75 925 1543 980; baseline 0.001 -15"><span class='ocrx_word' id='word_1_114' title='bbox 75 927 312 974; x_wconf 88' lang='lat' dir='ltr'>sententia;</span> <span class='ocrx_word' id='word_1_115' title='bbox 348 926 453 965; x_wconf 90' lang='lat' dir='ltr'>adeo</span> <span class='ocrx_word' id='word_1_116' title='bbox 487 925 725 979; x_wconf 89' lang='lat' dir='ltr'>inaequalis</span> <span class='ocrx_word' id='word_1_117' title='bbox 756 934 799 965; x_wconf 86' lang='lat' dir='ltr'>et</span> <span class='ocrx_word' id='word_1_118' title='bbox 828 925 1137 965; x_wconf 88' lang='lat' dir='ltr'>inconveniens</span> <span class='ocrx_word' id='word_1_119' title='bbox 1161 925 1322 976; x_wconf 85' lang='lat' dir='ltr'>oratio,</span> <span class='ocrx_word' id='word_1_120' title='bbox 1357 927 1543 980; x_wconf 79' lang='grc' dir='ltr'><em>συγκαλέ-</em></span> 
     </span>
     <span class='ocr_line' id='line_1_14' title="bbox 75 981 1541 1037; baseline -0.001 -15"><span class='ocrx_word' id='word_1_121' title='bbox 75 999 168 1032; x_wconf 83' lang='grc' dir='ltr'><em>σας,</em></span> <span class='ocrx_word' id='word_1_122' title='bbox 214 992 420 1036; x_wconf 86' lang='lat' dir='ltr'>sequente</span> <span class='ocrx_word' id='word_1_123' title='bbox 449 981 591 1021; x_wconf 87' lang='lat' dir='ltr'>Verbo</span> <span class='ocrx_word' id='word_1_124' title='bbox 624 982 804 1034; x_wconf 86' lang='lat' dir='ltr'><strong>plurali,</strong></span> <span class='ocrx_word' id='word_1_125' title='bbox 863 981 968 1029; x_wconf 83' lang='lat' dir='ltr'>adeo</span> <span class='ocrx_word' id='word_1_126' title='bbox 1007 985 1228 1037; x_wconf 83' lang='lat' dir='ltr'>neglectus</span> <span class='ocrx_word' id='word_1_127' title='bbox 1271 982 1399 1021; x_wconf 86' lang='lat' dir='ltr'>etiam</span> <span class='ocrx_word' id='word_1_128' title='bbox 1441 996 1541 1021; x_wconf 81' lang='lat' dir='ltr'>usus</span> 
     </span>
     <span class='ocr_line' id='line_1_15' title="bbox 74 1037 1541 1092; baseline -0.003 -11"><span class='ocrx_word' id='word_1_129' title='bbox 74 1040 196 1081; x_wconf 88' lang='lat' dir='ltr'>verbi</span> <span class='ocrx_word' id='word_1_130' title='bbox 229 1041 534 1081; x_wconf 77' lang='grc' dir='ltr'><em>ἐπιδείκνυσθαι</em></span> <span class='ocrx_word' id='word_1_131' title='bbox 563 1038 784 1090; x_wconf 83' lang='lat' dir='ltr'>solennis)</span> <span class='ocrx_word' id='word_1_132' title='bbox 818 1041 1073 1091; x_wconf 86' lang='lat' dir='ltr'>placuerunt</span> <span class='ocrx_word' id='word_1_133' title='bbox 1101 1048 1240 1078; x_wconf 87' lang='lat' dir='ltr'>tamen</span> <span class='ocrx_word' id='word_1_134' title='bbox 1271 1037 1433 1088; x_wconf 79' lang='grc' dir='ltr'><strong><em>Βεῖἰηο,</em></strong></span> <span class='ocrx_word' id='word_1_135' title='bbox 1466 1040 1541 1092; x_wconf 93' lang='lat' dir='ltr'>qui</span> 
     </span>
     <span class='ocr_line' id='line_1_16' title="bbox 76 1094 1541 1150; baseline 0 -16"><span class='ocrx_word' id='word_1_136' title='bbox 76 1099 251 1150; x_wconf 79' lang='lat' dir='ltr'>vulgata</span> <span class='ocrx_word' id='word_1_137' title='bbox 271 1095 396 1135; x_wconf 86' lang='lat' dir='ltr'>verba</span> <span class='ocrx_word' id='word_1_138' title='bbox 416 1109 564 1135; x_wconf 89' lang='lat' dir='ltr'>manca</span> <span class='ocrx_word' id='word_1_139' title='bbox 586 1104 627 1134; x_wconf 87' lang='lat' dir='ltr'>et</span> <span class='ocrx_word' id='word_1_140' title='bbox 653 1095 847 1134; x_wconf 88' lang='lat' dir='ltr'>mutilata</span> <span class='ocrx_word' id='word_1_141' title='bbox 869 1095 930 1134; x_wconf 84' lang='lat' dir='ltr'>sio</span> <span class='ocrx_word' id='word_1_142' title='bbox 959 1094 1127 1134; x_wconf 89' lang='lat' dir='ltr'>demum</span> <span class='ocrx_word' id='word_1_143' title='bbox 1151 1095 1313 1149; x_wconf 89' lang='lat' dir='ltr'>optime</span> <span class='ocrx_word' id='word_1_144' title='bbox 1332 1098 1541 1149; x_wconf 81' lang='lat' dir='ltr'>completa</span> 
     </span>
     <span class='ocr_line' id='line_1_17' title="bbox 74 1150 1542 1207; baseline 0 -17"><span class='ocrx_word' id='word_1_145' title='bbox 74 1152 309 1207; x_wconf 81' lang='lat' dir='ltr'>judicaret,</span> <span class='ocrx_word' id='word_1_146' title='bbox 342 1162 384 1192; x_wconf 91' lang='lat' dir='ltr'>et</span> <span class='ocrx_word' id='word_1_147' title='bbox 405 1152 571 1192; x_wconf 82' lang='lat' dir='ltr'>censori</span> <span class='ocrx_word' id='word_1_148' title='bbox 591 1150 813 1189; x_wconf 88' lang='lat' dir='ltr'>Editionis</span> <span class='ocrx_word' id='word_1_149' title='bbox 843 1151 1185 1191; x_wconf 75' lang='lat' dir='ltr'>Schmieclerianae</span> <span class='ocrx_word' id='word_1_150' title='bbox 1198 1152 1384 1194; x_wconf 81' lang='lat' dir='ltr'>Jenensi‚</span> <span class='ocrx_word' id='word_1_151' title='bbox 1444 1152 1542 1190; x_wconf 89' lang='lat' dir='ltr'>Etsi</span> 
     </span>
     <span class='ocr_line' id='line_1_18' title="bbox 75 1207 1540 1261; baseline 0.001 -14"><span class='ocrx_word' id='word_1_152' title='bbox 75 1218 215 1248; x_wconf 88' lang='lat' dir='ltr'>autem</span> <span class='ocrx_word' id='word_1_153' title='bbox 236 1209 483 1261; x_wconf 81' lang='lat' dir='ltr'>plenissima</span> <span class='ocrx_word' id='word_1_154' title='bbox 501 1221 579 1260; x_wconf 86' lang='lat' dir='ltr'>ego</span> <span class='ocrx_word' id='word_1_155' title='bbox 603 1207 708 1246; x_wconf 89' lang='lat' dir='ltr'>haec</span> <span class='ocrx_word' id='word_1_156' title='bbox 729 1208 855 1247; x_wconf 86' lang='lat' dir='ltr'>verba</span> <span class='ocrx_word' id='word_1_157' title='bbox 879 1207 1041 1259; x_wconf 84' lang='lat' dir='ltr'>habeo,</span> <span class='ocrx_word' id='word_1_158' title='bbox 1075 1208 1121 1246; x_wconf 90' lang='lat' dir='ltr'>in</span> <span class='ocrx_word' id='word_1_159' title='bbox 1142 1208 1273 1248; x_wconf 91' lang='lat' dir='ltr'>verbo</span> <span class='ocrx_word' id='word_1_160' title='bbox 1296 1217 1434 1246; x_wconf 89' lang='lat' dir='ltr'>tamen</span> <span class='ocrx_word' id='word_1_161' title='bbox 1459 1209 1540 1249; x_wconf 80' lang='grc' dir='ltr'>ἐπι-</span> 
     </span>
     <span class='ocr_line' id='line_1_19' title="bbox 77 1264 1543 1318; baseline -0.003 -11"><span class='ocrx_word' id='word_1_162' title='bbox 77 1264 309 1318; x_wconf 80' lang='grc' dir='ltr'><em>δεικνύμην,</em></span> <span class='ocrx_word' id='word_1_163' title='bbox 343 1266 407 1303; x_wconf 89' lang='lat' dir='ltr'>uti</span> <span class='ocrx_word' id='word_1_164' title='bbox 431 1267 518 1304; x_wconf 87' lang='lat' dir='ltr'>fere</span> <span class='ocrx_word' id='word_1_165' title='bbox 549 1267 764 1317; x_wconf 76' lang='lat' dir='ltr'>vulgatur,</span> <span class='ocrx_word' id='word_1_166' title='bbox 793 1264 1005 1304; x_wconf 85' lang='lat' dir='ltr'>offendere</span> <span class='ocrx_word' id='word_1_167' title='bbox 1033 1279 1100 1304; x_wconf 89' lang='lat' dir='ltr'>me</span> <span class='ocrx_word' id='word_1_168' title='bbox 1130 1266 1285 1305; x_wconf 81' lang='lat' dir='ltr'>fateor.</span> <span class='ocrx_word' id='word_1_169' title='bbox 1343 1264 1543 1304; x_wconf 86' lang='lat' dir='ltr'>Retineri</span> 
     </span>
     <span class='ocr_line' id='line_1_20' title="bbox 78 1320 1544 1375; baseline 0 -16"><span class='ocrx_word' id='word_1_170' title='bbox 78 1321 251 1375; x_wconf 87' lang='lat' dir='ltr'>quidem</span> <span class='ocrx_word' id='word_1_171' title='bbox 275 1324 368 1360; x_wconf 91' lang='lat' dir='ltr'>vult</span> <span class='ocrx_word' id='word_1_172' title='bbox 391 1321 632 1360; x_wconf 73' lang='lat' dir='ltr'>.S&#39;t›·1cviusin</span> <span class='ocrx_word' id='word_1_173' title='bbox 657 1320 839 1363; x_wconf 85' lang='lat' dir='ltr'>Gramm.</span> <span class='ocrx_word' id='word_1_174' title='bbox 866 1322 939 1361; x_wconf 92' lang='lat' dir='ltr'><strong>Gr.</strong></span> <span class='ocrx_word' id='word_1_175' title='bbox 959 1335 1000 1374; x_wconf 83' lang='lat' dir='ltr'><strong>p.</strong></span> <span class='ocrx_word' id='word_1_176' title='bbox 1028 1326 1121 1365; x_wconf 83' lang='lat'><strong>181.</strong></span> <span class='ocrx_word' id='word_1_177' title='bbox 1147 1331 1348 1375; x_wconf 89' lang='lat' dir='ltr'>tanquam</span> <span class='ocrx_word' id='word_1_178' title='bbox 1372 1321 1544 1374; x_wconf 57' lang='lat' dir='ltr'>Optati-</span> 
     </span>
     <span class='ocr_line' id='line_1_21' title="bbox 77 1375 1541 1431; baseline 0.001 -15"><span class='ocrx_word' id='word_1_179' title='bbox 77 1379 122 1416; x_wconf 87' lang='lat' dir='ltr'>vi</span> <span class='ocrx_word' id='word_1_180' title='bbox 145 1379 345 1427; x_wconf 87' lang='lat' dir='ltr'>formam,</span> <span class='ocrx_word' id='word_1_181' title='bbox 389 1381 511 1430; x_wconf 89' lang='lat' dir='ltr'>cujus</span> <span class='ocrx_word' id='word_1_182' title='bbox 534 1391 622 1415; x_wconf 86' lang='lat' dir='ltr'>rara</span> <span class='ocrx_word' id='word_1_183' title='bbox 643 1375 757 1428; x_wconf 85' lang='lat' dir='ltr'>apud</span> <span class='ocrx_word' id='word_1_184' title='bbox 783 1387 943 1418; x_wconf 87' lang='lat' dir='ltr'>veteres</span> <span class='ocrx_word' id='word_1_185' title='bbox 969 1387 1194 1417; x_wconf 86' lang='lat' dir='ltr'>occurrant</span> <span class='ocrx_word' id='word_1_186' title='bbox 1214 1377 1421 1431; x_wconf 83' lang='lat' dir='ltr'>vestigia:</span> <span class='ocrx_word' id='word_1_187' title='bbox 1453 1377 1541 1417; x_wconf 79' lang='lat' dir='ltr'><strong>vid.</strong></span> 
     </span>
     <span class='ocr_line' id='line_1_22' title="bbox 77 1432 1548 1488; baseline -0.001 -14"><span class='ocrx_word' id='word_1_188' title='bbox 77 1435 281 1475; x_wconf 64' lang='lat' dir='ltr'>Dffatilziae</span> <span class='ocrx_word' id='word_1_189' title='bbox 302 1434 483 1472; x_wconf 87' lang='lat' dir='ltr'>Gramm.</span> <span class='ocrx_word' id='word_1_190' title='bbox 500 1435 573 1473; x_wconf 83' lang='lat' dir='ltr'><strong>Gr.</strong></span> <span class='ocrx_word' id='word_1_191' title='bbox 597 1435 629 1486; x_wconf 54' lang='grc' dir='ltr'><strong>ᾗ.</strong></span> <span class='ocrx_word' id='word_1_192' title='bbox 648 1438 746 1477; x_wconf 83' lang='grc'><strong>204.</strong></span> <span class='ocrx_word' id='word_1_193' title='bbox 765 1440 806 1478; x_wconf 82' lang='grc'><strong>3.</strong></span> <span class='ocrx_word' id='word_1_194' title='bbox 828 1449 869 1487; x_wconf 85' lang='lat' dir='ltr'><strong>p.</strong></span> <span class='ocrx_word' id='word_1_195' title='bbox 888 1437 983 1478; x_wconf 79' lang='lat'><strong>265.</strong></span> <span class='ocrx_word' id='word_1_196' title='bbox 1004 1445 1046 1474; x_wconf 88' lang='lat' dir='ltr'>et</span> <span class='ocrx_word' id='word_1_197' title='bbox 1067 1448 1190 1488; x_wconf 89' lang='lat' dir='ltr'>quem</span> <span class='ocrx_word' id='word_1_198' title='bbox 1217 1435 1332 1486; x_wconf 82' lang='lat' dir='ltr'>citat,</span> <span class='ocrx_word' id='word_1_199' title='bbox 1367 1432 1548 1473; x_wconf 65' lang='lat' dir='ltr'>Clarkiuc</span> 
     </span>
     <span class='ocr_line' id='line_1_23' title="bbox 79 1488 1548 1542; baseline -0.003 -13"><span class='ocrx_word' id='word_1_200' title='bbox 79 1489 131 1529; x_wconf 83' lang='lat' dir='ltr'>ad</span> <span class='ocrx_word' id='word_1_201' title='bbox 151 1490 316 1529; x_wconf 83' lang='lat' dir='ltr'><strong>Homer.</strong></span> <span class='ocrx_word' id='word_1_202' title='bbox 339 1489 495 1542; x_wconf 70' lang='lat' dir='ltr'><strong>OdYSS.</strong></span> <span class='ocrx_word' id='word_1_203' title='bbox 515 1488 576 1540; x_wconf 86' lang='grc' dir='ltr'>ς’,</span> <span class='ocrx_word' id='word_1_204' title='bbox 596 1495 690 1533; x_wconf 84' lang='grc'><strong>237.</strong></span> <span class='ocrx_word' id='word_1_205' title='bbox 748 1491 807 1529; x_wconf 90' lang='lat' dir='ltr'>At</span> <span class='ocrx_word' id='word_1_206' title='bbox 823 1491 1033 1530; x_wconf 85' lang='lat' dir='ltr'>rarissima</span> <span class='ocrx_word' id='word_1_207' title='bbox 1051 1500 1189 1529; x_wconf 87' lang='lat' dir='ltr'>tamen</span> <span class='ocrx_word' id='word_1_208' title='bbox 1205 1500 1326 1540; x_wconf 88' lang='lat' dir='ltr'>sunt,</span> <span class='ocrx_word' id='word_1_209' title='bbox 1359 1504 1437 1528; x_wconf 82' lang='lat' dir='ltr'>nec</span> <span class='ocrx_word' id='word_1_210' title='bbox 1460 1504 1548 1529; x_wconf 82' lang='lat' dir='ltr'>om-</span> 
     </span>
     <span class='ocr_line' id='line_1_24' title="bbox 77 1546 1548 1600; baseline 0 -15"><span class='ocrx_word' id='word_1_211' title='bbox 77 1546 149 1585; x_wconf 83' lang='lat' dir='ltr'>nia</span> <span class='ocrx_word' id='word_1_212' title='bbox 174 1556 293 1586; x_wconf 86' lang='lat' dir='ltr'>extra</span> <span class='ocrx_word' id='word_1_213' title='bbox 322 1561 486 1585; x_wconf 88' lang='lat' dir='ltr'>omnem</span> <span class='ocrx_word' id='word_1_214' title='bbox 513 1546 827 1586; x_wconf 85' lang='lat' dir='ltr'>dubitationem</span> <span class='ocrx_word' id='word_1_215' title='bbox 853 1547 1006 1599; x_wconf 88' lang='lat' dir='ltr'>posita.</span> <span class='ocrx_word' id='word_1_216' title='bbox 1066 1548 1222 1600; x_wconf 85' lang='lat' dir='ltr'>Longe</span> <span class='ocrx_word' id='word_1_217' title='bbox 1242 1546 1482 1599; x_wconf 85' lang='lat' dir='ltr'>simplicior</span> <span class='ocrx_word' id='word_1_218' title='bbox 1499 1561 1548 1585; x_wconf 87' lang='lat' dir='ltr'>ac</span> 
     </span>
     <span class='ocr_line' id='line_1_25' title="bbox 79 1600 1551 1656; baseline 0 -15"><span class='ocrx_word' id='word_1_219' title='bbox 79 1603 222 1642; x_wconf 88' lang='lat' dir='ltr'>verior</span> <span class='ocrx_word' id='word_1_220' title='bbox 249 1602 357 1641; x_wconf 87' lang='lat' dir='ltr'>mihi</span> <span class='ocrx_word' id='word_1_221' title='bbox 385 1602 557 1655; x_wconf 88' lang='lat' dir='ltr'>quidem</span> <span class='ocrx_word' id='word_1_222' title='bbox 590 1602 815 1641; x_wconf 82' lang='lat' dir='ltr'>videbatur</span> <span class='ocrx_word' id='word_1_223' title='bbox 845 1604 897 1643; x_wconf 91' lang='lat' dir='ltr'>B.</span> <span class='ocrx_word' id='word_1_224' title='bbox 929 1610 970 1648; x_wconf 87' lang='lat'>3.</span> <span class='ocrx_word' id='word_1_225' title='bbox 998 1603 1130 1643; x_wconf 85' lang='lat' dir='ltr'>lectio</span> <span class='ocrx_word' id='word_1_226' title='bbox 1163 1600 1474 1656; x_wconf 79' lang='grc' dir='ltr'><strong><em>ἐπεδεικνύμην,</em></strong></span> <span class='ocrx_word' id='word_1_227' title='bbox 1515 1605 1551 1641; x_wconf 79' lang='lat' dir='ltr'>si</span> 
     </span>
     <span class='ocr_line' id='line_1_26' title="bbox 78 1658 1550 1713; baseline 0.001 -16"><span class='ocrx_word' id='word_1_228' title='bbox 78 1659 340 1712; x_wconf 75' lang='lat' dir='ltr'>ostender-‚em</span> <span class='ocrx_word' id='word_1_229' title='bbox 370 1669 420 1698; x_wconf 90' lang='lat' dir='ltr'>ut</span> <span class='ocrx_word' id='word_1_230' title='bbox 448 1659 574 1698; x_wconf 84' lang='lat' dir='ltr'>etiam</span> <span class='ocrx_word' id='word_1_231' title='bbox 608 1658 795 1698; x_wconf 65' lang='lat' dir='ltr'>Gesner-us</span> <span class='ocrx_word' id='word_1_232' title='bbox 824 1660 976 1699; x_wconf 86' lang='lat' dir='ltr'>vertit:</span> <span class='ocrx_word' id='word_1_233' title='bbox 1007 1663 1115 1700; x_wconf 88' lang='lat' dir='ltr'>male</span> <span class='ocrx_word' id='word_1_234' title='bbox 1146 1659 1394 1713; x_wconf 83' lang='lat' dir='ltr'>Obsopoeus:</span> <span class='ocrx_word' id='word_1_235' title='bbox 1422 1662 1459 1698; x_wconf 80' lang='lat' dir='ltr'>si</span> <span class='ocrx_word' id='word_1_236' title='bbox 1478 1676 1550 1699; x_wconf 84' lang='lat' dir='ltr'>os·-</span> 
     </span>
     <span class='ocr_line' id='line_1_27' title="bbox 82 1715 1549 1770; baseline 0 -16"><span class='ocrx_word' id='word_1_237' title='bbox 82 1716 298 1758; x_wconf 75' lang='lat' dir='ltr'>1enclz&#39;ssem.</span> <span class='ocrx_word' id='word_1_238' title='bbox 358 1715 501 1769; x_wconf 85' lang='lat' dir='ltr'>Quare</span> <span class='ocrx_word' id='word_1_239' title='bbox 540 1715 668 1755; x_wconf 85' lang='lat' dir='ltr'>facile</span> <span class='ocrx_word' id='word_1_240' title='bbox 697 1730 787 1754; x_wconf 89' lang='lat' dir='ltr'>eam</span> <span class='ocrx_word' id='word_1_241' title='bbox 822 1715 988 1757; x_wconf 87' lang='lat' dir='ltr'>admisi.</span> <span class='ocrx_word' id='word_1_242' title='bbox 1051 1718 1281 1770; x_wconf 82' lang='lat' dir='ltr'>Vulgatam</span> <span class='ocrx_word' id='word_1_243' title='bbox 1318 1730 1372 1756; x_wconf 86' lang='lat' dir='ltr'>ex</span> <span class='ocrx_word' id='word_1_244' title='bbox 1408 1730 1549 1756; x_wconf 85' lang='lat' dir='ltr'>errore</span> 
     </span>
     <span class='ocr_line' id='line_1_28' title="bbox 82 1770 1216 1824; baseline 0 -15"><span class='ocrx_word' id='word_1_245' title='bbox 82 1771 299 1810; x_wconf 84' lang='lat' dir='ltr'>scribendi</span> <span class='ocrx_word' id='word_1_246' title='bbox 318 1770 551 1824; x_wconf 88' lang='lat' dir='ltr'>aliquando</span> <span class='ocrx_word' id='word_1_247' title='bbox 576 1781 711 1810; x_wconf 92' lang='lat' dir='ltr'>ortam</span> <span class='ocrx_word' id='word_1_248' title='bbox 728 1771 860 1811; x_wconf 82' lang='lat' dir='ltr'>fuisse</span> <span class='ocrx_word' id='word_1_249' title='bbox 885 1772 1025 1813; x_wconf 86' lang='lat' dir='ltr'>credo.</span> <span class='ocrx_word' id='word_1_250' title='bbox 1055 1773 1216 1811; x_wconf 77' lang='lat' dir='ltr'>Lm-tm.</span> 
     </span>
    </p>

    <p class='ocr_par' dir='ltr' id='par_1_3' title="bbox 83 1825 1550 1939">
     <span class='ocr_line' id='line_1_29' title="bbox 195 1825 1550 1883; baseline 0.001 -16"><span class='ocrx_word' id='word_1_251' title='bbox 195 1827 299 1867; x_wconf 74' lang='lat' dir='ltr'><strong>Ead.</strong></span> <span class='ocrx_word' id='word_1_252' title='bbox 323 1831 350 1867; x_wconf 90' lang='lat' dir='ltr'><strong>l.</strong></span> <span class='ocrx_word' id='word_1_253' title='bbox 373 1834 412 1872; x_wconf 82' lang='lat'>3.</span> <span class='ocrx_word' id='word_1_254' title='bbox 438 1826 732 1881; x_wconf 75' lang='grc' dir='ltr'>’Λναῤῥίψομεν</span> <span class='ocrx_word' id='word_1_255' title='bbox 751 1825 821 1868; x_wconf 83' lang='grc' dir='ltr'>τὸν</span> <span class='ocrx_word' id='word_1_256' title='bbox 838 1825 992 1881; x_wconf 77' lang='grc' dir='ltr'>κύβον)</span> <span class='ocrx_word' id='word_1_257' title='bbox 1023 1828 1436 1883; x_wconf 80' lang='lat' dir='ltr'>Vid.Par0emiog1-.</span> <span class='ocrx_word' id='word_1_258' title='bbox 1477 1828 1550 1868; x_wconf 89' lang='lat' dir='ltr'>Sic</span> 
     </span>
     <span class='ocr_line' id='line_1_30' title="bbox 83 1884 1063 1953; baseline -0.005 -25"><span class='ocrx_word' id='word_1_259' title='bbox 83 1898 127 1938; x_wconf 89' lang='grc' dir='ltr'>Ρ</span> <span class='ocrx_word' id='word_1_260' title='bbox 150 1889 245 1928; x_wconf 89' lang='grc'>604</span> <span class='ocrx_word' id='word_1_261' title='bbox 273 1884 332 1936; x_wconf 91' lang='lat' dir='ltr'><strong>(i.</strong></span> <span class='ocrx_word' id='word_1_262' title='bbox 355 1899 390 1924; x_wconf 93' lang='lat' dir='ltr'>e.</span> <span class='ocrx_word' id='word_1_263' title='bbox 412 1898 489 1937; x_wconf 85' lang='lat' dir='ltr'>pro</span> <span class='ocrx_word' id='word_1_264' title='bbox 510 1885 668 1953; x_wconf 83' lang='lat' dir='ltr'>Imagg.</span> <span class='ocrx_word' id='word_1_265' title='bbox 694 1899 730 1925; x_wconf 90' lang='lat' dir='ltr'>c.</span> <span class='ocrx_word' id='word_1_266' title='bbox 756 1884 854 1939; x_wconf 89' lang='lat'><strong>16.)</strong></span> <span class='ocrx_word' id='word_1_267' title='bbox 885 1885 1063 1925; x_wconf 71' lang='lat' dir='ltr'>Boxum.</span> 
     </span>
    </p>

    <p class='ocr_par' dir='ltr' id='par_1_4' title="bbox 86 1938 1548 2050">
     <span class='ocr_line' id='line_1_31' title="bbox 195 1938 1548 1994; baseline -0.001 -14"><span class='ocrx_word' id='word_1_268' title='bbox 195 1941 346 1980; x_wconf 71' lang='lat' dir='ltr'><strong>Ead.1.</strong></span> <span class='ocrx_word' id='word_1_269' title='bbox 370 1947 436 1983; x_wconf 87' lang='lat'>11.</span> <span class='ocrx_word' id='word_1_270' title='bbox 475 1938 554 1993; x_wconf 80' lang='grc' dir='ltr'>Τὴν</span> <span class='ocrx_word' id='word_1_271' title='bbox 575 1938 741 1994; x_wconf 79' lang='grc' dir='ltr'><strong><em>λευκὴν)</em></strong></span> <span class='ocrx_word' id='word_1_272' title='bbox 772 1942 843 1981; x_wconf 90' lang='lat' dir='ltr'>De</span> <span class='ocrx_word' id='word_1_273' title='bbox 860 1940 927 1980; x_wconf 90' lang='lat' dir='ltr'>his</span> <span class='ocrx_word' id='word_1_274' title='bbox 947 1942 1121 1980; x_wconf 87' lang='lat' dir='ltr'>calculis</span> <span class='ocrx_word' id='word_1_275' title='bbox 1140 1956 1204 1981; x_wconf 86' lang='lat' dir='ltr'>res</span> <span class='ocrx_word' id='word_1_276' title='bbox 1224 1951 1340 1981; x_wconf 87' lang='lat' dir='ltr'>nota.</span> <span class='ocrx_word' id='word_1_277' title='bbox 1371 1941 1548 1982; x_wconf 68' lang='lat' dir='ltr'>Bonan.</span> 
     </span>
     <span class='ocr_line' id='line_1_32' title="bbox 86 1997 1382 2050; baseline -0.001 -13"><span class='ocrx_word' id='word_1_278' title='bbox 86 1997 155 2037; x_wconf 87' lang='lat' dir='ltr'>Cf.</span> <span class='ocrx_word' id='word_1_279' title='bbox 178 1998 355 2037; x_wconf 89' lang='lat' dir='ltr'>omnino</span> <span class='ocrx_word' id='word_1_280' title='bbox 376 1998 485 2036; x_wconf 83' lang='lat' dir='ltr'>Piso.</span> <span class='ocrx_word' id='word_1_281' title='bbox 507 2011 540 2036; x_wconf 91' lang='lat' dir='ltr'><strong>c.</strong></span> <span class='ocrx_word' id='word_1_282' title='bbox 564 2003 630 2040; x_wconf 89' lang='grc'>21.</span> <span class='ocrx_word' id='word_1_283' title='bbox 650 2009 757 2038; x_wconf 84' lang='lat' dir='ltr'><strong>extr.</strong></span> <span class='ocrx_word' id='word_1_284' title='bbox 783 1997 933 2050; x_wconf 86' lang='lat' dir='ltr'>ibique</span> <span class='ocrx_word' id='word_1_285' title='bbox 956 1998 1194 2039; x_wconf 87' lang='lat' dir='ltr'>observata.</span> <span class='ocrx_word' id='word_1_286' title='bbox 1225 2000 1382 2038; x_wconf 77' lang='lat' dir='ltr'><strong>anvt.</strong></span> 
     </span>
    </p>

    <p class='ocr_par' dir='ltr' id='par_1_5' title="bbox 85 2050 1554 2781">
     <span class='ocr_line' id='line_1_33' title="bbox 201 2050 1550 2108; baseline -0.001 -14"><span class='ocrx_word' id='word_1_287' title='bbox 201 2054 356 2095; x_wconf 80' lang='lat' dir='ltr'><strong>Ead.1.</strong></span> <span class='ocrx_word' id='word_1_288' title='bbox 384 2059 447 2098; x_wconf 91' lang='lat'>14</span> <span class='ocrx_word' id='word_1_289' title='bbox 478 2050 588 2096; x_wconf 70' lang='grc' dir='ltr'><em>Αὐτὸ</em></span> <span class='ocrx_word' id='word_1_290' title='bbox 609 2056 807 2107; x_wconf 72' lang='grc' dir='ltr'><em>θαρᾇῖν)</em></span> <span class='ocrx_word' id='word_1_291' title='bbox 831 2054 949 2093; x_wconf 72' lang='lat' dir='ltr'>‘Non</span> <span class='ocrx_word' id='word_1_292' title='bbox 972 2055 1101 2094; x_wconf 89' lang='lat' dir='ltr'>facile</span> <span class='ocrx_word' id='word_1_293' title='bbox 1121 2064 1228 2108; x_wconf 92' lang='lat' dir='ltr'>puto</span> <span class='ocrx_word' id='word_1_294' title='bbox 1250 2069 1303 2095; x_wconf 85' lang='lat' dir='ltr'>ex</span> <span class='ocrx_word' id='word_1_295' title='bbox 1324 2054 1391 2093; x_wconf 88' lang='lat' dir='ltr'>his</span> <span class='ocrx_word' id='word_1_296' title='bbox 1412 2054 1550 2094; x_wconf 80' lang='lat' dir='ltr'>verbis</span> 
     </span>
     <span class='ocr_line' id='line_1_34' title="bbox 88 2108 1552 2180; baseline -0.001 -28"><span class='ocrx_word' id='word_1_297' title='bbox 88 2108 278 2177; x_wconf 74' lang='grc' dir='ltr'><em>(κᾷκεῖνο</em></span> <span class='ocrx_word' id='word_1_298' title='bbox 299 2110 339 2151; x_wconf 81' lang='grc' dir='ltr'>δὲ</span> <span class='ocrx_word' id='word_1_299' title='bbox 362 2114 411 2163; x_wconf 84' lang='grc' dir='ltr'>νὴ</span> <span class='ocrx_word' id='word_1_300' title='bbox 437 2113 516 2151; x_wconf 88' lang='grc' dir='ltr'>Δία</span> <span class='ocrx_word' id='word_1_301' title='bbox 538 2112 696 2180; x_wconf 80' lang='grc' dir='ltr'><strong>προςὲτι</strong></span> <span class='ocrx_word' id='word_1_302' title='bbox 720 2129 787 2153; x_wconf 80' lang='grc' dir='ltr'>και</span> <span class='ocrx_word' id='word_1_303' title='bbox 817 2109 926 2166; x_wconf 73' lang='grc' dir='ltr'>αὐτῷ</span> <span class='ocrx_word' id='word_1_304' title='bbox 947 2114 1118 2165; x_wconf 75' lang='grc' dir='ltr'><em>θαρρεῖν</em></span> <span class='ocrx_word' id='word_1_305' title='bbox 1140 2118 1271 2158; x_wconf 85' lang='grc' dir='ltr'><em>ποιεῖ,</em></span> <span class='ocrx_word' id='word_1_306' title='bbox 1303 2111 1347 2153; x_wconf 87' lang='grc' dir='ltr'>τὸ</span> <span class='ocrx_word' id='word_1_307' title='bbox 1368 2110 1421 2165; x_wconf 86' lang='grc' dir='ltr'>μὴ</span> <span class='ocrx_word' id='word_1_308' title='bbox 1442 2129 1552 2152; x_wconf 86' lang='grc' dir='ltr'><em>παν-</em></span> 
     </span>
     <span class='ocr_line' id='line_1_35' title="bbox 85 2162 1552 2232; baseline -0.003 -23"><span class='ocrx_word' id='word_1_309' title='bbox 85 2167 259 2209; x_wconf 79' lang='grc' dir='ltr'><em>τάπασιν</em></span> <span class='ocrx_word' id='word_1_310' title='bbox 283 2162 488 2219; x_wconf 77' lang='grc' dir='ltr'><em>ἀλλότριον</em></span> <span class='ocrx_word' id='word_1_311' title='bbox 504 2164 610 2217; x_wconf 74' lang='grc' dir='ltr'>τάμὰ</span> <span class='ocrx_word' id='word_1_312' title='bbox 628 2165 731 2209; x_wconf 82' lang='grc' dir='ltr'>εἶναί</span> <span class='ocrx_word' id='word_1_313' title='bbox 758 2169 848 2232; x_wconf 63' lang='grc' dir='ltr'>σοι)</span> <span class='ocrx_word' id='word_1_314' title='bbox 880 2168 1138 2207; x_wconf 86' lang='lat' dir='ltr'>concinnum</span> <span class='ocrx_word' id='word_1_315' title='bbox 1171 2170 1263 2208; x_wconf 88' lang='lat' dir='ltr'>erui</span> <span class='ocrx_word' id='word_1_316' title='bbox 1293 2182 1419 2222; x_wconf 87' lang='lat' dir='ltr'>posse</span> <span class='ocrx_word' id='word_1_317' title='bbox 1450 2182 1552 2207; x_wconf 86' lang='lat' dir='ltr'>sen-</span> 
     </span>
     <span class='ocr_line' id='line_1_36' title="bbox 90 2221 1551 2277; baseline -0.001 -15"><span class='ocrx_word' id='word_1_318' title='bbox 90 2238 194 2266; x_wconf 82' lang='lat' dir='ltr'>sum</span> <span class='ocrx_word' id='word_1_319' title='bbox 242 2221 324 2263; x_wconf 85' lang='lat' dir='ltr'>Sed</span> <span class='ocrx_word' id='word_1_320' title='bbox 349 2223 497 2262; x_wconf 86' lang='lat' dir='ltr'>videor</span> <span class='ocrx_word' id='word_1_321' title='bbox 513 2223 621 2261; x_wconf 89' lang='lat' dir='ltr'>mihi</span> <span class='ocrx_word' id='word_1_322' title='bbox 644 2224 906 2263; x_wconf 88' lang='lat' dir='ltr'>verissimam</span> <span class='ocrx_word' id='word_1_323' title='bbox 928 2223 1152 2264; x_wconf 76' lang='lat' dir='ltr'>adsecutus</span> <span class='ocrx_word' id='word_1_324' title='bbox 1174 2226 1440 2277; x_wconf 79' lang='lat' dir='ltr'>scripturam,</span> <span class='ocrx_word' id='word_1_325' title='bbox 1474 2224 1551 2262; x_wconf 88' lang='lat' dir='ltr'>ubi</span> 
     </span>
     <span class='ocr_line' id='line_1_37' title="bbox 90 2276 1554 2335; baseline 0.001 -15"><span class='ocrx_word' id='word_1_326' title='bbox 90 2279 278 2334; x_wconf 84' lang='lat' dir='ltr'>legerim,</span> <span class='ocrx_word' id='word_1_327' title='bbox 298 2276 461 2335; x_wconf 70' lang='grc' dir='ltr'><em>κᾷκεῖνσ</em></span> <span class='ocrx_word' id='word_1_328' title='bbox 478 2280 519 2321; x_wconf 83' lang='grc' dir='ltr'>δὲ</span> <span class='ocrx_word' id='word_1_329' title='bbox 538 2277 590 2331; x_wconf 82' lang='grc' dir='ltr'>νὴ</span> <span class='ocrx_word' id='word_1_330' title='bbox 612 2282 692 2321; x_wconf 86' lang='grc' dir='ltr'>Δία</span> <span class='ocrx_word' id='word_1_331' title='bbox 709 2281 867 2333; x_wconf 82' lang='grc' dir='ltr'><em>προςὲτι</em></span> <span class='ocrx_word' id='word_1_332' title='bbox 887 2281 952 2322; x_wconf 79' lang='grc' dir='ltr'>καὶ</span> <span class='ocrx_word' id='word_1_333' title='bbox 972 2277 1069 2323; x_wconf 84' lang='grc' dir='ltr'>αὗτὸ</span> <span class='ocrx_word' id='word_1_334' title='bbox 1087 2284 1256 2334; x_wconf 77' lang='grc' dir='ltr'><em>θαρρεῖν</em></span> <span class='ocrx_word' id='word_1_335' title='bbox 1276 2287 1402 2330; x_wconf 83' lang='grc' dir='ltr'><em>ποιεῖ,</em></span> <span class='ocrx_word' id='word_1_336' title='bbox 1436 2279 1479 2322; x_wconf 86' lang='grc' dir='ltr'>τὸ</span> <span class='ocrx_word' id='word_1_337' title='bbox 1498 2279 1554 2333; x_wconf 83' lang='grc' dir='ltr'>μὴ</span> 
     </span>
     <span class='ocr_line' id='line_1_38' title="bbox 87 2333 1553 2390; baseline -0.003 -12"><span class='ocrx_word' id='word_1_338' title='bbox 87 2350 345 2378; x_wconf 79' lang='grc' dir='ltr'><em>πανταπασιν</em></span> <span class='ocrx_word' id='word_1_339' title='bbox 363 2333 547 2390; x_wconf 77' lang='grc' dir='ltr'><em>αλλὸτρια</em></span> <span class='ocrx_word' id='word_1_340' title='bbox 565 2333 670 2388; x_wconf 81' lang='grc' dir='ltr'>τᾶμα</span> <span class='ocrx_word' id='word_1_341' title='bbox 689 2339 791 2378; x_wconf 76' lang='grc' dir='ltr'><em>εἷναί</em></span> <span class='ocrx_word' id='word_1_342' title='bbox 807 2351 883 2379; x_wconf 82' lang='grc' dir='ltr'><strong>σοι.</strong></span> <span class='ocrx_word' id='word_1_343' title='bbox 941 2338 1130 2377; x_wconf 81' lang='lat' dir='ltr'>Dixerat</span> <span class='ocrx_word' id='word_1_344' title='bbox 1151 2338 1381 2387; x_wconf 75' lang='lat' dir='ltr'>Lucianus‚</span> <span class='ocrx_word' id='word_1_345' title='bbox 1415 2337 1553 2375; x_wconf 87' lang='lat' dir='ltr'>virum</span> 
     </span>
     <span class='ocr_line' id='line_1_39' title="bbox 92 2392 1553 2448; baseline 0 -16"><span class='ocrx_word' id='word_1_346' title='bbox 92 2394 212 2432; x_wconf 88' lang='lat' dir='ltr'>illum</span> <span class='ocrx_word' id='word_1_347' title='bbox 248 2393 509 2445; x_wconf 87' lang='lat' dir='ltr'>principem,</span> <span class='ocrx_word' id='word_1_348' title='bbox 561 2392 632 2431; x_wconf 87' lang='lat' dir='ltr'>cui</span> <span class='ocrx_word' id='word_1_349' title='bbox 659 2394 737 2431; x_wconf 86' lang='lat' dir='ltr'>uni</span> <span class='ocrx_word' id='word_1_350' title='bbox 764 2407 808 2432; x_wconf 86' lang='lat' dir='ltr'>se</span> <span class='ocrx_word' id='word_1_351' title='bbox 843 2393 1021 2446; x_wconf 88' lang='lat' dir='ltr'>probare</span> <span class='ocrx_word' id='word_1_352' title='bbox 1060 2394 1291 2448; x_wconf 83' lang='lat' dir='ltr'>gestiebat,</span> <span class='ocrx_word' id='word_1_353' title='bbox 1344 2407 1553 2447; x_wconf 82' lang='lat' dir='ltr'>quemque</span> 
     </span>
     <span class='ocr_line' id='line_1_40' title="bbox 92 2448 1553 2503; baseline -0.001 -15"><span class='ocrx_word' id='word_1_354' title='bbox 92 2463 225 2488; x_wconf 89' lang='lat' dir='ltr'>unum</span> <span class='ocrx_word' id='word_1_355' title='bbox 244 2448 356 2487; x_wconf 89' lang='lat' dir='ltr'>sibi</span> <span class='ocrx_word' id='word_1_356' title='bbox 347 2460 479 2488; x_wconf 78' lang='lat' dir='ltr'>instar</span> <span class='ocrx_word' id='word_1_357' title='bbox 500 2449 690 2487; x_wconf 86' lang='lat' dir='ltr'>omnium</span> <span class='ocrx_word' id='word_1_358' title='bbox 718 2449 811 2490; x_wconf 88' lang='lat' dir='ltr'>fore</span> <span class='ocrx_word' id='word_1_359' title='bbox 832 2449 1025 2499; x_wconf 81' lang='lat' dir='ltr'>dixerat,</span> <span class='ocrx_word' id='word_1_360' title='bbox 1058 2464 1220 2503; x_wconf 85' lang='lat' dir='ltr'>semper</span> <span class='ocrx_word' id='word_1_361' title='bbox 1240 2449 1381 2488; x_wconf 86' lang='lat' dir='ltr'>album</span> <span class='ocrx_word' id='word_1_362' title='bbox 1403 2459 1445 2489; x_wconf 91' lang='lat' dir='ltr'>et</span> <span class='ocrx_word' id='word_1_363' title='bbox 1463 2463 1553 2488; x_wconf 85' lang='lat' dir='ltr'>ser-</span> 
     </span>
     <span class='ocr_line' id='line_1_41' title="bbox 91 2505 1552 2561; baseline 0.001 -17"><span class='ocrx_word' id='word_1_364' title='bbox 91 2514 261 2545; x_wconf 87' lang='lat' dir='ltr'>vantem</span> <span class='ocrx_word' id='word_1_365' title='bbox 285 2519 423 2545; x_wconf 88' lang='lat' dir='ltr'>secum</span> <span class='ocrx_word' id='word_1_366' title='bbox 445 2507 555 2545; x_wconf 88' lang='lat' dir='ltr'>ferre</span> <span class='ocrx_word' id='word_1_367' title='bbox 585 2507 815 2554; x_wconf 85' lang='lat' dir='ltr'>calculum,</span> <span class='ocrx_word' id='word_1_368' title='bbox 849 2515 978 2560; x_wconf 86' lang='lat' dir='ltr'>atque</span> <span class='ocrx_word' id='word_1_369' title='bbox 1000 2505 1105 2546; x_wconf 89' lang='lat' dir='ltr'>adeo</span> <span class='ocrx_word' id='word_1_370' title='bbox 1126 2520 1170 2545; x_wconf 89' lang='lat' dir='ltr'>se</span> <span class='ocrx_word' id='word_1_371' title='bbox 1189 2521 1363 2561; x_wconf 84' lang='lat' dir='ltr'>magno,</span> <span class='ocrx_word' id='word_1_372' title='bbox 1409 2506 1482 2559; x_wconf 90' lang='lat' dir='ltr'>qui</span> <span class='ocrx_word' id='word_1_373' title='bbox 1507 2519 1552 2545; x_wconf 85' lang='lat' dir='ltr'>se</span> 
     </span>
     <span class='ocr_line' id='line_1_42' title="bbox 93 2561 1553 2617; baseline 0.001 -18"><span class='ocrx_word' id='word_1_374' title='bbox 93 2561 405 2616; x_wconf 83' lang='lat' dir='ltr'>caeteroquin&#39;</span> <span class='ocrx_word' id='word_1_375' title='bbox 394 2577 438 2600; x_wconf 82' lang='lat' dir='ltr'>in</span> <span class='ocrx_word' id='word_1_376' title='bbox 460 2561 635 2616; x_wconf 87' lang='lat' dir='ltr'>negotio</span> <span class='ocrx_word' id='word_1_377' title='bbox 660 2561 770 2600; x_wconf 88' lang='lat' dir='ltr'>tanti</span> <span class='ocrx_word' id='word_1_378' title='bbox 794 2562 997 2602; x_wconf 87' lang='lat' dir='ltr'>momenti</span> <span class='ocrx_word' id='word_1_379' title='bbox 1029 2572 1225 2615; x_wconf 80' lang='lat' dir='ltr'>suscepto</span> <span class='ocrx_word' id='word_1_380' title='bbox 1253 2571 1467 2617; x_wconf 83' lang='lat' dir='ltr'>gravaret,</span> <span class='ocrx_word' id='word_1_381' title='bbox 1500 2563 1553 2600; x_wconf 88' lang='lat' dir='ltr'>ti·</span> 
     </span>
     <span class='ocr_line' id='line_1_43' title="bbox 93 2617 1553 2674; baseline 0.001 -20"><span class='ocrx_word' id='word_1_382' title='bbox 93 2631 208 2656; x_wconf 89' lang='lat' dir='ltr'>more</span> <span class='ocrx_word' id='word_1_383' title='bbox 226 2618 370 2658; x_wconf 85' lang='lat' dir='ltr'>levari.</span> <span class='ocrx_word' id='word_1_384' title='bbox 431 2618 509 2658; x_wconf 76' lang='lat' dir='ltr'>Sed</span> <span class='ocrx_word' id='word_1_385' title='bbox 523 2618 726 2674; x_wconf 51' lang='lat' dir='ltr'>projecto,</span> <span class='ocrx_word' id='word_1_386' title='bbox 758 2619 920 2673; x_wconf 85' lang='lat' dir='ltr'>pergit,</span> <span class='ocrx_word' id='word_1_387' title='bbox 951 2617 1055 2658; x_wconf 79' lang='lat' dir='ltr'>illud</span> <span class='ocrx_word' id='word_1_388' title='bbox 1074 2634 1226 2674; x_wconf 83' lang='lat' dir='ltr'>quoque</span> <span class='ocrx_word' id='word_1_389' title='bbox 1242 2621 1366 2673; x_wconf 79' lang='lat' dir='ltr'>ipsum</span> <span class='ocrx_word' id='word_1_390' title='bbox 1384 2636 1442 2658; x_wconf 81' lang='lat' dir='ltr'>me</span> <span class='ocrx_word' id='word_1_391' title='bbox 1459 2635 1553 2658; x_wconf 83' lang='lat' dir='ltr'>am·-</span> 
     </span>
     <span class='ocr_line' id='line_1_44' title="bbox 90 2672 1550 2741; baseline 0.002 -31"><span class='ocrx_word' id='word_1_392' title='bbox 90 2672 198 2741; x_wconf 82' lang='lat' dir='ltr'>plius</span> <span class='ocrx_word' id='word_1_393' title='bbox 215 2677 430 2728; x_wconf 76' lang='lat' dir='ltr'>corfirmat,</span> <span class='ocrx_word' id='word_1_394' title='bbox 443 2674 549 2730; x_wconf 77' lang='lat' dir='ltr'>quod</span> <span class='ocrx_word' id='word_1_395' title='bbox 568 2691 624 2713; x_wconf 79' lang='lat' dir='ltr'>res</span> <span class='ocrx_word' id='word_1_396' title='bbox 643 2691 749 2713; x_wconf 84' lang='lat' dir='ltr'>meae</span> <span class='ocrx_word' id='word_1_397' title='bbox 768 2690 845 2713; x_wconf 82' lang='lat' dir='ltr'>non</span> <span class='ocrx_word' id='word_1_398' title='bbox 860 2685 950 2714; x_wconf 79' lang='lat' dir='ltr'>sunt</span> <span class='ocrx_word' id='word_1_399' title='bbox 965 2690 991 2712; x_wconf 87' lang='lat' dir='ltr'>a</span> <span class='ocrx_word' id='word_1_400' title='bbox 1013 2685 1050 2713; x_wconf 80' lang='lat' dir='ltr'>ie</span> <span class='ocrx_word' id='word_1_401' title='bbox 1063 2691 1223 2728; x_wconf 80' lang='lat' dir='ltr'>prorsus</span> <span class='ocrx_word' id='word_1_402' title='bbox 1241 2674 1402 2716; x_wconf 78' lang='lat' dir='ltr'>alienae.</span> <span class='ocrx_word' id='word_1_403' title='bbox 1427 2676 1550 2716; x_wconf 65' lang='lat' dir='ltr'>Jews.</span> 
     </span>
     <span class='ocr_line' id='line_1_45' title="bbox 97 2725 1552 2781; baseline -0.001 -9"><span class='ocrx_word' id='word_1_404' title='bbox 97 2725 235 2781; x_wconf 68' lang='lat' dir='ltr'>Auro)</span> <span class='ocrx_word' id='word_1_405' title='bbox 267 2731 422 2772; x_wconf 76' lang='lat' dir='ltr'>Vorstii</span> <span class='ocrx_word' id='word_1_406' title='bbox 438 2742 480 2773; x_wconf 85' lang='lat' dir='ltr'>et</span> <span class='ocrx_word' id='word_1_407' title='bbox 502 2731 624 2772; x_wconf 74' lang='lat' dir='ltr'>lensii</span> <span class='ocrx_word' id='word_1_408' title='bbox 640 2729 979 2772; x_wconf 86' lang='lat' dir='ltr'>emendationem</span> <span class='ocrx_word' id='word_1_409' title='bbox 1003 2729 1142 2773; x_wconf 86' lang='lat' dir='ltr'>firmat</span> <span class='ocrx_word' id='word_1_410' title='bbox 1169 2732 1224 2772; x_wconf 92' lang='lat' dir='ltr'>L.</span> <span class='ocrx_word' id='word_1_411' title='bbox 1249 2731 1422 2773; x_wconf 79' lang='lat' dir='ltr'>Codicis</span> <span class='ocrx_word' id='word_1_412' title='bbox 1448 2745 1552 2771; x_wconf 82' lang='lat' dir='ltr'>auc-</span> 
     </span>
    </p>
   </div>
  </div>
 </body>
</html>
