1834 3188
447 174 499 205 ιΝ
535 173 716 204 znnxm
752 173 844 204 VEL
881 171 1186 204 AN'rrocrwm.
1466 162 1567 210 497

106 269 214 327 quid
244 269 417 313 videtur
449 269 692 310 adtendisse
717 270 955 324 Obsopoeus.
990 270 1135 310 Οιιοιι.
1201 273 1289 312 Τῶν
1316 275 1496 327 νεογνῶν
1515 274 1565 313 P

105 339 148 369 et
167 329 224 369 L.
281 329 334 368 In
361 328 537 382 reliquis
559 342 689 381 prave
716 328 874 381 legitur
894 325 938 369 τὸ
957 325 1137 382 νεογνόν.
1170 325 1338 369 SOLAN
1397 327 1568 382 Quodsi

103 399 235 440 prave
254 387 422 439 legatur
443 384 488 426 τό
506 383 697 438 νεογνὸν,
729 398 818 423 non
843 383 971 424 video
993 395 1158 434 tamen,
1192 383 1329 438 quid'
1317 399 1361 423 m
1382 389 1461 426 τῶν
1481 402 1570 427 νεο-

102 459 213 507 yvmv
233 442 518 495 praestantius
550 439 768 480 habeatur.
829 440 875 481 Si
898 450 1059 481 attente
1091 441 1187 494 quis
1210 439 1398 481 Gronovii
1420 441 1570 480 obser-

104 498 322 539 vationem
353 498 529 552 legerit,
559 496 793 550 seduloque
823 496 873 534 ad
901 507 1063 536 textum
1092 500 1312 551 vulgatum
1328 511 1571 563 compara-

104 555 240 604 verit,
273 555 349 594 vix
375 555 481 606 erit,
514 553 692 606 opinor,
726 551 842 606 quod
875 554 1059 608 eleganti
1085 563 1127 593 et
1152 562 1277 592 acuto
1296 553 1377 593 viri
1401 554 1568 607 judicio

105 612 294 666 graviter
318 620 573 664 opponatur.
632 610 809 648 Sensum
832 619 945 650 certe
941 586 1137 649 DLuciani
1151 624 1245 649 eum
1267 620 1379 649 recte
1403 611 1568 665 attigis-

105 682 170 719 se,
203 681 326 707 nemo
346 667 473 706 facile
494 665 732 717 dubitabit,
763 666 868 704 licet
888 665 971 704 de
960 667 1064 719 lpsis
1085 667 1226 705 verbis
1255 667 1571 706 constituendis

106 724 152 763 in
177 724 299 763 aliam
331 722 548 762 discedere
574 721 713 775 possis
747 722 1018 763 sententiam.
1080 722 1352 776 Quapropter
1370 733 1411 763 et
1434 724 1574 763 inter-

105 790 246 834 pretes
281 779 488 829 Gesnerus,
518 779 682 818 Belinus
702 788 745 818 et
773 777 1021 819 Wielanclius
1054 778 1244 818 Gronovii
1268 779 1475 819 rationem
1500 795 1573 819 ac—

107 847 252 876 curate
282 836 419 876 secuti
460 845 572 876 sunt.
642 834 735 874 Nos
765 848 892 885 vero,
931 834 1032 888 quia
1061 835 1188 874 etiam
1217 835 1343 875 aliter
1365 835 1573 876 Lucianus·

104 892 280 933 eandem
300 907 385 931 rem
404 891 657 944 expressisse
684 892 826 944 putari
845 900 1009 944 potest,
1041 891 1168 931 verba
1190 891 1292 930 olim
1315 895 1491 945 vulgata*
1510 908 1572 932 re-

105 949 245 988 tinere
275 949 408 987 satius
429 946 642 987 duximus.
704 947 902 987 Ceterum
932 945 1048 1001 quod
1079 949 1148 989 καὶ
1173 952 1290 990 τοῦτο
1312 961 1333 986 a
1357 948 1573 988 Bene-dicto

104 1005 157 1043 ad
193 1005 415 1058 sequentia
457 1004 628 1057 potius,
672 1018 796 1058 quam
831 1003 884 1042 ad
924 1003 1244 1069 praecedentia,
1288 1006 1467 1043 relatum
1495 1015 1572 1056 est,

104 1062 267 1100 factum
290 1059 336 1099 id
358 1063 479 1114 culpa
510 1070 699 1100 veterum
726 1061 1009 1111 Editionum,
1044 1061 1090 1098 in
1116 1060 1272 1115 quibus
1296 1060 1495 1101 omnibus
1523 1076 1572 1101 ac

102 1117 286 1174 singulis
310 1127 408 1170 post
428 1115 613 1170 φοβεοόν
634 1120 757 1186 plene
779 1116 1029 1155 distinctum
1053 1116 1194 1157 video.
1224 1118 1386 1156 L1:11M.

215 1173 458 1217 Ead.1.11.
485 1171 655 1232 Ένχρῷ
684 1197 735 1203 -
766 1171 1099 1228 προςιστάμενοι)
1129 1173 1224 1212 Etsi
1244 1173 1507 1228 praepositio
1530 1174 1574 1216 ἔν

103 1230 178 1270 hic
200 1231 276 1270 vix
297 1229 440 1270 abesse
466 1240 616 1282 queat,
650 1229 812 1270 accedit
832 1240 971 1269 tamen
993 1229 1045 1268 ad
1066 1233 1380 1282 pleonasmum‚
1414 1230 1463 1269 de
1487 1245 1574 1284 quo

104 1287 225 1327 Dial.
246 1286 438 1339 praeced.
473 1286 685 1327 Herodot.
709 1301 784 1340 cap
791 1290 867 1331 ..5
894 1285 946 1324 ad
969 1285 1094 1326 verba
1122 1290 1336 1336 παίζουσιν
1360 1288 1401 1328 ἐν
1422 1285 1572 1338 ὅπλοις,

104 1344 305 1383 diximus.
338 1343 499 1384 Rmrz.
559 1342 672 1382 Vide
703 1343 850 1396 potius
879 1341 1023 1381 adnot.
1045 1341 1095 1380 ad
1116 1343 1311 1385 Hermot.
1335 1358 1369 1382 c.
1393 1345 1434 1387 5.
1459 1343 1575 1383 unde

102 1399 270 1453 patebit
297 1398 410 1439 nihil
435 1399 508 1438 hic
537 1413 629 1439 esse
659 1399 917 1454 pleonasmi‚
956 1399 1043 1438 nisi
1076 1399 1211 1453 ipsam
1239 1399 1390 1440 Reitzii
1415 1409 1575 1440 notam.

101 1457 261 1496 LEHM.

219 1512 321 1565 Pag
345 1516 439 1557 136.
471 1513 498 1553 l.
523 1517 562 1556 6.
602 1512 802 1566 Περίβαλε
830 1535 888 1543 --
916 1511 987 1552 καὶ
1011 1506 1239 1566 οἷροῖμενοι)
1278 1511 1424 1552 Unum
1458 1511 1577 1553 adlo-

104 1568 254 1624 quitur
283 1568 566 1621 discipulum,
599 1578 740 1608 tamen
766 1568 975 1623 singulari
997 1577 1039 1608 et
1066 1567 1223 1641 plurali
1253 1583 1428 1608 numero
1449 1570 1577 1609 simul

103 1626 266 1675 utitur,
300 1624 470 1666 dicens:
501 1623 572 1680 α’γε
593 1628 807 1672 Μικκίων,
837 1627 1021 1679 περίβαλε
1041 1623 1115 1677 τήν
1138 1621 1297 1676 εἰκόνα,
1329 1626 1398 1667 καὶ
1426 1621 1578 1680 ἀράμε-

103 1699 170 1725 νοι
199 1679 471 1734 ἀποκομίζετε.
539 1683 738 1721 Hoccine
770 1679 1014 1724 ἀσύστατον·
1057 1681 1210 1721 involve
1239 1682 1314 1722 hoc
1343 1693 1378 1721 et
1412 1683 1576 1739 aufer-‚te

106 1740 179 1778 De
207 1738 382 1778 Graecis
411 1751 583 1777 securus
625 1738 849 1791 Obsopoeus
877 1749 1107 1791 utrumque
1152 1739 1361 1793 singulari
1398 1753 1576 1778 numero

107 1793 319 1844 reddidit,
352 1809 442 1848 age,
473 1810 589 1847 puer,
620 1794 837 1833 involuiam
852 1797 1052 1847 picturam
1072 1811 1120 1834 au
1146 1811 1195 1835 er
1257 1793 1338 1833 Sed
1364 1808 1415 1833 an
1439 1804 1578 1848 poste·

107 1852 222 1890 riora
246 1850 291 1888 in
315 1851 573 1904 singularem
594 1860 721 1889 erunt
742 1850 968 1899 mutanda,
1000 1853 1067 1889 vel
1088 1864 1322 1903 pronomen
1344 1847 1457 1903 ὑμεῖς
1478 1861 1578 1890 ante

107 1905 309 1961 ἆραμενοι
334 1906 545 1946 excidisse
576 1904 842 1946 dicendum?
882 1906 1005 1960 quia,
1036 1916 1262 1960 postquam
1299 1921 1431 1946 unum
1467 1921 1580 1960 pue-

106 1979 201 2004 rum
227 1964 449 2003 involvere
478 1964 683 2016 picturam
714 1965 914 2016 jusserat,
945 1962 1044 2002 dein
1069 1976 1298 2002 conversus
1331 1961 1381 2001 ad
1415 1972 1578 2002 ceteros

111 2019 292 2060 dixerit:
324 2028 366 2058 et
382 2033 458 2058 vos
481 2033 571 2059 eam
594 2019 763 2059 domum
786 2020 974 2070 auferte,
1006 2019 1167 2072 quippe
1187 2033 1294 2072 quae
1317 2022 1451 2086 major
1474 2029 1576 2067 erat,

112 2089 238 2129 quam
259 2085 309 2114 ut
327 2075 378 2113 ab
402 2090 491 2114 uno
515 2074 736 2115 commode
760 2076 923 2129 portari
942 2085 1099 2129 posset.
1145 2075 1203 2113 At
1222 2084 1363 2128 potest
1383 2072 1497 2127 ὑμεῖς
1516 2075 1579 2113 sic

109 2146 185 2185 per
206 2145 251 2171 se
272 2133 375 2170 satis
397 2131 606 2195 intelligi,
635 2131 733 2172 ideo
754 2132 868 2171 nihil
891 2142 1033 2178 muto;
1068 2132 1170 2186 quin
1193 2134 1260 2171 vel
1285 2131 1376 2171 sine
1392 2131 1580 2170 transitu.

109 2188 173 2227 sic
196 2196 340 2240 potest
371 2187 530 2239 accipi,
561 2198 610 2227 ut
631 2203 762 2227 unum
793 2189 968 2228 nomine
1000 2202 1159 2228 vocans
1180 2188 1219 2227 ei
1240 2187 1367 2226 simul
1391 2186 1577 2236 mandet,

113 2244 219 2298 quid
239 2243 289 2281 ab
312 2257 377 2292 eo,
401 2243 505 2296 quid
526 2243 575 2282 ab
597 2245 773 2298 reliquis
797 2244 888 2284 fieri
909 2243 1026 2295 velit,
1045 2243 1230 2297 ideoque
1253 2258 1427 2293 comma,
1456 2217 1578 2297 quod

112 2302 159 2339 in
186 2301 314 2341 Pans
339 2308 439 2353 post
470 2298 606 2341 εἰκόνα
636 2310 746 2350 erat,
779 2301 968 2350 servavi,
999 2300 1116 2354 quod
1150 2299 1277 2340 Salm.
1301 2300 1345 2338 in
1369 2310 1578 2367 punctum

111 2357 317 2396 mutavit:
349 2354 394 2393 id
418 2370 517 2395 vero
541 2357 575 2394 si
601 2357 696 2410 quis
719 2357 987 2409 praetulerit,
1010 2367 1057 2396 ut
1078 2369 1235 2396 novum
1254 2370 1276 2394 a
1299 2357 1365 2397 καὶ
1384 2352 1579 2410 ἀράμενοι

112 2412 358 2452 mandatum
381 2412 587 2464 incipiat,
621 2422 764 2465 potest
786 2413 987 2466 recipere.
1047 2413 1126 2451 Est
1147 2423 1286 2452 tamen
1311 2412 1477 2452 locutio
1506 2428 1579 2452 ra·-

111 2469 216 2519 rior,
233 2483 311 2508 nec
335 2468 544 2521 permittit
563 2477 728 2521 tempus
750 2483 839 2508 eam
862 2469 1067 2522 exemplis
1083 2468 1310 2508 adstruere.
1343 2469 1439 2507 Alia
1462 2469 1576 2508 enim

113 2528 303 2579 enallage
321 2535 383 2564 est
402 2524 506 2563 haec
517 2525 924 2578 AristophanisPlut.
937 2530 1030 2569 527
1041 2522 1224 2577 -οὕχὲς
1230 2542 1284 2573 εις
1302 2521 1387 2567 σι”τ
1410 2527 1451 2566 ἔν
1462 2528 1577 2579 κλίνῃ

113 2584 405 2635 καταδαρθεῖν,
438 2598 485 2622 ου
530 2598 579 2635 αρ
601 2584 777 2623 ε’·σονται
807 2581 900 2620 Νοη
922 2581 1052 2621 licebit
1075 2582 1182 2621 tibi
1168 2599 1208 2620 ιη
1232 2581 1375 2621 lectulo
1393 2581 1574 2631 dormire,

114 2653 194 2676 non
217 2640 316 2677 enim
333 2648 463 2687 erunt,
495 2599 613 2691 (scil.
635 2638 776 2687 lecti).
832 2638 897 2675 Ev
888 2651 995 2704 ang.
1015 2638 1116 2677 Luc.
1142 2637 1193 2686 V,
1213 2642 1253 2681 4.
1284 2637 1436 2693 ἐπανάγ
1440 2657 1487 2692 ay
1491 2655 1507 2680 ε
1536 2640 1579 2687 ἐς

115 2691 160 2736 τὸ
186 2692 337 2747 βάθος,
366 2696 435 2736 καὶ
453 2694 647 2747 χαλασατε
665 2692 713 2737 τὰ
736 2696 878 2738 δίκτυα
895 2691 1022 2747 ὑμῶν
1081 2695 1139 2733 Et
1156 2694 1319 2734 Aelian.
1347 2695 1574 2736 Va1·.Hist.

161 2761 309 2794 Luci-an
338 2761 416 2795 Vol.
444 2763 511 2795 IV.
1240 2751 1295 2788 I
1285 2765 1298 2788 1
