1834 3188
289 209 391 260 514
644 219 1404 253 ADNOTAT10NES

288 322 460 365 inscite.
519 321 668 361 Vertez
702 318 787 358 Hic
809 329 934 360 certus
952 332 1123 357 meorum
1144 318 1376 371 scriptorum
1397 335 1537 373 scopus
1551 306 1618 359 {st-
1680 321 1757 359 N·-

286 380 348 421 hil
363 379 476 419 dubii
493 377 682 431 reliquum
696 406 706 424 ,
738 370 836 414 αᾶεο
857 386 899 414 ut
920 391 989 414 nec
1005 377 1047 413 in
1061 385 1256 428 posterum
1274 378 1478 430 quisquam
1505 376 1753 416 dubitaturus

286 441 337 477 sit
350 466 360 485 ,
391 438 490 475 sitne
509 435 584 474 hoc
603 435 711 472 omni
726 431 941 471 eruditione
959 430 1270 488 ufir-tissimum,
1302 432 1410 486 qnod
1431 444 1536 472 tuum
1546 434 1636 488 fert
1655 434 1750 489 suf*-

271 495 484 551 jiugium,
517 506 568 529 an
596 491 779 530 omnium.
838 488 1053 528 Nimirum
1087 497 1206 526 tuum
1240 488 1490 543 suffragium
1519 489 1625 528 mihi
1660 500 1748 540 est,

286 559 329 591 et
347 550 444 589 aliis
466 547 591 587 etiam
613 545 718 593 erit,
753 545 886 584 instar
908 544 1110 584 omnium.
1143 544 1322 582 GnAEv.

397 602 501 644 EacI.
522 602 549 646 1.
575 607 638 646 11.
657 599 816 656 ”Ορος)
836 599 967 656 ’Ὀρος
985 601 1213 656 sive-finis,
1245 600 1317 639 hic
1338 611 1399 640 est
1421 601 1606 657 definitio,
1666 603 1753 644 Ju—

287 662 403 702 dicio
424 661 534 709 viri,
566 659 635 698 cui
658 656 897 707 blanditur,
933 660 1026 697 vult
1050 657 1257 697 constitui
1280 671 1327 695 ao
1348 658 1540 709 definiri,
1574 659 1677 712 quid
1701 659 1752 697 de

286 732 331 757 se
351 717 510 757 sentire
539 715 719 769 debeant
740 715 909 769 reliqui.
972 717 1049 756 Σοί
1078 731 1122 770 γε
1151 712 1272 763 δόξαν
1307 713 1503 754 absolute
1533 716 1749 769 positum,

284 785 334 814 ut
359 773 611 813 sexcenties.
628 772 784 811 ‘Gnsnn

395 824 497 870 End.
520 831 547 869 1.
569 833 636 872 12.
662 824 765 870 'Au’
791 824 819 882 ἢ
839 825 1004 878 ὄριστον
1024 826 1122 870 κατὰ
1143 829 1327 869 παιδείαν
1358 826 1491 880 δεήσει
1517 830 1751 881 νομίζεσθαι

287 889 413 943 σοίγε
430 884 552 935 δόξαν
571 882 599 937 ἢ
617 883 807 935 πάντων)
850 884 1075 938 Obsopoeus
1105 884 1218 938 apud
1251 885 1513 924 Basileenses
1543 895 1586 924 et
1616 887 1753 925 Bour-

286 943 523 991 delotium9
556 941 624 981 sed
643 952 713 980 aut
732 944 918 995 optimum
937 944 1062 995 juxta
1091 941 1325 995 disciplinas
1351 941 1638 980 aestimandum
1671 952 1750 988 est,

284 1000 392 1057 quod
411 999 484 1038 tibi
498 1009 675 1052 apportet
697 998 786 1051 (sic
816 997 1120 1039 Bourdelotius:
1158 1008 1201 1036 at
1232 999 1275 1036 in
1307 998 1545 1037 Basileensi
1577 1004 1753 1052 oportet)

281 1057 477 1112 gloriam,
517 1066 587 1094 aut
616 1057 803 1094 omnium.
862 1053 1119 1103 Benedictus,
1161 1056 1256 1108 quin
1283 1054 1327 1093 iti
1365 1056 1538 1094 omnium
1564 1057 1754 1108 optimum

242 1128 244 1130 ’
278 1117 406 1169 juxta
427 1111 660 1164 disciplinas
677 1112 900 1150 existimari
915 1121 1115 1163 oporteat,
1147 1110 1254 1164 quod
1270 1110 1343 1149 tibi
1359 1112 1483 1149 visum
1486 1111 1632 1167 fuerit.
1665 1110 1757 1148 Un-

286 1169 340 1209 de
362 1178 560 1222 apparet,
591 1168 686 1205 illas
714 1180 842 1206 voces
866 1169 931 1208 σοί
959 1183 1000 1220 γε
1026 1165 1148 1216 δόξαν
1174 1166 1316 1204 verius
1350 1166 1485 1205 fuisse
1514 1167 1754 1206 intellectas

286 1225 336 1266 ab
357 1223 594 1273 Benedicta,
636 1237 731 1261 cum
761 1233 875 1261 certe
902 1223 1109 1262 Lucianus
1141 1221 1192 1261 de
1223 1222 1387 1275 judicio
1418 1233 1538 1277 agat,
1582 1237 1669 1262 non
1705 1222 1756 1261 de

286 1282 454 1336 gloria;
507 1289 550 1319 et
580 1278 764 1319 editioni
796 1278 1016 1318 Basileensi
1046 1279 1274 1332 adscripsit
1302 1288 1444 1333 pater,
1495 1290 1562 1319 tuo
1585 1279 1754 1333 judicio.

285 1337 370 1379 Sed
394 1352 488 1377 cum
512 1337 548 1375 is
570 1337 662 1388 ipse
680 1335 914 1375 Benedictus
935 1349 1022 1373 non
1047 1336 1306 1388 perciperet,
1340 1350 1422 1390 quo
1442 1345 1652 1388 postrema
1678 1336 1760 1373 ista

283 1393 314 1450 ἢ
332 1393 500 1437 πάντων
526 1391 747 1433 referenda
768 1401 923 1442 essent,
957 1392 1123 1430 omissis
1152 1391 1315 1430 duabus
1338 1391 1618 1431 adversativis
1637 1389 1665 1445 ἢ
1688 1391 1761 1429 in-

284 1451 505 1506 eptissima
526 1448 704 1488 licentia
724 1462 870 1488 vocem
890 1446 1055 1489 πάντων
1073 1448 1368 1502 superioribus
1389 1448 1639 1496 immiscuit,
1665 1463 1758 1487 cum

284 1517 425 1547 tamen
446 1505 696 1559 simpliciter
715 1505 825 1543 verti
845 1502 1040 1555 deberet,
1075 1519 1122 1543 ac
1143 1504 1375 1543 clarissima
1397 1505 1452 1543 sit
1474 1505 1760 1557 aposiopesis,

284 1563 472 1604 verentis
505 1560 669 1615 aliquid
699 1561 971 1614 arrogantius
999 1564 1067 1600 vel
1094 1559 1356 1599 invidiosius
1381 1561 1594 1613 proferre,
1641 1560 1758 1614 quod

284 1629 385 1673 post
402 1633 547 1658 vocem
563 1613 728 1659 πάντων
746 1626 886 1655 tamen
906 1616 1186 1669 promittebat
1205 1617 1412 1655 sermonis
1436 1632 1593 1659 cursus.
1655 1618 1759 1656 Ver-

285 1685 328 1714 te
354 1675 510 1728 igitur:
544 1676 638 1728 quin
654 1668 697 1712 id
712 1672 776 1712 vel
791 1673 980 1726 optimum
1006 1672 1060 1711 ad
1079 1673 1301 1712 doctrinam
1319 1675 1545 1713 existimari
1567 1685 1756 1728 oporteat,

285 1731 393 1786 quod
412 1729 486 1770 tibi
503 1730 781 1787 visumjiterit,
813 1728 877 1769 vel
892 1732 1075 1771 omnium.
1110 1730 1255 1768 Gnow.

397 1786 500 1827 Εαᾶ.
520 1789 548 1826 lt
574 1792 638 1831 13.
659 1783 894 1827 ''Hndvtmv
921 1810 979 1816 —
1009 1784 1204 1840 εὐφημεῖν
1224 1786 1286 1837 δὲ)
1316 1787 1502 1840 Elegans
1525 1781 1758 1838 ἆποσιῶπη·

286 1858 368 1894 σις,
401 1857 509 1899 quae
542 1843 659 1898 fugit
681 1853 826 1881 omnes
852 1842 1128 1895 interpretes,
1173 1852 1338 1895 praeter
1363 1842 1616 1882 Gronovium.
1679 1845 1759 1883 Ni-

284 1901 437 1940 mirum
458 1899 534 1938 ‘ubi
560 1899 763 1948 dixisset,
794 1897 880 1936 sibi
907 1913 993 1937 non
1025 1897 1218 1938 sufficere
1235 1929 1246 1948 ‚
1290 1899 1406 1951 quod
1431 1902 1583 1953 vulgus
1620 1901 1759 1951 ipsum

286 1956 538 1995 admiratum
559 1954 704 2004 fuerit,
721 1954 926 2008 quodque
946 1969 1160 1994 sermones
1181 1955 1247 1993 sui
1268 1952 1499 1993 laudentur
1518 1955 1568 1992 ab
1590 1955 1758 1994 audito·

285 2013 424 2053 ribus:
445 2027 491 2052 ea
517 2013 659 2051 omnia
682 2024 771 2051 esse
784 2025 915 2050 vana:
939 2021 982 2049 at
1001 2025 1129 2060 nunc,
1145 2011 1180 2048 si
1204 2024 1326 2049 verus
1350 2011 1423 2049 ille
1441 2025 1575 2050 rerum
1607 2013 1757 2050 existi-

286 2079 423 2108 mator
443 2068 662 2121 judicarit,
694 2066 753 2117 id,
777 2063 895 2121 quod
917 2081 1062 2106 verum
1096 2068 1167 2115 sit,
1202 2066 1538 2106 demonstratum
1570 2068 1649 2119 iri3
1682 2068 1757 2107 id-

287 2139 370 2179 que
402 2135 449 2163 ut
481 2124 576 2174 fiat,
609 2139 652 2164 se
681 2123 809 2162 unice
838 2132 1006 2176 petere:
1038 2121 1157 2165 οὐδὲν
1178 2116 1404 2176 ἀμφίδοξον
1426 2125 1505 2174 ἔτι,
1538 2127 1756 2178 persequi-

286 2191 377 2233 tur,
410 2176 499 2223 οὐδ’
525 2178 578 2230 ὥς
599 2180 650 2221 ἅν
669 2196 729 2229 τις
756 2175 1022 2227 ἐνδοιάσειεν,
1063 2177 1149 2221 ἀλλ’
1180 2178 1207 2233 ἢ
1238 2179 1405 2232 ἄριστον
1435 2179 1539 2221 κατὰ
1568 2185 1756 2223 παιδείαν

285 2235 418 2290 δεήσει
432 2240 687 2290 νομίζεσθαι,
722 2238 789 2278 σοί
804 2253 847 2291 γε
865 2233 1001 2286 δόξαν,
1032 2232 1060 2287 ἢ
1078 2235 1252 2278 πάντων.
1287 2231 1484 2289 εὐφημεῖν
1503 2238 1545 2279 δὲ
1559 2237 1635 2290 χρὴ
1653 2237 1757 2290 πρὸς

286 2293 393 2336 οὕτω
413 2296 535 2350 μέγαν
553 2291 691 2348 ἀγῶνα
706 2293 927 2346 χωροῦντα.
968 2292 1087 2333 Nihil
1099 2293 1291 2346 amplius,
1325 2293 1432 2348 qnod
1447 2297 1500 2333 sit
1516 2295 1754 2347 ambiguum,

285 2366 355 2390 nec
375 2348 422 2389 tle
442 2360 518 2406 'quo
536 2353 742 2405 quisquam
763 2346 945 2388 dubitare
961 2350 1106 2402 possit,
1149 2350 1218 2389 sed
1246 2349 1310 2388 vel
1326 2352 1512 2403 optimum
1542 2350 1756 2389 eruditione

285 2408 477 2460 oportebit
507 2410 672 2456 censeri,
712 2405 748 2445 si
770 2404 844 2445 tibi
869 2406 1026 2461 quidem
1055 2407 1113 2445 ita
1142 2410 1265 2446 visum
1284 2406 1437 2461 sicet-it,
1479 2407 1543 2446 vel
1565 2409 1751 2448 omnium.

278 2463 479 2503 'Asthene
499 2461 669 2504 ominari
685 2473 834 2515 oportet
859 2479 965 2512 eum,
999 2465 1070 2516 qui
1096 2462 1151 2500 ad
1182 2473 1334 2501 tantum
1369 2474 1559 2502 certamen
1582 2478 1754 2515 progr-e·-

285 2517 402 2558 ἀίων.
461 2518 749 2559 Manifestum
774 2529 856 2569 est,
889 2521 1078 2558 voluisse
1096 2519 1346 2568 Lucianum,
1381 2518 1754 2571 oportebitjuclica—

284 2576 319 2611 ri
336 2575 398 2613 vel
412 2576 600 2629 optimum
619 2574 852 2626 eruditione,
886 2579 921 2615 si
940 2576 1030 2624 tibi,
1064 2578 1176 2614 unice
1197 2576 1363 2624 arbiter,
1397 2579 1453 2614 ita
1477 2575 1751 2629 visumfiterit,

281 2628 346 2667 vel
362 2635 531 2672 omnium
548 2635 770 2685 pessimum.
831 2633 965 2687 Neque
984 2648 1087 2671 nunc
1107 2631 1278 2684 amplius
1301 2631 1412 2671 locus
1435 2630 1554 2668 dubio
1575 2634 1753 2670 incerto-

280 2698 326 2722 ve
350 2686 620 2740 relinquendus
649 2700 722 2738 est,
768 2687 863 2727 dum
891 2687 966 2727 alii
990 2688 1142 2727 scilicet
1173 2688 1290 2726 aliter
1309 2687 1510 2740 judicem,
1550 2698 1584 2724 et
1615 2690 1672 2727 sic
1703 2685 1750 2725 de

280 2741 457 2780 universa
483 2747 772 2784 existimatione
811 2748 986 2785 omnium
1026 2742 1130 2783 nihil
1162 2746 1258 2782 certi
1286 2753 1403 2796 queat
1443 2742 1607 2782 decerni.
1670 2739 1750 2783 Se'cl
