1834 3188
289 179 388 225 682
642 189 1397 221 ADNO'rArroNsss

285 298 399 339 erat,
433 297 481 327 ut
502 286 641 342 ἡμῶν,
675 296 723 326 ut
740 286 1006 340 ineptissima
1035 287 1179 339 Ῑθοῐὶο,
1202 289 1495 356 corrigeretur.
1537 288 1670 344 Atqui
1695 289 1743 328 il-

283 345 390 386 lud'
379 360 519 398 ipsum
543 343 849 398 ἕτέρανΒεΖιξηας
869 359 890 384 e
910 343 1017 385 Cod.
1029 349 1153 388 3011.
1171 346 1216 384 in
1240 341 1436 399 ημετέραν
1455 347 1608 384 mutari
1634 349 1741 386 vult.

283 403 538 443 Probissirne
564 416 690 451 sane,
722 401 932 453 siquidem
958 400 1002 439 id
1028 415 1148 456 agas,
1179 410 1227 440 ut
1255 410 1345 440 tota
1370 401 1556 441 narratio
1582 402 1745 455 turpis-

284 461 389 500 sime
413 433 706 498 conturbetur.
765 457 816 496 In
837 456 954 496 hunc
974 457 1099 496 finem
1123 458 1248 496 etiam
1269 457 1611 497 foedissimorum
1629 472 1745 498 men-

284 516 434 555 dorum
455 529 555 553 usus
579 513 762 567 aliquis,
797 513 921 567 isque
943 527 1066 566 saepe
1088 514 1299 567 optimus,
1333 529 1421 554 esse
1445 524 1600 565 potest.
1659 514 1747 554 Ce-

282 582 417 612 terum
436 568 550 625 ὗμῶν
582 584 604 609 a
622 569 814 610 Reitzio
802 584 846 607 m
871 579 1035 609 textum
1067 580 1282 624 receptum
1303 580 1345 610 et
1367 586 1387 609 a
1414 570 1580 611 Gesner-o
1601 569 1742 610 reddi-

281 639 372 668 tum
393 642 505 674 esse,
537 623 690 680 probat
722 627 1012 666 severissimus
1040 627 1142 665 alias
1177 626 1402 666 Editionis
1424 627 1554 667 Rectz.
1587 641 1738 668 censor

282 685 328 724 in
348 685 491 725 Novv.
511 684 628 723 Actt.
649 681 813 722 Erudd.
835 697 869 725 a
894 684 1382 736 1745.p.246.L1-.11M.

394 741 547 782 Ead.1.
569 744 609 785 5.
642 736 845 792 Μαλάχης
873 741 1010 794 ῥίζαν)
1044 740 1214 795 Dogma
1242 739 1578 794 Pythagoricum
1607 739 1741 792 ridet,

282 799 357 853 qui
376 799 533 838 folium
553 799 717 836 malvae
738 797 1067 836 sacratissimum
1088 796 1282 837 habebat.
1321 796 1741 838 Aelian.Va1·.Hist.

278 856 354 908 IV,
377 860 444 898 17.
465 856 567 908 ἔλεγε
597 854 674 895 δὲ’
657 850 868 907 ιερώτατον
892 851 993 895 εἶναι
1021 852 1064 894 τὸ
1083 858 1152 906 τῆς
1176 851 1352 907 μαλάχης
1375 853 1542 907 φύλλον.
1592 853 1741 894 Jambl.
1784 902 1790 904 .

278 917 441 956 n.109.
474 910 541 949 Ad
559 910 727 950 Homeri
744 909 871 948 etiam
891 907 990 963 μὸλυ
1013 909 1126 960 (Od.
1150 916 1206 961 K,
1227 909 1355 962 304.)
1378 910 1542 950 alludit.
1575 909 1742 949 SOLAN.

390 968 496 1009 ibid.
534 967 665 1019 Ταύτῃ
684 963 873 1015 κελεύσας
892 971 998 1014 etc.)
1027 967 1081 1005 In
1102 967 1302 1006 omnibus
1316 965 1423 1009 Edd
1447 966 1518 1006 hic
1539 969 1660 1006 locus
1682 966 1742 1004 ita

277 1025 418 1065 adhuc
441 1023 684 1093 legebatur:
720 1020 839 1077 ὤοεξέ
861 1039 930 1075 μοι
952 1020 1125 1075 ταύτην,
1153 1021 1341 1072 κελεύσας
1372 1025 1414 1064 ἐν
1436 1029 1520 1071 τοῖς
1548 1025 1744 1077 μεγίστοις

274 1080 486 1130 κινδύνοις
507 1079 630 1134 ταύτῃ
650 1078 956 1135 προςεύχεσθαι.
997 1080 1081 1120 Sed
1103 1080 1199 1134 quis
1221 1094 1308 1119 non
1334 1079 1606 1118 offendatur
1596 1094 1640 1117 m
1661 1082 1745 1118 ele·

275 1138 530 1207 gantissimo
569 1137 780 1189 scriptore
818 1135 1079 1176 inconcinna
1116 1136 1378 1190 repetitione
1406 1135 1479 1174 ina
1510 1133 1661 1188 ταύτην
1685 1156 1744 1166 -·

273 1193 418 1251 ταύτῃ,·
461 1194 641 1233 Rectius
672 1192 783 1231 Mss.
815 1193 952 1247 Regg.
984 1196 1107 1237 2954.
1141 1203 1182 1232 et
1221 1198 1346 1237 3011.
1382 1191 1592 1244 posterius
1622 1208 1744 1245 ταυτῃ

275 1253 508 1299 omittunt,
541 1259 583 1290 et
601 1264 679 1303 pro
699 1249 842 1302 priore
863 1248 1024 1302 ταύτην,
1055 1246 1177 1307 ταύτῃ
1198 1252 1361 1302 legunt,
1396 1247 1742 1302 interpungendo

273 1318 374 1361 post
396 1305 517 1361 ω’ρεξέ
539 1323 619 1358 μοι.
677 1306 830 1346 Valeat
852 1306 986 1360 igitur
1007 1308 1194 1360 vulgata.
1226 1304 1326 1345 Bu».
1386 1303 1741 1344 Emendationem

272 1365 387 1403 hanc
414 1362 735 1417 probissimam,
785 1376 909 1415 quam
943 1362 1214 1403 Sclzmiederus
1252 1376 1424 1417 quoque
1458 1369 1631 1401 secutus
1661 1370 1742 1412 est,

272 1420 412 1461 firmat
436 1419 587 1459 Codex
607 1420 719 1485 Aug.
759 1418 919 1457 LEnM.

387 1476 491 1517 Ead.
514 1479 544 1516 l.
565 1480 606 1519 7
639 1473 763 1527 Μήτε
779 1480 861 1529 πῦρ
887 1492 976 1528 μαχ.
991 1474 1007 1527 )
1038 1476 1096 1513 Et
1120 1475 1202 1514 hoc
1216 1473 1550 1528 Pythagoricum
1573 1473 1740 1527 symbo-

273 1539 361 1574 lum
386 1543 467 1584 est,
499 1532 550 1571 de
572 1546 656 1586 quo
676 1531 813 1573 multi.
855 1530 953 1572 Vid.
976 1532 1094 1586 Diog.
1117 1532 1255 1572 LaErt.
1279 1545 1320 1584 p.
1341 1536 1438 1575 218.
1467 1540 1509 1569 et
1527 1540 1614 1572 not.
1633 1530 1742 1570 Por-

269 1592 383 1646 phyr.
403 1605 444 1627 11.
469 1594 537 1632 42.
570 1589 741 1629 SOLAN,

383 1645 489 1686 Emi.
508 1649 535 1686 1.
559 1649 597 1688 8.
633 1645 830 1700 Μαχαίρα
850 1649 932 1699 πῦρ
957 1642 1187 1692 σκαλεύειν)
1221 1644 1291 1681 De
1324 1642 1402 1681 hac
1433 1642 1741 1694 superstitione

271 1706 393 1744 locus
415 1702 522 1740 alius
539 1700 734 1740 dicendi.
766 1710 1038 1753 praeceptum
1059 1711 1121 1739 est
1144 1698 1428 1752 Pythagorae.
1461 1699 1638 1739 Bonan.

386 1757 492 1797 Ibid.
526 1758 682 1808 Παιδὶ)
715 1755 851 1797 Cicero
882 1759 1008 1796 Tusc.
1038 1758 1115 1805 IV,
1143 1762 1208 1799 34
1236 1755 1516 1808 conqueritur
1546 1753 1739 1807 philoso-

271 1816 384 1870 phos
403 1823 599 1864 exortos,
633 1822 676 1852 et
696 1822 871 1853 auctore
890 1813 1060 1868 quidem
1081 1827 1159 1851 suo
1184 1813 1386 1861 Platone,
1420 1825 1542 1864 quem
1567 1825 1654 1850 non
1673 1813 1740 1851 in-

271 1874 386 1926 juria
415 1845 673 1911 Dicaearch
661 1883 710 1908 ιε
750 1879 945 1917 accuset,
987 1871 1061 1924 qui
1090 1868 1224 1908 amori
1251 1867 1548 1906 auctoritatem
1579 1867 1738 1907 tribue-

271 1939 382 1972 rent.
441 1926 731 1966 Doctissimus
761 1929 853 1979 ejus
887 1936 1103 1965 enariator
1140 1924 1419 1965 leeocloritum
1441 1923 1565 1962 etiam
1590 1932 1739 1964 testem

273 1986 404 2034 citat,
439 1983 619 2023 eundem
640 1982 845 2022 Platonem
866 1981 1050 2029 dixisse,
1081 1999 1176 2030 τους
1195 1980 1305 2033 παρὰ
1318 1979 1391 2032 τὴν
1412 1977 1538 2032 φύσιν
1558 1976 1740 2036 ἆσελγεῖν

271 2039 574 2095 ασπαζομένους
595 2040 662 2081 καὶ
682 2043 731 2095 τῇ
753 2040 794 2080 δὲ
814 2042 1036 2094 μακαρίους
1064 2062 1122 2070 --
1149 2056 1216 2080 και
1237 2035 1534 2089 ἐκὸηιιήσαντας
1552 2037 1739 2080 ἐντεῦθεν

271 2096 509 2150 εὐδαίμονας
532 2098 707 2138 ἔσεσθαι.
768 2095 948 2148 Therap.
970 2096 1045 2134 IX.
1072 2110 1113 2148 p.
1141 2100 1233 2140 131.
1265 2094 1434 2133 SOLAN.

386 2154 488 2194 Ead·
510 2155 537 2195 l.
559 2157 599 2197 9.
643 2149 919 2206 Πλησιάζειν)
960 2152 1020 2190 Ut
1054 2152 1166 2192 infra
1191 2151 1238 2190 in
1271 2149 1422 2189 Pseud.
1454 2149 1519 2201 (c.
1543 2147 1638 2204 41.)
1667 2151 1738 2191 LA

272 2212 439 2252 Caoze.

383 2266 486 2310 Εαὰ
508 2270 536 2306 1.
559 2271 623 2310 12.
663 2269 724 2321 Τῇ
745 2262 786 2306 δ’
807 2262 1003 2320 ἐπιούσῃ)
1033 2264 1105 2305 Sic
1124 2265 1232 2304 Mss.
1252 2263 1387 2318 Regg.
1405 2265 1528 2306 2954.
1551 2271 1593 2302 et
1611 2268 1735 2308 3011.

270 2339 349 2379 pro
369 2326 545 2376 vulgato
575 2341 622 2378 τῃ
644 2322 705 2364 ἐπ.
725 2317 778 2364 δ’.
809 2322 908 2362 Bu».
969 2321 1070 2360 Non
1093 2330 1201 2370 erat,
1237 2320 1351 2372 quod
1382 2333 1403 2357 a
1424 2322 1600 2372 vulgato
1623 2319 1735 2359 ordi-

188 2419 201 2426 „
268 2395 325 2420 ne
347 2366 624 2420 recederetur.
665 2378 758 2418 Nec
779 2387 1042 2416 recesserunt
1064 2378 1180 2432 Bipp
1203 2375 1331 2415 iidem
1352 2389 1476 2429 supra
1498 2375 1539 2426 1,
1560 2381 1627 2419 32.
1652 2374 1732 2415 etsi

270 2446 314 2475 et
337 2436 399 2474 ibi
411 2435 574 2475 Belinus
596 2434 690 2474 sine
709 2436 798 2472 ulla
821 2435 1077 2474 auctoritate
1100 2448 1178 2488 pro
1194 2439 1243 2489 τῇ
1260 2430 1430 2488 ἐπιούσῃ
1449 2431 1492 2474 δὲ
1510 2431 1638 2470 scribi
1659 2445 1731 2471 vo-

268 2495 410 2532 luerat
432 2496 480 2547 τῇ
500 2489 536 2534 δ’
563 2482 743 2545 ἐπιούσῃ.
773 2489 931 2529 ΙιΕΗΜ.

385 2534 483 2600 Pag.
508 2551 649 2592 301.1.
671 2552 708 2591 3.
741 2546 1001 2596 Λουκιανὸς)
1031 2546 1131 2587 Sive
1150 2544 1364 2586 Creticum
1384 2543 1454 2583 hic
1474 2542 1623 2597 posuit
1643 2545 1736 2585 Lu-

274 2607 410 2644 cianus
441 2607 484 2642 in
512 2619 655 2644 versus
687 2603 927 2657 principio,
971 2603 1081 2654 sive,
1127 2603 1241 2668 quod
1273 2601 1425 2649 nolim,
1458 2601 1733 2651 penultimam

273 2660 462 2698 nominis
485 2661 549 2698 sui
575 2660 785 2725 corripuit
809 2670 955 2698 contra
978 2661 1257 2700 11101en1.sive
1279 2678 1288 2700 ι
1316 2674 1339 2695 v
1331 2659 1500 2696 ocalem
1527 2670 1596 2708 per
1617 2658 1734 2710 syni-

274 2716 389 2755 anesin
412 2717 605 2769 sequenti
636 2714 883 2766 conjunxit:
920 2716 1092 2755 dubium
1126 2730 1211 2756 non
1237 2725 1318 2758 est
1352 2716 1387 2754 1
1395 2712 1507 2752 atine
1532 2713 1736 2769 interpre-
