1834 3188
397 247 722 281 HERMOTIMUS
757 246 863 279 SIVE
897 246 963 277 DE
999 247 1167 282 SECTIS.

84 343 175 389 οὔτε
205 347 372 401 χρυσίον
403 348 477 398 ἔτι,
521 346 612 389 οὕτε
650 343 821 400 ἡδονάς,
863 341 954 388 οὔτε
983 341 1102 396 δόξας
1131 343 1365 402 ὅρῶσινῑ),
1409 346 1604 400 ὦςΡ.761.

1400 240 1466 286 33

84 416 351 469 διαφέρεσθαι
379 418 469 469 περὶ
494 412 648 466 αὐτῶν,
679 411 778 456 ἄλλα
811 412 935 455 πάλαι
963 417 1034 466 τῆς
1053 411 1208 465 πόλεως
1227 414 1463 471 ἐξεληλάκα-

83 497 148 524 σιν
169 485 218 534 a)
251 481 352 525 αὕτα
365 516 376 534 ,
410 482 486 526 οὐκ
504 480 699 538 ἀναγκαῖα
718 479 963 537 ἡγησάμενοι
982 482 1353 536 ξυμπολιτεύεσθαι·
1384 483 1463 534 ὥς-

77 568 118 593 τε
140 550 316 606 γαληνόν
334 569 442 602 τινα,
474 553 541 593 καὶ
561 553 862 603 πανευδαίμονα
886 553 976 605 βίον
996 554 1154 605 βιοῦσι,
1187 549 1258 602 ξῦν
1278 549 1458 608 εὐνομίᾳ,

78 621 145 662 καὶ
172 618 343 673 ἰσότητι,
375 622 444 662 καὶ
466 622 693 676 ἐλευθερίᾳ,
723 621 792 661 καὶ
814 625 896 668 τοῖς
917 617 1049 668 ἄλλοις
1073 615 1255 675 ἆγαθοῖς.

191 694 330 731 EPM.
371 691 417 730 Ti
435 682 526 739 οὖν,
561 689 591 729 ὦ
610 693 787 739 Λυκῖνε,-
817 685 891 730 οὕκ
910 685 1022 737 ἄξιον
1041 686 1221 738 ἅπαντας
1239 690 1458 742 ἐπιθυμεῖν
1482 698 1537 738 23

74 759 240 806 πολίτας
262 759 470 812 γίγνεσθαι
488 761 560 809 τῆς
579 753 764 808 τοιαύτης
782 754 951 807 πόλεως,
984 753 1078 810 μήτε
1104 754 1282 811 κάματον
1302 753 1458 799 ὑπολο-

72 827 308 880 γιζομένους
334 823 405 868 τὸν
436 826 477 867 ἐν
508 830 558 882 τῇ
589 821 693 881 ὁδῷ,
725 822 820 877 μήτε
843 822 947 879 πρὸς
975 822 1019 866 τό
1053 827 1181 877 μῆκος
1210 829 1284 866 τοῦ
1308 821 1456 878 χρόνου

73 891 425 949 ἀπαγορεύοντας,
466 895 502 935 εἰ
531 893 738 946 μέλλουσιν
765 889 1009 946 ἀφικόμενοι
1034 890 1362 950 ἐγγραφήσεσθαι
1388 894 1457 936 καὶ

69 959 204 1013 αὐτοὶ,
237 963 305 1003 καὶ
328 962 511 1016 μεθέξειν
541 965 612 1012 τῆς
632 961 851 1012 πολιτείας;

182 1035 313 1072 AYK..
349 1027 418 1082 Νὴ
442 1026 524 1075 Δί’,
558 1023 590 1069 ὦ
607 1024 841 1083 Ἑρμότιμε,
877 1027 1039 1072 πάντων
1060 1026 1226 1084 μάλιστα
1248 1030 1312 1071 ἐπὶ
1328 1026 1456 1086 τούτῳ

68 1100 364 1140 σπουδαστέον·
394 1102 473 1139 τῶν
495 1095 536 1139 δ’
558 1096 689 1139 ἄλλων
710 1094 936 1151 ἀμελητέον.
977 1099 1043 1140 καὶ
1062 1096 1157 1153 μήτε
1175 1099 1370 1152 πατρίδος
1385 1102 1459 1151 τῆς

67 1166 248 1208 ἐνταῦθα
268 1166 660 1220 ἐπιλαμβανομένης,
690 1164 819 1208 πολὺν
841 1171 1049 1207 ποιεῖσθαι
1070 1163 1190 1221 λόγον
1204 1198 1215 1216 ,
1247 1164 1344 1220 μήτε
1364 1168 1458 1207 παί-

67 1236 172 1285 δων,
204 1232 234 1287 ἦ
257 1236 428 1290 γονέων,
460 1231 537 1291 ὅτῳ
569 1236 691 1286 εἰσὶν,
725 1231 1035 1287 ἐπικατεχόντων
1054 1229 1125 1289 b),
1155 1235 1223 1275 καὶ
1246 1239 1456 1287 κλαυθμυ-

67 1303 288 1356 ριζομένων
308 1302 371 1357 ⁰),
419 1303 684 1352 ἐπικλᾶσθαι,
725 1300 822 1343 ἄλλα
852 1299 1020 1355 μάλιστα
1044 1301 1115 1354 μὲν
1137 1300 1351 1358 κᾷκείνους
1379 1319 1456 1343 πα-

68 1375 253 1425 ρακαλεῖν
274 1371 336 1412 ἐπὶ
355 1368 427 1423 τήν
448 1367 573 1423 αὕτήν
597 1366 707 1412 ὁδόν.
756 1372 793 1412 εἰ
811 1369 852 1411 δὲ
870 1368 923 1423 μή
947 1369 1144 1420 ἐθέλοιεν,
1174 1367 1202 1423 ἢ
1218 1368 1272 1424 μή
1295 1368 1455 1413 δύναιν-

157 1490 195 1517 et
217 1489 373 1517 recenti:-

445 1484 485 1526 z)
511 1479 561 1527 ἇρ
574 1483 715 1525 αῖσιν]
748 1482 880 1524 „Nihil
897 1481 959 1514 hic
980 1481 1123 1515 variare
1141 1482 1187 1515 H.
1205 1484 1235 1517 J.
1258 1488 1295 1516 et
1315 1484 1367 1523 ΡΙ,
1386 1495 1456 1517 no-

157 1536 216 1564 tat
245 1531 433 1562 Somnus-‘⁴
485 1531 611 1573 Neque
635 1530 673 1561 in
697 1529 829 1573 reliqq.
854 1528 1068 1560 variationis
1094 1528 1300 1573 quidquam
1325 1531 1455 1574 depre-

157 1575 348 1610 henditur.

397 1583 437 1615 a)
465 1572 839 1620 ἐξεληλάκασιν]
866 1572 1121 1616 ἕξελυλάκασιν
1141 1576 1227 1619 B.3.
1277 1574 1452 1618 1))ἐπι-

160 1620 486 1667 κατεχόντων]
515 1623 603 1665 „Sic
631 1622 726 1656 Edd.
748 1623 778 1654 J.
798 1622 841 1655 H.
865 1622 919 1653 ΡΙ.
940 1623 1021 1655 Par.
1042 1621 1141 1653 etc.“

1211 1622 1251 1663 c)
1277 1625 1453 1657 ulau&-

156 1681 245 1713 μυρ
259 1667 511 1713 ιζομένων]
537 1669 625 1712 „Sic
653 1674 754 1702 recte
771 1668 853 1701 Par.
882 1669 924 1701 A.
945 1673 981 1701 et
1000 1668 1055 1701 M.
1075 1666 1169 1701 Edd.
1196 1668 1331 1714 reliqq.
1353 1670 1452 1703 male

156 1717 406 1761 κλαθμυριζ.“

65 1814 220 1868 Neque
237 1814 347 1854 enim
363 1812 543 1866 amplius
563 1828 726 1865 aurum,

64 1886 207 1925 neque
259 1874 526 1923 voluptates,
588 1885 727 1924 neque

63 1929 221 1984 glorias
245 1937 463 1980 spectant,
497 1926 546 1966 de
570 1928 726 1980 quibus

63 1995 251 2036 certent,
285 1983 355 2023 sed
382 1984 481 2022 olim
514 1984 724 2038 (dudum)

65 2041 240 2080 civitate
260 2042 329 2078 illa
356 2051 602 2093 exegerunt,
636 2053 725 2079 non

63 2098 297 2136 necessaria
320 2096 426 2143 rati;
462 2111 567 2149 quae
601 2097 644 2134 in
677 2112 724 2136 ea

61 2164 295 2192 versentur.
347 2153 495 2207 Itaque
517 2154 723 2206 tranquil·

61 2212 145 2249 lam
191 2207 397 2261 quandam
438 2218 480 2248 et
530 2209 722 2262 undique

61 2265 224 2305 beatam
261 2265 390 2302 vitam
419 2265 592 2316 vivunt,
628 2280 722 2305 cum

61 2322 187 2361 bonis
221 2320 413 2375 legibuS,
456 2330 498 2358 et
537 2323 721 2374 aequali-

60 2388 174 2425 tate,
208 2389 249 2418 et
276 2376 493 2425 libertate,
529 2387 570 2415 et
597 2378 722 2417 bonis

58 2436 250 2482 reliquis.

116 2492 255 2530 Herm.
291 2489 407 2544 Quid
432 2504 553 2544 ergo,
588 2489 721 2540 Lyci-

61 2548 150 2587 ne?
211 2561 356 2586 nonne
407 2547 580 2599 dignum
631 2556 718 2595 est,

63 2618 206 2642 omnes
238 2605 539 2655 concupiscere
563 2603 721 2640 civita-

63 2669 146 2697 tem
179 2674 265 2698 eam
306 2658 511 2711 adipisci,
556 2673 632 2697 nec
660 2661 718 2697 la-

60 2715 203 2754 borem
223 2717 478 2766 imputantes
500 2715 615 2764 viae,
648 2730 717 2754 ne-

61 2785 143 2825 que
180 2772 363 2809 animum
407 2772 718 2824 despondentes

97 2839 231 2870 Luciam
238 2863 246 2871 .
274 2839 355 2872 Vol.
383 2841 449 2872 JV.

786 1821 962 1868 propter
989 1811 1304 1866 longitudinem
1326 1811 1446 1863 viae,

787 1871 823 1908 si
843 1871 1035 1908 futurum
1060 1869 1127 1917 sit,
1156 1879 1226 1918 ut,
1260 1869 1335 1907 ubi
1354 1883 1447 1922 per-

784 1925 1003 1974 venerint,
1060 1925 1355 1964 adscribantur
1404 1934 1448 1964 et

786 1982 869 2035 ipsi
888 1984 928 2021 in
948 1981 1093 2020 tabulis
1111 1981 1305 2035 publicis,
1339 1982 1446 2021 civi-

783 2048 998 2091 tatemque
1018 2038 1365 2091 consequantur?

838 2096 940 2150 Lyc.
974 2095 1234 2145 l'chovem,
1264 2095 1444 2134 Hermo-

782 2152 910 2202 time,
950 2152 1139 2189 omnium
1179 2151 1362 2189 maxime
1396 2151 1444 2189 in

781 2207 864 2246 hoc
901 2206 1202 2246 elaborandum
1228 2216 1314 2256 est,
1346 2208 1445 2245 reli-

782 2279 960 2317 quorum
984 2278 1083 2301 vero
1115 2278 1213 2302 cura
1239 2263 1445 2315 abjicien-

781 2321 857 2367 da3
902 2334 1038 2373 neque
1069 2319 1105 2357 si
1139 2319 1243 2357 haec
1277 2322 1443 2372 antiqua

780 2378 916 2429 patria
940 2390 1107 2412 manum
1133 2375 1315 2426 injiciat,
1334 2378 1441 2413 mul·

780 2443 863 2470 tuam
895 2431 1048 2469 habere
1082 2431 1289 2469 rationem
1314 2446 1440 2484 opor—

780 2499 853 2536 tet,
904 2502 1038 2539 neque
1070 2486 1215 2524 liberis
1255 2497 1328 2525 aut
1361 2502 1438 2539 pa-

778 2543 968 2581 rentibus
991 2543 1026 2579 si
1050 2543 1117 2580 cui
1141 2543 1249 2589 sint,
1281 2544 1437 2583 retine-

778 2614 820 2638 re
851 2614 943 2637 cum
974 2601 1140 2649 ploratu
1165 2600 1433 2649 volentibus,

778 2655 946 2708 frangig
979 2654 1047 2691 sed
1066 2655 1242 2706 primum
1261 2655 1434 2709 quidem

777 2711 938 2749 hortari
969 2720 1009 2749 et
1043 2711 1139 2748 illos
1175 2711 1224 2749 ad
1260 2712 1434 2750 candem

776 2767 886 2808 viam
914 2766 1231 2820 ingrecliendmn5
1263 2769 1298 2806 si
1332 2783 1432 2808 vero

1121 2824 1155 2861 C
