1834 3188
361 203 601 244 QUOMODO
640 202 882 235 ffls'romA
917 202 993 233 srr
1029 201 1226 234 cONscR.
1387 188 1487 234 203

104 303 166 348 ὁτι
189 304 365 360 βαδίζων
397 303 462 345 ἐπὶ
492 301 565 356 τὴν
594 303 773 357 Λέρναν.
814 301 1025 344 καὶταῦτα
1046 301 1285 355 Κορινθίων
1315 295 1487 341 ἆκουόν-
1501 311 1536 345 P·
1549 311 1607 344 40·

102 391 182 415 των
208 370 474 428 ἀνεγίνωσκε,
506 376 584 413 τῶν
616 367 792 425 ἇκριβῶς
819 366 981 412 εἰδότων
1013 367 1072 412 ὅτι
1098 372 1196 423 μηδὲ
1229 367 1328 411 κατὰ
1357 371 1487 422 τοίχου

103 442 373 496 γεγραμμένον
394 439 570 494 πόλεμον
592 437 770 493 ἑωράκει.
804 436 892 480 ἄλλ’
913 436 1005 480 οὐδὲ
1027 437 1130 481 ὅπλα
1150 438 1303 487 ἐκεῖνός
1323 455 1366 493 γε
1385 435 1487 496 ᾔδει,

104 507 200 551 οὐδὲ
219 507 477 563 μηχανήματα
502 507 568 551 οἷά
592 511 698 551 ἐστιν
713 541 723 558 ,
755 505 850 550 οὐδὲ
870 506 1047 560 τάξεων,
1078 506 1107 561 ἢ
1127 511 1423 561 καταλοχισμῶν
1445 508 1487 556 e)

103 573 291 629 ὀνόματα.
324 576 432 620 πάνυ
452 583 550 633 γοῦν
569 580 696 631 ἔμελεν
718 571 761 629 f)
791 574 901 634 αὐτῷ
918 579 1089 632 πλαγίαν
1108 578 1176 630 μὲν
1193 577 1264 631 τὴν
1284 573 1434 630 ὀρθίαν
1449 578 1483 626 g)

103 643 314 700 φάλαγγα,
346 647 408 688 ἐπὶ
429 647 554 701 κέρως
575 647 614 687 δὲ
632 646 754 700 λέγειν
783 642 826 687 ‘cd
851 647 913 688 ε’πὶ
944 643 1129 699 μετώπου
1161 644 1284 702 ἄγειν.
1348 643 1424 695 Εἷς
1447 645 1489 687 δέ
1501 651 1654 691 p·41·30

100 732 159 763 τις
182 718 380 768 βέλτιστος
402 712 557 756 ἅπαντα
581 715 618 764 ἐξ
641 708 765 767 α’ρχῆς
785 713 825 762 ἐς
847 714 955 763 τέλος
975 713 1023 756 τὰ
1040 716 1315 769 πεπραγμένα,
1348 713 1423 756 ὅσα
1446 715 1488 756 ἐν

96 780 319 838 Ἀρμενία,
353 780 426 824 ὅσα
449 783 492 825 ἐν
517 784 671 835 Συρία,
720 779 795 824 ὅσα
825 783 868 824 ἒν
899 787 1220 840 Μεσοποταμία,
1261 782 1308 825 τά
1341 785 1401 826 ἐπὶ
1432 787 1490 840 τῷ

109 848 361 908 Τίγρητι“),
392 849 441 892 τὰ
470 851 513 892 ἐν
544 852 690 906 Μηδίᾳ
708 846 772 901 i),
814 854 1092 900 πεντακοσίοις
1121 847 1217 894 οὐδ’
1247 849 1355 900 ὅλοις
1383 853 1491 892 ἔπεσι

99 919 351 975 περιλαβών,
386 919 634 973 συνέγραψε,
668 920 734 960 καὶ
761 924 879 961 τοῦτο
906 918 1101 973 ποιήσας,
1133 922 1310 974 ἱστορίαν
1345 934 1490 974 συγγε-

100 990 298 1044 γραφέναι
319 990 432 1042 φησί.
476 986 550 1041 τήν
571 989 705 1041 μέντοι
726 987 953 1043 ἐπιγραφὴν
971 983 1109 1043 ὀλίγου
1132 991 1214 1030 δεῖν
1242 990 1491 1043 μακροτέραν

99 1063 174 1100 τοῦ
192 1060 349 1111 βιβλίου
371 1057 615 1112 ἐπέγραψεν,
645 1052 923 1110 Ἀντιοχιανοῦ
935 1061 1009 1099 τοῦ
1022 1053 1270 1106 ’Λπόλλωνος
1289 1060 1490 1111 ἱερονίκου

101 1126 286 1179 (δόλιχον
306 1125 380 1180 γάρ
403 1143 508 1172 που,
541 1124 670 1179 οἶμαι,
703 1126 746 1167 ἒν
765 1127 880 1167 παισὶ
901 1124 1103 1178 νενικήκει
1125 1120 1209 1178 k))
1240 1131 1318 1168 τῶν
1345 1129 1387 1169 ἐν
1404 1123 1492 1182 Ἀρ-

102 1198 239 1251 μενίᾳ,
272 1196 339 1236 καὶ
374 1198 691 1248 Μεσοποταμίᾳ,
724 1197 791 1236 καὶ
827 1196 869 1237 ἐν
894 1198 1043 1250 Μηδίᾳ
1067 1190 1132 1249 1),
1162 1192 1381 1248 Ῥωμαίοις
1413 1200 1493 1237 νῦν

194 1296 355 1342 νείου]
391 1296 481 1337 „Sic
498 1297 557 1328 W,
579 1297 747 1340 Κρανίου
768 1296 891 1329 Edd.“
940 1296 984 1338 e)
1010 1297 1400 1341 καταλοχισμῶν]
1429 1310 1495 1331 κα-

192 1343 425 1387 ταλογισμών
448 1344 597 1375 Marcil.
620 1354 826 1388 perperam.
875 1343 913 1382 f)
941 1341 1129 1386 ἔμελεν]
1158 1345 1245 1385 „Sic
1267 1343 1360 1377 Edd.
1381 1349 1417 1376 et
1438 1345 1493 1378 M.

198 1389 343 1434 ἔμελλεν
375 1391 432 1423 J.⁸‘
490 1388 550 1421 Sic
576 1394 611 1421 et
638 1393 676 1422 A.
700 1402 730 1422 2.
763 1389 862 1421 unde
894 1389 1045 1421 Salanus
1075 1390 1213 1432 corrigi
1244 1389 1325 1421 vult
1352 1388 1494 1433 ἔμελλεν

193 1433 317 1475 οὗτος.
365 1434 435 1468 Sed
456 1435 501 1473 A,
524 1436 566 1468 G.
588 1438 703 1479 Lcmg.
725 1433 823 1469 πάνυ
846 1432 884 1478 γ’
904 1431 973 1469 ov'n
993 1433 1126 1477 ἔμελεν.
1153 1435 1234 1467 Vid.
1260 1435 1395 1472 Adnot,
1445 1438 1492 1479 g)

196 1479 400 1526 ὀρθίαν]
426 1481 578 1523 „deerat
606 1480 644 1513 in
677 1481 851 1514 omnibus
884 1481 979 1515 Edd.
1011 1488 1159 1526 excepta
1180 1482 1209 1519 J,
1228 1480 1353 1513 deerat
1381 1482 1494 1515 etiam

195 1530 235 1562 in
256 1530 341 1561 M.“
392 1527 490 1560 Cum
519 1530 617 1562 dunt,
650 1526 741 1559 facit
766 1529 805 1559 A.
827 1539 858 1560 2.
933 1527 981 1566 h)
1013 1526 1240 1572 Τίγρητι]
1263 1527 1352 1570 „Sic
1374 1529 1413 1561 L.
1437 1530 1495 1564 M.

190 1576 234 1609 B.
259 1587 289 1607 2.
323 1576 384 1616 (et
409 1585 437 1608 1.
458 1575 509 1616 5.)
541 1574 623 1605 Par.
645 1573 678 1605 S.
709 1574 850 1618 Τίγριτι
872 1574 901 1606 J.
932 1579 967 1606 et
989 1573 1122 1619 reliqq.
1153 1574 1201 1607 cf.
1227 1584 1338 1618 supra
1360 1585 1389 1606 c.
1414 1576 1494 1618 19.“

192 1622 232 1665 i)
261 1620 452 1665 Μηδίᾳι]
493 1620 673 1666 ,,Μηδείᾳ
692 1621 752 1653 W.
776 1621 882 1654 male.
934 1620 995 1652 Nil
1025 1626 1175 1653 mutant
1200 1619 1292 1653 Edd.
1313 1620 1494 1664 priscae.“

193 1668 327 1714 Νηδίᾳ
350 1672 476 1699 tamen
499 1668 538 1700 A.
563 1678 594 1699 2.
658 1667 708 1708 k)
736 1663 1009 1711 νενικήκει]
1037 1668 1149 1708 „Hoc
1176 1666 1314 1699 habent
1333 1667 1385 1699 1ιῖ.
1405 1668 1493 1701 Ald.

194 1716 251 1757 (1.
277 1720 313 1747 et
332 1718 386 1755 2.)
418 1714 462 1745 H.
482 1712 563 1744 Par.
581 1712 615 1745 S.
645 1714 834 1757 νενίκηκεν
858 1714 889 1746 J.
911 1720 946 1745 et
971 1714 1055 1748 W.“
1103 1713 1205 1746 Illud
1227 1718 1261 1745 et
1285 1713 1325 1745 B.
1354 1725 1382 1746 1.
1402 1720 1439 1746 et
1460 1725 1494 1757 5.

192 1760 342 1793 habent.
392 1758 432 1802 1)
460 1758 653 1805 Μηδίᾳ]
675 1759 767 1802 „Sic
786 1760 881 1793 Edd.
903 1770 1043 1792 omnes.
1078 1760 1232 1805 DInSslgz
1249 1759 1335 1792 M.“

103 1854 275 1885 neratus
298 1854 361 1884 est
383 1843 493 1882 circa
514 1842 769 1897 Suram‚qui
829 1844 1045 1895 tissimus,
1076 1858 1140 1883 res
1166 1844 1215 1883 ab
1239 1844 1370 1884 initio
1395 1844 1496 1884 inde

105 1901 308 1941 videlicet
332 1901 602 1954 longissimum
631 1901 711 1938 iter
747 1914 770 1938 a
829 1900 881 1939 ad
904 1900 1026 1940 finem
1059 1915 1192 1956 usque
1224 1912 1362 1955 gestas
1398 1916 1497 1940 0111-

106 1959 265 1998 Cranio
301 1958 350 1996 ad
387 1959 571 1996 Lernam
605 1956 768 1996 fecerit.
801 1972 929 2010 ‘nes‚
963 1971 1241 2012 quaecunque
1272 1958 1314 1995 in
1344 1959 1498 1996 Arme-

106 2017 247 2066 Atque
273 2015 352 2053 ista
379 2013 622 2052 Corinthiis
649 2013 769 2051 audi-

108 2070 278 2111 entibus
306 2071 528 2115 recitavit‚
554 2071 627 2123 qui
650 2084 770 2107 accu-

107 2138 196 2166 rate
221 2128 401 2176 scirent,
438 2127 557 2164 illum
594 2141 644 2165 ne
676 2127 774 2177 pic-

108 2194 196 2221 tum
223 2183 391 2236 quidem
413 2182 455 2219 in
485 2183 644 2235 pariete
682 2183 775 2222 bel-

109 2242 195 2278 lum
220 2238 390 2276 vidisse.
451 2237 533 2277 Sed
558 2246 692 2292 neque
714 2254 774 2277 ar-

110 2311 176 2334 ma
201 2296 271 2334 ine
291 2296 428 2343 novit,
462 2308 599 2347 neque
619 2295 778 2332 machi-

110 2366 211 2402 nas,
245 2355 387 2404 quales
420 2351 529 2399 sint,
563 2364 697 2403 neque
728 2366 779 2389 a-

112 2409 271 2447 cierum
296 2417 368 2446 aut
391 2406 587 2446 ordinum
614 2416 778 2445 struen-

113 2463 262 2504 dorum
315 2464 504 2502 nomina.
579 2463 776 2512 Etenim,

115 2522 236 2574 quasi
268 2520 351 2559 hoc
384 2529 551 2573 ageret,
588 2518 778 2558 directam

116 2580 237 2615 aciem
257 2587 382 2615 vocat
400 2576 601 2630 obliquum
619 2592 755 2628 agmen
768 2593 780 2615 :

114 2635 157 2670 in
199 2650 317 2672 cornu
354 2649 442 2672 vero
479 2632 616 2671 elucere
646 2632 778 2682 dicit,

117 2688 233 2740 quod
265 2699 329 2728 est
361 2689 496 2728 ducere
525 2692 565 2728 in
583 2689 779 2745 jiontcm.

116 2743 240 2782 Unus
263 2755 398 2784 autem
423 2746 576 2799 aliquis
597 2749 781 2798 praecla-

830 2015 926 2057 nia‚
975 2028 1080 2066 quae
1113 2014 1156 2051 in
1189 2015 1336 2066 Syria,
1388 2029 1499 2068 quae

831 2072 875 2108 in
908 2071 1252 2123 B‘Iesopotamia,
1305 2085 1411 2124 quae
1445 2071 1499 2109 ad

833 2128 1023 2181 Tigrim,
1059 2141 1165 2179 quae
1191 2128 1234 2164 in
1261 2127 1409 2165 Media
1433 2143 1500 2166 ac-

833 2195 876 2222 ta
895 2195 1010 2233 sunt,
1047 2184 1298 2238 quingentis
1324 2198 1409 2222 non
1436 2193 1499 2221 to·

834 2241 889 2278 tis
919 2240 1111 2278 versibus
1142 2244 1389 2292 complexus
1423 2238 1502 2277 de-

835 2297 1022 2348 scripsit.
1083 2296 1222 2349 quue
1262 2296 1332 2333 ubi
1367 2296 1498 2344 fecit,

837 2352 1056 2390 historiam
1079 2354 1137 2390 ait
1158 2352 1390 2404 scripsisse.
1426 2352 1502 2388 Ti„

838 2411 973 2445 tulum
1010 2419 1172 2458 tamen,
1206 2422 1351 2459 parum
1385 2407 1503 2447 abest

840 2464 946 2516 quin
967 2467 1165 2514 majorem
1187 2465 1317 2511 libro,
1353 2464 1503 2502 inscri-

837 2519 922 2571 psit
947 2519 1181 2571 ejusmodi,
1214 2520 1499 2569 Antiochiani,

837 2578 876 2613 in
913 2591 1026 2614 sacro
1054 2575 1262 2628 Apollinis
1295 2580 1504 2616 certamine:

836 2634 1018 2681 victoris,
1053 2636 1231 2683 (cursu,
1267 2633 1417 2684 credo,
1457 2648 1505 2671 a-

837 2687 1073 2741 liquando,
1105 2702 1211 2741 puer
1230 2689 1419 2741 vicerat)
1443 2706 1504 2729 eo-

840 2762 946 2793 rum,
999 2761 1099 2798 quae
1132 2747 1173 2785 in
1200 2746 1414 2791 Armenia,
1469 2758 1504 2785 el
