1834 3188
443 212 614 246 VERAE
649 209 919 243 msTomAE
955 210 1048 244 Lm.
1084 215 1116 243 1.
1398 208 1498 253 243

114 311 410 356 ,Καππαδοκίαν
432 307 609 366 οἷστέρων
625 307 734 364 ’ἥξειν
743 341 756 359 ,
787 307 1152 364 Στρουθοβάλανοι
1167 310 1236 365 μὲν
1253 313 1494 369 ἕπτακιςμύ-
1505 329 1540 362 p.
1552 324 1612 359 80,

112 399 216 438 ριοι,
255 377 544 435 Ἱππογέρανοι
574 379 614 421 δὲ
641 380 961 431 πεντακιςχίλιοι.
991 377 1161 429 τούτους
1180 380 1255 436 ἐγώ
1278 378 1353 425 οὔκ
1372 386 1493 427 ἐθεα-
1508 395 1612 432 p.81.

112 448 271 504 σάμην,
305 446 351 491 οὗ
374 446 450 504 γάρ
476 445 682 501 ἀφίκοντο.
716 444 855 500 διόπερ
873 441 968 488 ου’δὲ
989 445 1146 502 γράψαι
1165 446 1299 492 αὐτῶν
1318 450 1390 501 τοὶς
1417 451 1495 505 φύ-

111 533 194 568 σεις
219 517 432 572 ἐτόλμησα·
472 515 654 569 τεράστια
681 512 756 570 γαρ
786 515 855 555 καὶ
884 512 1031 557 ἄπιστα
1052 519 1143 572 περὶ
1171 513 1305 560 αὐτῶν
1333 522 1493 576 ἐλέγετο.

110 585 225 640 Αὕτη
250 587 319 639 μὲν
342 581 388 636 b)
419 590 492 628 τοῦ
514 583 788 637 Ἐνδυμίωνος
817 579 844 636 ἦ
865 580 1045 637 δύναμις.
1079 583 1201 638 σκευὴ
1223 587 1265 629 δὲ
1285 586 1450 632 πάντων
1467 588 1495 644 ἦ
1522 595 1576 636 14

108 653 234 708 αὕτη·
276 653 406 708 κράνη
435 655 503 708 μὲν
534 650 613 695 ἀπὸ
636 656 715 694 τῶν
735 649 903 705 κυάμων
919 663 927 672 ·
958 649 1121 706 μεγάλοι
1143 650 1217 708 γάρ
1237 654 1337 709 παρ’
1360 657 1496 708 αὐτοῖς

109 727 151 767 οἱ
179 721 331 776 κύαμοι
353 724 420 764 καὶ
440 723 646 775 καρτεροί·
685 718 871 775 θώρακες
890 719 931 762 δὲ
951 723 1165 772 φολιδωτοὶ
1183 721 1330 775 πάντες
1349 729 1495 782 θέρμι-

109 809 175 835 νοι
192 806 201 816 ·
232 792 280 833 τὰ
300 790 376 846 γαρ
400 792 496 842 λέπη
518 794 598 831 τῶν
618 790 781 843 θέρμων
810 787 1129 841 συῤῥοὲπτοντες,
1169 797 1381 836 ποιοῦνται
1411 794 1495 838 θώ-

111 874 257 914 ρακας·
305 858 508 913 ἅῤῥηκτον
539 854 581 899 δ’
607 860 691 900 ἐκεῖ
711 861 885 914 γίγνεται
919 861 994 899 τοῦ
1021 861 1178 911 θέρμου
1208 858 1252 902 τὸ
1284 864 1402 912 λέπος
1424 866 1493 915 ι“’),

110 927 236 981 ὥςπερ
255 927 394 981 κέρας·
425 924 590 974 ἀσπίδες
610 926 652 968 δὲ
673 929 738 968 καὶ
755 930 866 980 ξίφη,
899 925 966 968 οἶα
981 923 1029 967 τοὶ
1042 923 1269 979 Ἑλληνικά.
1326 926 1435 972 Ἐπεὶ
1453 927 1496 986 d)
1525 929 1576 972 15

111 997 155 1039 δὲ
172 993 312 1048 καιρὸς
327 988 402 1047 ἦν,
436 996 617 1044 ἐτάξαντο
641 989 743 1051 ᾤδε-
775 995 818 1037 τὸ
842 995 912 1048 μὲν
932 995 1062 1046 δεξιὸν
1084 997 1202 1050 κέρας
1221 996 1329 1051 εἶχον
1354 1003 1396 1041 οἱ
1409 997 1496 1040 Ιπ-

105 1062 307 1122 πόγυποι,
340 1065 403 1105 καὶ
424 1080 444 1104 ο
463 1062 648 1117 βασιλεὺς
671 1062 767 1112 τούς
797 1061 987 1118 ἆριστους
1006 1067 1098 1120 περὶ
1119 1061 1242 1108 αυτὸν
1267 1069 1392 1121 ε’χων·
1432 1071 1499 1111 καὶ

105 1131 220 1186 ἡμεῖς
240 1134 281 1174 ἐν
307 1130 468 1180 τούτοις
492 1146 616 1183 ημεν·
648 1129 691 1173 τὸ
715 1130 755 1174 δ’
780 1129 995 1187 εὐώνυμον
1027 1137 1069 1176 οἱ
1085 1132 1412 1190 Λαχανόπτεροι·
1452 1136 1498 1180 τὸ

109 1203 230 1254 μέσον
249 1201 288 1242 δὲ
311 1203 376 1250 e),
412 1203 453 1241 οἷ
474 1214 693 1252 συμμαχοι,
733 1218 786 1249 ως
805 1202 964 1243 ἕκαστοι
982 1197 1050 1254 f)·

455 1269 714 1320 ἕξακιςχιλίας
745 1268 966 1323 μυριάδας·
1016 1269 1244 1324 ἐτάχθησαν
1281 1273 1324 1314 δὲ
1357 1271 1498 1322 οὕτως.

108 1335 280 1394 ἆράχναι
307 1332 406 1391 παρ’
443 1333 576 1384 αὐτοῖς
610 1338 748 1378 πολλοὶ
773 1339 840 1379 καὶ
860 1335 1021 1394 μεγάλοι
1042 1341 1268 1394 γίγνονται,
1299 1338 1402 1381 πολὺ
1418 1344 1500 1382 τῶν

1085 1200 1128 1244 τό
1149 1204 1191 1244 δὲ
1216 1202 1361 1254 πεζὸν,
1392 1219 1499 1257 ησαν

109 1270 178 1324 μὲν
217 1267 322 1322 οῗμςοὶ
351 1266 421 1316 τας

151 1446 357 1529 1))ηΑῧτη
380 1448 490 1493 μὲν]
516 1444 561 1493 ἦν
584 1449 726 1482 addunt
748 1458 848 1493 2954.
867 1455 904 1482 et
923 1461 1025 1493 3011.
1046 1451 1239 1505 probante
1249 1456 1387 1486 temere
1402 1453 1502 1486 Beli-

258 1497 358 1541 ,qui
376 1497 474 1528 idem
492 1479 604 1528 et'iam
622 1507 663 1528 ex
684 1495 818 1528 iisdem
837 1496 914 1538 legi
933 1497 1013 1528 vult
1034 1492 1127 1542 αὕτη
1140 1523 1150 1540 ,
1179 1497 1314 1542 quippe
1331 1500 1500 1533 nesciens

201 1540 294 1587 αὕτη
327 1553 402 1575 esse
429 1542 654 1575 femininum
682 1542 916 1598 pronominis
947 1554 1071 1582 ουτος.
1134 1544 1174 1586 c)
1201 1543 1365 1588 λέπος]
1391 1545 1427 1579 Ξέ
1418 1557 1501 1585 πας

200 1601 304 1645 30¹¹·
329 1588 436 1623 male.
498 1588 543 1629 d)
572 1586 698 1630 ἐπεὶ]
723 1584 850 1632 ἐπειδὴ
871 1587 920 1621 id.
982 1589 1023 1630 e)
1050 1585 1100 1623 τὸ
1123 1601 1175 1633 με
1173 1600 1272 1624 σον
1291 1589 1372 1644 δὲ]
1401 1590 1442 1626 τὸ
1462 1591 1502 1626 δὲ

199 1633 312 1679 μέσον
333 1646 435 1678 5011.
459 1634 538 1667 Bel
565 1635 679 1667 S.clzm
728 1634 767 1675 f)
797 1647 856 1674 ως
876 1632 1108 1686 's'nccotod
1136 1648 1214 1675 ,,ως
1235 1634 1400 1677 ἓκαστοις
1421 1636 1502 1672 ἐδό-

199 1694 254 1717 κει
275 1683 315 1714 Α.
335 1682 373 1714 Ρ.
394 1681 435 1714 L.
461 1680 566 1713 Nihil
587 1686 736 1714 mutant
754 1681 848 1713 Edd.
871 1693 911 1714 112
931 1680 1095 1725 vulgata.
1129 1678 1226 1722 ἔρ,Ωις
1212 1681 1364 1725 ἕκαστος
1383 1682 1504 1720 ἐδόκει

110 1790 245 1832 stellis
289 1787 586 1841 Cappadociae
628 1788 775 1826 immi-

110 1847 312 1887 nentibus
345 1845 535 1894 venturi,
576 1845 774 1885 Strutho-

104 1903 354 1943 balanorum
376 1902 773 1955 [posset-iglandium]

109 1960 383 2014 septuaginta
409 1959 568 2008 millia,
603 1960 776 2011 Hippo-

113 2029 449 2072 geranorumque
484 2015 822 2068 [cquigruum]

111 2072 247 2111 millia
295 2072 498 2124 quinque.
561 2073 652 2110 Hos
698 2086 776 2126 ego

114 2143 203 2167 non
229 2127 342 2166 vidi:
385 2141 523 2180 neque
556 2129 666 2167 enirn
699 2143 778 2167 ve-

114 2193 285 2223 nerunt.
346 2182 448 2221 Ideo
479 2197 614 2238 neque
648 2194 778 2222 natu-

116 2256 182 2280 ras
208 2240 377 2278 illorum
401 2253 525 2277 ausus
555 2255 652 2280 sum
670 2242 779 2280 scri-

114 2298 240 2337 bere:
294 2294 539 2347 prodigiosa
584 2297 694 2334 enim
737 2307 779 2337 et

116 2351 386 2392 incredibilia
407 2351 456 2388 de
479 2351 561 2388 illis
584 2351 778 2391 diceban-

115 2421 200 2450 tur.
261 2412 402 2462 Atque
431 2406 509 2446 hae
531 2408 779 2459 Endymio—

116 2467 182 2505 nis
207 2467 367 2518 copiae.
422 2463 639 2503 Caeterum
667 2479 778 2503 arma

121 2522 306 2561 omnium
331 2520 489 2560 eadem.
553 2522 705 2559 Galeae
728 2520 779 2560 de

123 2578 259 2618 fabis:
313 2591 489 2632 magnae
521 2577 632 2616 enim
664 2577 780 2629 apud

124 2633 221 2673 illos
242 2634 362 2674 fabae
383 2648 429 2672 ac
451 2633 659 2672 robustae.
692 2634 781 2671 Lo-

122 2690 234 2730 ricae
268 2700 507 2746 squamatae
549 2704 691 2729 omnes
730 2689 781 2728 de

122 2746 307 2798 lupinis:
345 2747 593 2799 lupinorum
630 2761 781 2799 nempe

833 1789 1051 1840 pelliculis
1105 1791 1296 1829 consutis
1346 1792 1502 1831 loricas

832 1844 922 1883 sibi
949 1846 1131 1884 faciunt.
1189 1848 1504 1901 Impenetrabi-

832 1901 890 1940 lis
919 1902 1031 1941 enim
1056 1902 1118 1940 ibi
1147 1905 1334 1943 nascitur
1359 1906 1504 1958 lupini

835 1959 1050 2010 pellicula,
1065 1974 1196 1998 cornu
1220 1961 1366 2002 instar.
1401 1963 1502 2012 Cly-

836 2015 907 2066 pei
927 2024 968 2053 et
985 2015 1119 2068 gladii
1132 2017 1303 2055 Giaecis
1324 2018 1502 2059 similes.

838 2071 946 2110 Cum
971 2086 1069 2111 velo
1093 2084 1383 2125 opportunum
1416 2078 1500 2128 jam

837 2138 968 2177 esset,
1013 2127 1144 2167 aciem
1177 2130 1419 2169 formabant
1448 2146 1501 2170 e—

836 2183 1036 2236 jusmodi.
1100 2187 1314 2224 Dextrum
1366 2201 1500 2226 cornu

836 2241 1097 2295 Hippogypi
1121 2243 1334 2292 tenebant,
1348 2254 1389 2281 et
1408 2244 1500 2294 ipse

837 2313 937 2343 rex,
981 2299 1054 2351 qui
1082 2298 1192 2336 ciica
1219 2314 1262 2338 se
1283 2302 1407 2351 ipsum
1428 2299 1501 2336 ha·

838 2353 963 2392 bebat
993 2368 1182 2418 quos'que
1213 2356 1497 2402 fortissimos3

838 2409 883 2446 in
917 2408 983 2447 his
1024 2424 1102 2448 nos
1139 2424 1331 2464 quoque:
1387 2411 1501 2449 sini-

839 2474 970 2502 strum
1008 2466 1353 2517 Lachanopteri:
1408 2480 1502 2506 me-

840 2519 950 2557 diam
972 2521 1101 2559 aciem
1122 2523 1499 2572 auxiliares‚suum

840 2576 923 2614 sibi
943 2591 1090 2630 agmen
1125 2578 1285 2631 quique
1316 2580 1499 2631 implen-

840 2642 914 2673 tes.
976 2632 1170 2672 Peditum
1214 2634 1264 2672 ad
1306 2637 1498 2689 sexagies

839 2690 955 2727 mille
979 2690 1172 2728 millenos
1199 2691 1257 2728 ita
1283 2694 1496 2732 collocati.

841 2747 1029 2786 Araneae
1068 2746 1180 2799 apud
1221 2761 1303 2786 -eos
1341 2752 1497 2787 multae

1129 2803 1166 2856 Q
1199 2808 1225 2846 2
