1834 3188
290 185 389 232 558
648 193 1401 227 ADNOTATIONES

291 300 332 338 in
349 295 573 349 artificiosis
591 295 795 345 varie-gans
816 292 1065 345 croceoflore
1095 289 1245 330 decoris
1266 290 1468 345 tapetibus.
1525 289 1751 348 Ἀνθόκρο-

289 370 357 396 κοι
377 357 504 404 πῆναι
519 360 620 388 sunt
649 349 715 388 fila
750 349 879 386 variis
908 347 1120 386 coloribus
1151 347 1308 397 tincta,
1348 348 1449 386 licia
1484 347 1746 389 diversorum

292 412 497 450 colorum.
561 411 698 459 Πῆναι
731 408 865 458 μίτος,
913 402 1062 458 κρόκη,
1105 402 1344 453 subtemen,
1391 403 1471 443 fila.
1533 404 1748 458 Χρυσόπη-

290 484 356 509 ναι
384 475 519 503 vestes
549 463 687 502 aureis
712 462 793 500 fixis
821 461 979 512 pictae:
1016 459 1160 513 Virgil.
1190 463 1410 513 picturatae
1432 463 1520 500 auri
1539 462 1749 502 subtemine

289 534 422 562 vestes.
483 517 761 559 Restituenda
784 527 846 556 est
869 517 972 555 haec
994 531 1077 554 vox
1096 516 1252 556 Polluci
1268 518 1341 555 lib.
1360 517 1414 557 X.
1437 532 1471 557 C.
1502 523 1562 560 10.
1590 518 1664 556 ubi
1687 533 1745 556 re-

293 589 435 619 censet
458 576 662 616 vocabula
686 573 736 613 ad
767 573 999 612 lanificium
1035 583 1075 612 et
1106 573 1331 611 textrinam
1361 574 1642 625 pertinentia:
1684 576 1751 616 καὶ

289 633 402 689 πήρα
424 635 490 675 καὶ
511 635 660 686 πηνίον
684 630 890 686 κατάγειν,
921 636 1170 684 καταγαγεῖν.
1230 630 1468 682 Interpres:
1506 647 1641 683 peram
1661 631 1750 686 fu-

290 709 374 732 sum
398 691 554 739 ducere,
589 688 784 728 deducere.
849 686 963 740 Quid
987 686 1177 726 lanificio
1206 700 1296 724 cum
1331 686 1462 738 pera?
1502 690 1596 741 lege
1624 692 1746 740 πῆνα.

289 747 496 801 Euripides
526 756 662 784 autem
683 745 743 783 sic
774 744 1021 782 vertendus:
1069 746 1111 781 in
1141 758 1279 782 crocea
1306 753 1406 781 veste
1431 746 1594 797 jungam
1621 747 1752 784 currui

289 820 430 859 equos,
473 804 697 858 artificiosis
722 803 884 854 pingens
906 799 1244 839 diversicoloribus
1258 799 1363 853 filiS.
1419 797 1488 842 Ἐν
1510 802 1750 843 δαιδαλὲαισι,

287 863 547 902 ποικίλλουσα
570 868 632 897 est
654 872 730 910 pro
755 859 1054 899 ἐνποικίλλουσα
1081 857 1336 896 &maaianai
1371 856 1548 897 GRAEV.
1604 855 1749 898 Ἐπαν-

287 920 416 973 θίσῃ)
447 916 513 955 Ad
538 915 647 953 hanc
674 915 920 966 scripturam
949 912 1113 951 accedit
1145 913 1313 965 Anglic.
1349 913 1456 953 Cod.
1487 928 1592 968 quae
1626 914 1670 951 iu
1705 916 1749 952 P.

289 978 415 1028 plane
448 973 639 1012 habetur.
701 972 748 1009 In
784 970 968 1024 vulgatis
1001 966 1222 1021 ἐπανθήσῃ.
1289 968 1378 1006 Vid.
1411 970 1523 1008 infra
1556 985 1646 1022 cap.
1680 974 1749 1014 55.

289 1032 459 1070 SOLAN.
521 1030 588 1067 De
611 1027 866 1081 pigmentis,
896 1024 1086 1077 φάρμακα
1117 1025 1242 1062 dictis
1268 1026 1320 1067 cf,
1342 1026 1485 1065 Amor.
1511 1040 1600 1078 cap.
1621 1031 1687 1068 40.
1709 1036 1752 1066 et

289 1089 426 1126 Dian.
458 1087 636 1124 Merett.
666 1084 752 1130 XI,
778 1089 817 1127 3.
850 1083 1038 1122 Omnino
1067 1081 1154 1122 vid.
1185 1081 1313 1121 Koen.
1340 1081 1391 1121 ad
1419 1082 1578 1136 Gregor.
1602 1082 1690 1123 Cor.
1709 1097 1753 1137 p.

289 1149 386 1188 504.
407 1142 572 1181 Schaef.
603 1141 759 1181 LEHM.

403 1199 506 1239 Ead.
530 1201 557 1239 l.
585 1202 648 1239 11.
684 1191 1007 1246 Θεραπεύοντες)
1039 1194 1208 1248 Anglic.
1232 1191 1544 1246 θεραπεύεσθαι.
1574 1195 1754 1237 Bomm.

291 1257 365 1298 Sic
388 1257 499 1294 infra
524 1269 558 1293 c.
573 1258 642 1296 40.
666 1255 701 1294 εἰ
722 1253 763 1294 ὁὲ
785 1252 827 1294 τὸ
851 1253 1075 1305 παραυτίκα
1100 1253 1159 1298 τὶς
1179 1248 1401 1300 θεραπεύοι
1422 1261 1502 1290 etc.
1526 1251 1651 1291 aliam
1672 1256 1755 1292 lec-

289 1315 453 1352 tionem
487 1309 558 1349 hi'c
597 1309 733 1350 Codd.
764 1309 812 1351 A.
845 1309 916 1351 W.
946 1310 992 1350 P.
1028 1317 1069 1348 et
1104 1308 1156 1349 L.
1188 1308 1460 1360 praeferunt,
1510 1306 1626 1347 haud
1655 1323 1755 1350 sane

290 1368 590 1422 spernendam,
627 1379 777 1418 nempe
798 1365 1120 1418 θεραπεύεσθαι·
1152 1378 1275 1418 quam
1295 1363 1331 1402 si
1352 1362 1574 1416 admittas,
1603 1369 1755 1420 supple

291 1424 356 1476 ὥς.
417 1424 498 1465 Sed
519 1424 562 1461 in
588 1424 662 1464 W.
685 1423 809 1460 aliter
830 1423 947 1475 prius
973 1422 1123 1460 fuerat.
1156 1420 1326 1461 SOLAN.

404 1483 503 1534 Pag.
528 1483 666 1524 1821.
688 1485 728 1522 2.
762 1477 907 1531 Πάσῃ)
938 1477 1238 1516 Dis-tinctione
1269 1476 1456 1529 juvimus
1478 1475 1594 1517 hunc
1612 1480 1754 1518 locum

291 1549 332 1580 et
361 1537 730 1590 interpretatione.
790 1534 1035 1589 Jungebant
1067 1536 1222 1588 ἱστορίᾳ
1249 1531 1383 1589 πάσῃ,
1425 1542 1466 1572 et
1493 1533 1756 1586 interpreta-

291 1597 447 1635 bantur
465 1595 571 1633 omni
589 1593 799 1632 historiae.-
828 1591 888 1629 sic
908 1590 1156 1629 laborabant
1182 1589 1417 1642 sequeutia.
1477 1589 1618 1629 Nobis
1645 1589 1757 1646 πάσῃ

291 1662 356 1693 est
374 1651 558 1690 aoristus
580 1649 738 1701 primus
767 1664 819 1688 ex
845 1646 983 1688 πάσσω
1013 1649 1080 1685 vel
1109 1644 1263 1695 πάττω,
1307 1644 1423 1699 quod
1456 1644 1507 1685 de
1539 1647 1756 1686 coloribus

292 1720 334 1749 et
354 1706 584 1762 pigmentis
605 1705 795 1756 usurpari
818 1714 964 1743 notum
988 1714 1061 1741 est.
1096 1703 1233 1741 Gesn-

405 1763 511 1803 Ibicl.
551 1759 607 1802 To}
627 1759 751 1812 ἄλλα)
782 1762 866 1798 Hic
887 1759 1047 1814 aliquid
1073 1757 1348 1798 desideratur.
1409 1757 1475 1796 An
1498 1755 1551 1811 μὴ
1571 1763 1756 1812 παραλεί-

292 1840 385 1870 ποι,
417 1823 485 1858 vel
505 1816 752 1871 παραλήψῃς
785 1817 960 1855 GUYET.
1022 1816 1153 1853 Recte
1175 1815 1285 1853 vidit
1306 1813 1441 1869 Guyet.
1465 1816 1627 1869 aliquid
1650 1816 1755 1856 desi-

295 1877 432 1919 derari
465 1876 507 1913 in
529 1878 718 1928 vulgata,
760 1888 866 1927 quae
896 1882 1007 1921 erat,
1050 1877 1099 1928 τῇ
1128 1874 1281 1925 ἱστορίᾳ
1309 1872 1443 1926 πάσῃ,
1484 1869 1530 1912 τὰ
1559 1871 1657 1913 ἄλλα
1675 1883 1754 1913 etc.

294 1937 385 1974 sine
410 1942 612 1985 sequente
643 1930 796 1979 Verbo,
841 1929 953 1982 quod
985 1928 1037 1966 ad
1070 1928 1169 1968 ἄλλα
1200 1929 1428 1976 referatur,
1470 1937 1512 1966 et
1540 1929 1632 1967 sine
1665 1931 1754 1967 ullo

293 2004 440 2031 sensu:
475 1987 547 2027 sed
570 1996 728 2025 mutata
748 2001 767 2024 a
793 1985 957 2025 Gesnero
979 1984 1202 2022 distinctio
1226 1983 1332 2021 mihi
1357 1983 1498 2022 omnia
1522 1998 1669 2024 sanare
1692 1984 1756 2024 vi·

295 2048 438 2093 detu1·;
473 2058 599 2097 quare
620 2043 735 2081 illam
759 2046 893 2081 laetus
917 2044 1158 2093 amplector.
1189 2040 1350 2081 Rem-z,

404 2101 506 2142 Ead.
531 2103 559 2139 1.
581 2106 621 2144 3,
662 2104 742 2140 ,Τοῦ
760 2095 907 2152 λόγου)
941 2099 1042 2135 Post
1065 2096 1174 2134 hauc
1199 2111 1343 2135 vocem
1367 2095 1529 2136 excidit
1555 2095 1756 2146 verbum,

296 2161 387 2201 sine
411 2172 493 2212 quo
515 2167 623 2195 stare
659 2155 867 2193 sententia
899 2168 982 2191 non
1012 2163 1167 2205 potest,
1231 2151 1457 2205 Quodnam
1491 2161 1628 2192 autem
1661 2166 1760 2191 ver-

294 2218 391 2255 bum
415 2212 645 2260 exciderit,
682 2211 776 2263 quis
798 2211 889 2249 sine
914 2211 1019 2247 Mss.
1041 2223 1122 2260 ope
1151 2208 1395 2247 divinabit?
1438 2208 1620 2248 Vorstius
1648 2223 1757 2248 con-

295 2274 413 2326 jicit‚
448 2281 544 2308 ante
564 2267 609 2308 τοὶ
632 2267 728 2308 ἄλλα
747 2265 1034 2319 reponendum
1057 2266 1135 2307 ἐστὶ
1155 2267 1244 2315 καὶ,
1278 2268 1346 2303 vel
1366 2266 1502 2304 simile
1524 2264 1641 2318 quid.
1703 2265 1754 2304 In

295 2331 370 2370 W,
395 2339 436 2369 et
458 2325 535 2366 Ed,
567 2324 628 2363 Fl.
662 2323 776 2362 deest
808 2320 939 2379 πάσῃ,
979 2322 1175 2375 agnoscit
1202 2323 1246 2363 P.
1281 2322 1389 2371 (Hic
1417 2320 1583 2374 aliquid
1613 2320 1751 2371 deest,

295 2386 398 2424 huic
426 2382 562 2422 simile
591 2381 687 2421 ἄλλα
719 2383 996 2433 μεμίγθωσαυ,
1038 2376 1064 2418 ἃ
1095 2377 1169 2419 σὺν
1196 2388 1275 2417 etc.
1309 2377 1512 2432 Longol.)
1546 2378 1639 2430 Ego
1673 2391 1750 2430 pro

294 2440 401 2494 πάσῃ
432 2438 479 2481 τὰ
507 2436 733 2492 legendum
763 2450 914 2475 censeo
947 2436 1182 2478 ἐπιπαττέτω
1211 2434 1280 2485 τὰ,
1332 2445 1379 2473 ut
1409 2434 1520 2474 Pisc.
1561 2447 1651 2486 cap.
1681 2439 1750 2477 22.

297 2500 462 2538 SOLAN.

408 2552 510 2593 Ead.
537 2553 566 2589 l.
599 2553 637 2594 5.
665 2546 865 2603 ’Ἐναγχος
893 2571 948 2579 —-
977 2546 1145 2602 πρώην)
1184 2547 1252 2585 Ex
1282 2546 1365 2585 hoc
1394 2549 1490 2584 loco
1524 2543 1749 2595 discimus,

302 2623 385 2661 quo
404 2610 569 2648 tandem
598 2616 787 2658 tempore
814 2605 991 2658 patriam
1015 2614 1110 2658 post
1133 2604 1286 2657 primas
1306 2601 1667 2656 peregrinationes
1691 2616 1750 2639 re-

301 2665 446 2703 viserit
470 2665 682 2704 Luc-ianus.
743 2662 893 2714 Neque
923 2661 1033 2700 enim
1065 2660 1238 2698 dubium
1269 2668 1355 2704 est,
1398 2658 1500 2710 quin
1533 2655 1584 2696 de
1610 2657 1751 2696 reditu

302 2720 346 2758 in
367 2722 542 2773 patriam
572 2717 641 2756 hic
661 2721 782 2757 locus
805 2718 861 2756 sit
882 2717 1210 2772 intelligendus,
1249 2713 1299 2754 de
1324 2727 1407 2768 quo
1438 2714 1482 2752 in
1509 2713 1684 2753 Somnio
1718 2727 1752 2755 c,
