1834 3188
260 210 361 261 508
618 224 1376 257 ADNOTA‘rroNEs

259 331 350 379 λησι
367 322 502 379 νόμιζε
517 322 598 377 ηὸη
619 328 864 379 γεγενῆσθαι
883 320 1104 377 γνώριμος,
1146 336 1234 363 non
1261 321 1414 363 dubito
1428 356 1439 375 ‚
1481 324 1590 390 quin
1620 324 1726 364 haec

259 397 430 437 quoque
450 383 589 420 oratio
611 381 720 420 vitio
739 381 868 419 unius
889 380 1039 420 literae
1068 379 1261 420 decorem
1281 395 1403 420 suum
1427 382 1637 432 amiserit,
1666 386 1726 421 le

260 439 534 494 gendumque
553 437 610 476 sit
629 438 929 479 ἐπαινέσωνται.
986 436 1241 477 Timotheus
1264 446 1417 490 nempe
1435 415 1726 478 Harmon'idae

260 495 435 536 tibicini
455 495 566 533 viam
584 496 919 543 monstraturus,
953 508 1035 548 qua
1055 507 1130 547 per
1150 494 1447 547 compendium
1470 504 1612 547 posset
1634 495 1727 535 fieri

260 556 397 591 clarus
421 552 532 590 inter
553 565 699 591 omnes
722 551 930 600 Graecos,
970 550 1090 604 jubet
1110 565 1205 590 eum
1235 551 1413 605 seligere
1443 566 1496 590 ex
1525 551 1726 591 omnibus

262 608 434 648 Graecis
456 607 665 659 optimOS,
698 621 855 660 eosque
876 621 1035 662 paucos
1060 616 1102 645 et
1132 607 1373 661 principes,
1413 606 1567 675 quibu-s
1594 617 1725 647 artem

259 680 375 705 suam
396 664 562 717 probet.
617 663 719 716 His,
753 664 834 714 ait,
866 667 902 704 si
916 675 1038 703 aetem
1053 664 1161 704 tibiis
1179 664 1346 704 canendi
1360 663 1590 716 ostendens,
1620 667 1725 718 iique

259 734 296 761 ie
315 721 538 772 Zaudarint,
563 723 649 775 jam
667 731 703 760 te
723 721 902 761 omnibus
921 719 1081 761 Gmecis
1097 723 1296 774 cognitum
1316 737 1395 760 esse
1400 721 1567 777 factum
1587 722 1728 760 existi..

258 796 324 818 ma
356 779 481 819 JENS.
548 776 772 831 Wopkens
760 793 806 816 m
829 779 968 820 Lectt
1001 779 1117 819 Tull.
1147 792 1192 831 p.
1210 783 1308 822 306.
1335 778 1498 817 refutat
1525 767 1726 824 Ιεηείιιηι,

259 845 304 874 at
334 850 422 874 non
456 833 559 873 satis
592 834 807 873 similibus
834 834 1068 887 exemplis⁷
1106 837 1253 873 saltem
1286 848 1376 874 non
1403 833 1479 872 ubi
1503 835 1572 875 καὶ
1601 831 1730 872 adsit.

260 892 402 946 Quare
421 890 560 930 adhuc
582 890 714 931 Jensio
744 891 981 942 assentior,
1025 890 1126 944 quia
1154 892 1224 933 καὶ
1250 890 1324 930 hic
1354 905 1442 930 non
1475 889 1726 944 conjungit,

257 948 330 987 sed
350 947 576 1001 disjungit.
608 948 772 989 Rnrrz,
831 948 912 986 Est
933 947 976 987 h.
998 949 1023 988 l.
1043 946 1257 1001 μετάβασις
1271 945 1508 987 Modorum
1528 944 1644 985 haud
1663 946 1730 983 in-

258 1015 381 1057 epta,
412 1003 463 1043 ab
484 1004 694 1056 Opt‘ativo
722 1003 957 1057 procedens
982 1003 1033 1043 ad
1061 1005 1268 1043 Futurum
1293 1004 1498 1057 simplex,
1530 1001 1647 1056 quod
1679 1001 1730 1039 ab

258 1062 335 1100 illo
356 1060 534 1100 nonnisi
557 1075 608 1100 eo
631 1059 789 1110 differt,
821 1059 936 1115 quod
958 1059 1177 1099 definitius
1199 1060 1338 1113 ponit,
1371 1074 1479 1113 quae
1497 1058 1732 1111 Optativus

256 1131 335 1170 pro
381 1117 544 1155 incerta
572 1092 827 1156 conditioixe
855 1117 1066 1157 enuntiat.
1125 1117 1224 1156 Alia
1260 1116 1448 1169 ejusdem
1481 1112 1735 1169 μεταβάσεως

257 1177 450 1227 exempla
471 1172 636 1213 videbis
659 1176 786 1213 allata
811 1173 857 1211 in
881 1172 1045 1214 Aduot.
1070 1171 1120 1212 ad
1142 1174 1336 1213 Hermot.
1359 1188 1393 1211 c.
1409 1177 1479 1217 30.
1539 1172 1650 1210 Mox
1670 1185 1732 1209 se-

258 1230 406 1283 quitur
427 1229 544 1268 aliud
568 1244 602 1269 c.
623 1235 664 1274 3.
697 1227 957 1282 ἔσκοπουμην
977 1228 1089 1302 defig-
1117 1227 1294 1299 ἄριστος
1310 1231 1388 1298 εἰη
1418 1233 1497 1270 τῶν
1515 1228 1558 1270 ἔν
1581 1232 1631 1283 τῇ
1654 1224 1732 1268 πό-

255 1291 337 1336 λει,
367 1288 435 1327 καὶ
457 1303 534 1328 om)
563 1285 918 1328 πιστεύουσιν
948 1289 990 1328 οἷ
1008 1284 1142 1337 ἄλλοι,
1174 1287 1242 1328 καὶ
1271 1284 1317 1335 ὃς
1344 1282 1432 1327 α’ντὶ
1459 1283 1623 1329 πάντων
1654 1279 1731 1335 ἆρ-

255 1344 464 1385 κὲσειεν
503 1343 567 1385 ἄν.
628 1343 696 1382 Ab
729 1342 978 1382 Indicativo
1018 1342 1070 1381 ad
1102 1320 1440 1410 C’onjunctivum
1482 1339 1732 1409 proceditur

254 1400 450 1441 Hermot.
474 1415 509 1442 c.
532 1403 601 1445 56.
624 1400 670 1438 in
696 1399 862 1439 verbis:
896 1398 972 1454 όρα
1000 1417 1054 1452 μη
1083 1395 1169 1453 οὗχι
1195 1402 1340 1453 μορίου
1371 1399 1523 1442 ἐστὶν
1551 1395 1727 1453 ἡμέρας,

255 1452 354 1498 ἀλλὰ
374 1462 528 1500 πολλῶν
549 1456 709 1510 ημερῶν
739 1457 926 1509 δέηται.
960 1456 1033 1495 ubi
1058 1455 1143 1498 vid
1169 1455 1647 1497 Varr.Lectt.Lf.11M.

369 1513 473 1553 Εαᾶ.
494 1517 523 1554 l.
545 1519 585 1556 9
626 1516 672 1554 Τί
692 1527 756 1555 σοι
775 1516 838 1555 δεῖ
849 1518 929 1554 τῶν
951 1517 1132 1561 πολλῶν)
1164 1513 1226 1552 Ut
1246 1513 1372 1551 mima
1396 1513 1493 1554 illa:
1525 1510 1627 1554 satis
1650 1519 1728 1561 est,

256 1569 442 1623 equitem
463 1570 571 1611 mihi
591 1569 805 1622 plaudere.
834 1571 1017 1610 Bonan.

368 1625 471 1666 Εαίῖ
501 1623 832 1676 1.14.”Ισασι)
871 1624 1053 1680 Aliquid
1088 1623 1301 1664 excidisse
1331 1623 1440 1663 mihi
1475 1623 1727 1673 videbatur,

254 1692 482 1735 antequam
505 1698 559 1722 ex
577 1683 632 1724 L.
654 1681 766 1723 hanc
784 1682 1061 1739 scripturam,
1092 1696 1170 1735 pro
1195 1683 1291 1732 εἰσὶ,
1325 1680 1476 1738 quod
1463 1695 1510 1721 m
1533 1681 1630 1722 aliis
1649 1690 1726 1732 est,

253 1738 470 1780 vidissem.
502 1740 673 1780 SOLAN.

364 1795 462 1849 Pag·
488 1801 581 1841 146
603 1800 632 1838 l
655 1792 874 1839 1201*sz
904 1819 961 1827 —-
990 1795 1163 1848 ἔμελλες)
1199 1793 1313 1836 Οὕτω
1338 1791 1418 1836 δὲ’
1402 1811 1486 1862 αρα
1505 1809 1554 1836 συ
1576 1795 1727 1862 ἔμελλες

249 1848 345 1905 ἡμῖν
354 1856 589 1921 φαίνεσθαι
604 1856 659 1909 τῷ
678 1855 820 1924 §amalfa
828 1851 955 1919 λόγῳ,
988 1849 1046 1894 ὅτι
1063 1869 1136 1905 περ
1153 1849 1196 1893 τὸ
1217 1849 1442 1904 κεφάλαιον
1462 1846 1607 1903 αρετῆς
1623 1847 1726 1892 &71:1⁷2-

251 1925 324 1961 σης
346 1905 366 1950 ὅ
390 1907 560 1964 γνώμων
578 1911 700 1962 φασὶ,
731 1910 798 1951 καὶ
818 1905 948 1960 ὀρθὸς
965 1910 1102 1950 κανών
1119 1913 1199 1949 τῶν
1215 1905 1424 1950 τοιούτων.
1484 1908 1536 1946 In
1558 1907 1639 1945 hoc
1658 1910 1724 1945 lo-

249 1981 299 2004 co
324 1966 530 2006 vertendo
555 1966 674 2007 aliud
696 1976 876 2021 egerunt
894 1966 1162 2019 interpretes.
1193 1964 1516 2003 salmuriensis:
1551 1965 1651 2001 Τιι
1635 1965 1721 2015 zgi-

249 2034 314 2061 im·
334 2023 446 2062 nobis
467 2039 596 2063 revera
617 2022 711 2062 talis
725 2022 850 2062 videri
866 2022 1053 2070 debebas,
1087 2023 1272 2076 quoniam
1289 2023 1349 2059 vit
1352 2022 1445 2059 tutis
1463 2022 1588 2059 omnis·
1605 2030 1724 2072 caput

250 2096 310 2128 es,
342 2090 384 2117 ut
401 2082 535 2132 ajunt,
563 2096 738 2133 gnomon
758 2090 793 2118 et
808 2091 916 2119 recta
935 2078 1082 2132 regula.
1143 2077 1232 2115 Alii
1249 2079 1386 2130 pejus.
1446 2076 1640 2116 Laborat
1658 2078 1722 2114 lo-

251 2150 326 2174 cus
349 2150 480 2188 prava
499 2135 803 2184 distinctione,
837 2149 946 2189 quae
966 2135 1028 2173 sic
1049 2143 1112 2173 est
1133 2132 1421 2173 emendanda:
1454 2131 1559 2174 οὕτω
1580 2132 1622 2174 δὲ
1642 2129 1723 2184 ἄρα

251 2190 300 2233 σύ
325 2193 475 2262 ἐμελλβες
491 2189 591 2245 ’ἡμῖν
617 2195 840 2245 φαίνεσθαι
861 2197 919 2249 τῷ
938 2193 1080 2244 δικαίῳ
1101 2187 1220 2261 l’dycp,
1244 2187 1305 2233 ὅτι
1322 2206 1394 2258 περ
1416 2187 1461 2231 τὸ
1479 2187 1721 2242 κεφάλαιον,

249 2246 394 2301 ἀρετῆς
414 2246 577 2302 ἆπασης
598 2246 619 2291 ὁ
640 2248 831 2304 γνώμων,
865 2235 990 2301 φασὶ,
1023 2265 1090 2288 και
1109 2246 1237 2300 ὀρθὸς
1257 2245 1392 2290 κανών
1411 2252 1490 2288 τῶν
1510 2244 1718 2287 τοιούτων.

253 2307 315 2344 Tu
337 2308 459 2360 igitur
479 2323 608 2346 revera
627 2306 721 2346 talis
751 2306 863 2345 nobis
881 2322 959 2344 esse
989 2306 1254 2354 existimaris,
1288 2303 1489 2341 nimirum
1520 2302 1719 2355 princeps

250 2362 463 2410 civitatiS,
495 2363 674 2418 quodque
703 2378 797 2403 sane
813 2364 1070 2428 praecipuum
1096 2372 1173 2410 est,
1215 2363 1342 2401 omnis
1372 2361 1528 2399 virtutis
1557 2372 1719 2404 norma,

249 2429 292 2486 ’ξΐ
322 2430 456 2472 ‘'Iun“
509 2431 545 2459 et
573 2420 714 2461 talium
743 2419 892 2473 regula.
954 2415 1190 2470 Κεφάλαιον
1219 2417 1364 2469 inepte
1401 2413 1594 2469 copulari
1625 2427 1720 2451 cum

248 2471 320 2526 ἆρε
324 2480 415 2526 τῆς,
448 2485 490 2516 et
515 2479 668 2517 omissa
690 2479 867 2529 copula,
901 2485 942 2515 et
964 2476 1111 2528 inepta
1135 2473 1348 2514 sententia
1374 2467 1575 2511 ostendit.
1609 2470 1720 2510 Μέλ-

250 2533 305 2570 λω
327 2534 541 2586 eleganter
556 2534 631 2572 hic
652 2543 717 2573 est
736 2529 1019 2585 δοκιμάζομαι,
1052 2531 1298 2579 existimor,
1333 2528 1391 2567 ita
1413 2541 1479 2566 me
1501 2539 1717 2578 comparo,

251 2594 299 2622 ut
325 2601 399 2637 pro
433 2591 511 2629 tali
544 2590 699 2629 habear
731 2599 773 2630 et
800 2589 1045 2636 existimer;
1089 2597 1139 2628 ut
1173 2585 1287 2640 apud
1318 2584 1560 2630 Homerum,
1592 2595 1718 2636 quem

253 2641 457 2684 Lucianus
477 2645 639 2701 ubique
661 2646 878 2716 sequitur·

479 2705 558 2743 Καὶ
574 2703 648 2756 γὰρ
671 2701 745 2758 ἐγώ
767 2700 860 2745 ποτ’
883 2703 1077 2755 ἕμελλον’
1059 2719 1102 2744 εν
1121 2696 1314 2752 ἀνδράσιν
1338 2693 1472 2750 ὄλβιος
1491 2692 1603 2736 εἶναι.

477 2756 535 2812 Eg
523 2775 560 2798 ο
581 2775 732 2814 quoque
752 2761 846 2802 olim
862 2759 1076 2812 judicabat
1095 2760 1193 2798 inter
1214 2755 1383 2796 homines
1405 2753 1536 2793 beatus
1553 2767 1645 2795 csse
