1834 3188
477 137 489 155 k

421 203 520 250 114
907 210 1317 244 Luciwa

272 331 310 368 p.
324 319 402 358 826.
417 311 542 357 νύκτα
560 309 678 356 εἶναι.
705 313 833 355 ἐνίοτε
856 311 899 354 δὲ
916 311 985 353 καὶ
1004 309 1145 364 κέρατα
1161 305 1259 362 ἡμῖν
1280 307 1303 352 ὅ
1319 316 1502 366 γενναῖος
1519 309 1708 366 ἀναφύει,
1727 307 1803 354 οὐκ

487 378 541 395 'et

418 381 480 425 οἰδ
520 398 627 429 οπως
652 380 900 435 περιπλέκων
918 377 985 420 τὸν
1017 375 1157 433 λόγον·
1207 375 1323 432 ἡμεῖς
1354 380 1395 421 δὲ
1422 386 1594 436 γελῶμεν
1617 382 1681 422 ἐπὶ
1700 379 1802 422 τού-

416 465 524 500 τοις·
556 451 622 492 καὶ
643 447 809 503 μάλιστα
833 445 927 489 όταν
946 443 1236 501 ἐπιβυσάμενος
1257 447 1306 487 τὰ
1326 441 1417 498 ὦτα,
1448 454 1586 506 μελετᾷ
1608 447 1710 503 πρὸς
1730 444 1800 489 αὖ-

416 518 488 561 τὸν
511 516 548 569 1)
582 519 678 567 ἕξεις
706 514 838 566 τινας,
871 516 937 556 καὶ
965 516 1134 568 σχέσεις,
1168 515 1234 555 καὶ
1266 515 1530 569 καταλήψεις,
1562 518 1626 559 καὶ
1648 532 1799 568 φαντα-

417 590 527 635 σίας,
558 587 628 627 καὶ
646 589 809 626 τοιαῦτα
833 582 960 625 πολλοὶ
983 579 1172 635 ὀνόματα,
1189 580 1358 632 διεξιών.
1397 582 1595 637 ἀκούομεν
1617 584 1658 625 δὲ
1676 579 1804 624 αὐτοῦ

414 654 622 708 λέγοντος,
656 650 709 701 ὥς
731 653 799 693 καὶ
821 647 842 693 ὅ
861 648 960 699 θεὸς
989 648 1064 693 οὐκ
1088 652 1129 692 ἔν
1149 648 1311 708 οὐρανῷ
1329 653 1452 703 ἐστιν,
1484 650 1581 693 ἄλλα
1603 650 1668 692 διὰ
1688 648 1802 692 πάν-

414 739 494 764 των
515 716 567 778 k)
598 722 866 773 πεφοίτηκεν,
899 717 987 761 οἷον
1008 716 1157 768 ξύλων,
1190 721 1256 760 καὶ
1274 723 1424 770 λίθων,
1457 721 1526 762 καὶ
1545 718 1677 767 ζώων,
1711 716 1802 772 ἅχρι

415 791 481 841 καὶ
510 793 591 830 τῶν
618 784 877 841 ἀτιμοτάτων.
927 789 994 829 καὶ
1024 793 1095 839 τῆς
1121 805 1164 844 γε
1193 786 1341 841 μητρὸς
1368 788 1556 841 ἐρομένης
1583 784 1732 836 αὐτὸν,
1763 788 1802 827 τί

415 862 540 898 ταῦτα
569 862 698 911 ληρεῖ,
730 853 999 911 καταγελάσας
1020 854 1165 909 αὐτῆς,
1199 852 1286 898 ἄλλ’
1316 853 1370 908 ἢν
1397 854 1469 898 τὸν
1497 861 1623 908 λῆρον
1645 860 1799 904 τοῦτον,

414 927 517 979 ἔφη,
549 923 716 978 ἐκμάθω
738 921 777 979 l)
809 920 1007 979 ἀκριβῶς,
1042 921 1158 967 οὐδὲν
1187 921 1354 966 κωλύσει
1372 927 1427 974 ¹¹¹)
1459 941 1505 977 με
1524 921 1651 976 μόνον
1670 921 1802 965 πλού-

416 1008 525 1045 σιον,
565 992 691 1046 μόνον
721 995 882 1047 βασιλέα
914 992 1032 1044 εἶναι,
1075 992 1170 1042 τούς
1199 993 1240 1035 δὲ
1271 988 1438 1041 ἅλλους,
1471 989 1707 1046 ἀνδράποδα
1734 992 1802 1033 καὶ

334 1074 390 1114 82
416 1061 660 1116 καθάρματα
677 1064 932 1114 νομίζεσθαι,
964 1059 1017 1110 ὥς
1034 1061 1136 1116 πρὸς
1154 1062 1229 1115 ἐμέ.
1299 1065 1472 1102 Τοιαῦτα
1488 1066 1561 1102 τοῦ
1576 1054 1726 1112 ἀνδρὸς
1747 1061 1801 1102 εἶ-

269 1145 400 1187 p.827
415 1129 581 1181 πόντος,
627 1126 647 1171 ὃ
679 1127 929 1182 φιλόσοφος,
972 1128 1066 1185 όρα,
1108 1132 1197 1172 οιάν
1226 1125 1441 1182 απόκρισιν
1472 1124 1738 1181 ἀπεκρίνατο,
1770 1122 1803 1169 ὦ

409 1193 637 1250 Ερμότιμε,
659 1193 713 1245 ὥς
734 1196 1017 1252 πρεσβυτικήν.
1051 1200 1127 1252 ε’φη
1150 1215 1245 1253 2019,
1278 1193 1361 1237 αλλ’
1386 1198 1477 1251 εἴγε
1499 1196 1551 1250 μὴ
1571 1198 1660 1249 ἐμοὶ
1682 1198 1800 1249 ἔπλη-

417 1268 546 1314 σίαζεν
579 1265 718 1315 οὗτος,
757 1261 834 1306 οὐκ
865 1267 939 1307 οἰει
965 1271 1106 1322 μακρῷ
1135 1268 1253 1320 χείρω
1274 1266 1325 1319 ¹¹)
1356 1282 1406 1306 αν
1443 1263 1567 1305 αὐτὸν
1594 1260 1802 1318 ε’ξεργασα-
1833 1283 1834 1295 2

416 1339 535 1381 σθαι,
568 1350 593 1385 η
615 1334 701 1383 καὶ,
732 1349 782 1385 νη
811 1335 912 1385 Δία,
944 1335 1040 1383 ἰ’σως
1063 1338 1119 1389 τῷ
1135 1334 1263 1386 δημίῳ
1292 1329 1623 1393 παραδεδόσθαις
1655 1328 1708 1379 ὥς
1726 1333 1800 1372 νῦν
1833 1328 1834 1342 ³

414 1416 457 1454 γε
486 1397 648 1452 χαλινόν
675 1418 765 1442 τινα
797 1403 1036 1456 ἐμβέβληκεν
1063 1398 1174 1443 αὗτω
1205 1397 1232 1454 ἦ
1260 1402 1507 1454 φιλοσοφία,
1541 1400 1609 1441 καὶ
1641 1395 1667 1452 ἡ
1698 1397 1803 1452 πρὸς
1832 1372 1834 1459 5

509 1517 546 1545 et
564 1515 1001 1557 recentt.praeterSclzm.
1023 1525 1117 1560 quae
1138 1508 1178 1548 o'.
1190 1524 1236 1547 τι.
1284 1513 1318 1550 ἱ)
1346 1524 1460 1546 αυτο
1473 1513 1518 1556 ν]
1545 1509 1663 1546 αὑτὸν
1683 1511 1798 1543 Schm.

508 1568 529 1589 e
558 1558 654 1599 conj.
685 1561 802 1593 Reuz.
852 1560 935 1595 vid.
955 1561 1089 1593 Adnot.
1160 1559 1205 1602 k)
1233 1555 1315 1593 διοῖ
1340 1555 1553 1601 παντων]
1580 1556 1797 1593 διαστάντων
1831 1555 1834 1588 ἐ

507 1614 582 1636 una
606 1614 698 1637 voce
719 1607 758 1637 A.
784 1618 810 1644 i
831 1618 861 1639 2.
883 1607 946 1639 sed
976 1606 1118 1639 duabus
1138 1606 1177 1642 Β
1203 1619 1231 1638 ι.
1251 1616 1283 1648 5,
1302 1610 1337 1638 et
1362 1605 1691 1638 re‹:e·1tt.1ectius.
1763 1603 1798 1641 1)
1830 1639 1832 1646 .

508 1646 726 1694 ἐκμαθω]
754 1648 907 1699 ἐκμάθῳ
936 1665 1020 1686 cum
1039 1654 1111 1693 jota
1132 1652 1274 1685 subscr.
1297 1652 1336 1684 A.
1365 1663 1393 1683 1.
1418 1663 1451 1687 2
1464 1649 1502 1685 ἐκ
1520 1648 1633 1694 μαθω
1654 1650 1797 1683 duabus

510 1695 724 1732 vocibusB
752 1710 779 1730 1.
797 1710 829 1742 5.
902 1700 963 1739 m)
990 1695 1213 1739 κωλύσει]
1254 1695 1428 1742 ,ριωλύσῃ
1452 1699 1514 1729 Ex.
1536 1698 1589 1730 Fl.
1639 1696 1710 1730 Sed
1727 1706 1799 1741 pro
1830 1712 1834 1734 μ

510 1741 658 1785 vulgata
677 1749 777 1776 stant
795 1746 825 1777 J.
846 1745 892 1777 H.
918 1746 1001 1778 Par.
1022 1750 1060 1778 et
1082 1745 1122 1778 P.
1129 1745 1153 1762 ‘⁴
1209 1745 1258 1787 n)
1283 1745 1450 1789 χείρω]
1478 1747 1585 1789 χεῖρω
1609 1744 1650 1778 Α.
1671 1755 1704 1777 2.
1828 1741 1834 1776 5'

416 1837 637 1878 Interdum
676 1851 719 1880 et
760 1856 918 1881 cornua
951 1842 1079 1883 nobis
1139 1841 1333 1883 deridens
1358 1843 1499 1892 illam,
1531 1857 1701 1893 verum,
1733 1841 1800 1880 in·
1827 1854 1831 1862 ²

415 1895 556 1933 bonus
580 1895 670 1946 vir,
714 1912 906 1938 sermone
933 1900 1077 1939 nescio
1139 1900 1258 1953 quit,
1298 1900 1334 1937 si
1365 1899 1632 1952 perdidicero
1668 1913 1800 1937 accu-
1826 1868 1834 1967 ί

419 1953 637 2004 quomodo
663 1957 891 2006 perplexo,
922 1956 1078 2010 produ·
1136 1966 1225 1995 rate
1249 1970 1380 2009 nugas
1405 1956 1522 2004 illas,
1555 1954 1665 1992 nihil
1691 1969 1798 2006 pro—-

420 2007 493 2046 cit.
567 2011 622 2047 At
650 2024 725 2048 nos
756 2011 939 2050 ridemus
971 2014 1077 2064 ista,
1136 2011 1328 2057 hibebit,
1362 2014 1498 2050 solum
1520 2024 1584 2048 me
1604 2010 1795 2061 divitem,
1824 1970 1834 2052 5

420 2073 461 2100 et
482 2065 663 2104 maxime
682 2068 847 2120 quoties
872 2068 1078 2107 obtulatis
1135 2071 1272 2107 solum
1306 2082 1443 2122 regem
1473 2082 1582 2116 esse,
1615 2068 1800 2121 leliquos

420 2119 594 2158 auribus
632 2123 881 2172 meditatur,
926 2125 1082 2164 habitus
1139 2139 1239 2163 vero
1259 2125 1469 2176 mancipia
1486 2133 1526 2162 et
1546 2138 1834 2180 puigamen-

421 2175 650 2228 quosdam,
694 2189 735 2217 et
770 2156 996 2230 relationes,
1039 2191 1081 2220 et
1140 2191 1179 2219 ta
1202 2180 1252 2218 ad
1277 2196 1339 2219 me
1361 2190 1522 2232 putare.
1583 2180 1700 2219 Haec
1725 2180 1798 2221 ille
1822 2174 1834 2230 25

423 2233 798 2284 comprehensiones,
831 2247 872 2274 et
900 2239 1006 2287 visa,
1041 2247 1083 2277 et
1141 2252 1233 2275 cum
1256 2236 1462 2286 dixisset,
1496 2235 1608 2291 quod
1629 2250 1801 2288 respon·
1822 2251 1834 2292 3:

424 2289 596 2326 nomina
616 2290 658 2328 id
682 2306 813 2345 genus
836 2296 953 2343 plura
982 2309 1083 2345 per-
1141 2309 1230 2332 sum
1255 2293 1294 2331 ei
1316 2293 1598 2345 philosophus
1620 2291 1796 2341 dederit,

424 2355 619 2394 sequens.
691 2346 897 2386 Audimus
945 2361 1082 2389 autem
1141 2353 1220 2402 jam
1247 2348 1647 2398 vide,Hermotime‚
1674 2362 1797 2401 quam
1784 2301 1834 2396 5

415 2398 535 2437 illum
570 2400 728 2453 dicer,e
764 2419 848 2442 non
880 2405 923 2442 in
957 2409 1074 2445 coelo
1134 2407 1279 2446 senile
1350 2405 1479 2443 Dixit
1513 2403 1649 2442 enim:
1709 2405 1825 2444 Ve-

416 2467 507 2493 esse
527 2457 693 2509 Deum,
725 2459 827 2499 sed
817 2475 877 2500 ne
899 2476 971 2514 per
989 2477 1074 2500 om·
1132 2477 1222 2501 rum
1244 2461 1327 2499 nisi
1350 2475 1391 2499 se
1410 2460 1459 2497 ad
1482 2474 1544 2498 me
1564 2460 1794 2512 applicuis-

417 2522 513 2561 1³¹³,
555 2523 603 2552 ut
633 2515 774 2569 ligna,
816 2527 856 2555 et
883 2518 1073 2571 lapideS,
1134 2529 1218 2565 set
1249 2531 1391 2555 nonne
1410 2525 1554 2568 putas,
1587 2519 1721 2555 multo
1743 2517 1791 2555 il·
1818 2510 1834 2556 15

420 2574 463 2603 et
495 2569 719 2620 animalia,
761 2571 812 2611 ad
845 2588 908 2613 res
941 2589 1076 2628 usque
1133 2577 1217 2612 lum
1235 2573 1791 2624 deterimwaperpenaturum

421 2626 787 2670 contemtissimas‚
859 2630 922 2668 Ac
981 2646 1073 2669 cum
1132 2630 1287 2678 fuisse,
1330 2628 1432 2682 quin
1462 2627 1651 2666 carnifici
1680 2629 1793 2668 forte

418 2687 551 2717 mater
592 2681 729 2733 ipsum
767 2683 1075 2740 interrogfiret‚
1132 2686 1265 2723 fuisse
1325 2683 1610 2723 tradendum?
1683 2684 1817 2735 adeo¹

418 2746 617 2785 quorsum
675 2738 754 2779 ista
809 2741 1072 2796 nugaretur?
1131 2743 1212 2794 jam
1255 2741 1419 2780 frenum
1464 2740 1530 2779 illi
1578 2739 1817 2803 quoddam(
