1834 3188
274 158 375 207 450
625 166 1374 201 ADNO'I'ATIONES

276 276 427 322 litura,
463 283 569 324 quae
591 268 636 307 in
657 267 723 308 M.
746 274 943 320 apparet,
977 263 1133 317 cuique
1154 263 1359 304 hodierna
1388 266 1596 321 scriptura
1619 282 1640 306 a
1662 281 1726 306 re·

241 371 244 374 Δ
275 331 464 371 centiore
483 340 609 365 manu
631 323 835 376 inscripta
857 330 928 361 est.
950 321 1119 361 SOLAN.
1159 325 1376 364 Αἰτιᾶσθαι
1397 321 1528 372 αὕτως
1549 324 1727 378 corrigit

280 389 356 428 Th.
377 386 442 426 M.
475 384 532 421 Et
551 395 678 434 marg.
700 379 749 419 Β.
775 385 814 422 2.
840 379 1002 419 Rex-rz.
1051 377 1200 430 Spero,
1234 378 1309 431 qui
1331 378 1738 432 interpretationem*

276 453 463 483 nostram
483 439 555 478 hic
577 451 670 476 cum
693 434 862 474 Graecis
883 434 1137 484 contulerit,
1170 434 1290 473 illum
1314 435 1428 473 nihil
1450 436 1620 475 absurdi
1641 449 1726 474 am..

274 501 388 555 plius
412 499 456 535 in
483 496 535 533 iis
569 491 940 546 deprehensarum.
999 489 1081 529 Sed
1113 491 1290 529 clariora
1320 500 1442 531 erunt
1473 493 1656 541 Graeca,
1688 493 1726 531 si

275 558 412 610 primo
434 552 648 595 observeS,
680 544 802 589 αὐτὸν
831 547 1091 601 jungendum
1114 561 1206 585 cum
1228 544 1447 602 ἀγόμενον,
1479 547 1656 592 deinde,
1688 549 1726 586 si

275 621 373 666 post
395 611 601 650 αἰτιᾶσθαι
634 603 818 642 incidas:
849 603 1008 642 Latina
1033 612 1170 642 autem
1194 603 1426 642 illustriora
1443 615 1587 656 erunt,
1619 604 1654 644 si
1677 604 1725 643 in

274 666 436 714 verbiS,
468 681 493 703 a
516 665 556 702 vi
575 661 665 702 ME
681 660 832 710 liberet,
863 660 941 698 Me
962 658 1068 698 illud
1089 662 1155 698 vel
1175 658 1344 698 omittas
1363 660 1623 713 simpliciter,
1656 663 1727 700 vel

277 725 320 762 in
340 722 452 761 illum
477 729 624 760 mutes.
682 717 791 756 Nam
820 715 872 755 de
891 729 936 755 se
968 714 1138 770 quidem
1167 715 1381 770 loquitur,
1413 730 1499 770 quo
1528 725 1724 769 respectu

272 797 333 819 me
365 777 470 816 mihi
505 775 549 813 in
582 783 762 813 mentem
792 771 933 821 veuit,
966 771 1038 810 sed
1074 772 1269 824 loquitur
1301 772 1347 810 in
1379 773 1505 811 tertia
1529 786 1724 825 persona.

274 836 408 874 Gsssn.
467 833 584 871 Haeo
615 828 783 883 quidem
814 828 1045 868 rectissime
1066 827 1237 867 habent.
1300 828 1428 882 Quod
1449 838 1587 867 autem
1612 827 1726 872 idem

275 891 462 931 Gesnerus
494 888 538 925 in
573 886 767 926 versione
794 884 854 922 ita
884 883 1211 938 interpretatur:
1255 883 1378 925 donec
1403 885 1487 924 alia
1523 886 1625 923 ratio
1654 884 1727 923 tibi

272 946 559 987 succenturiata
577 959 603 981 a
624 944 663 981 vi
679 958 738 980 me
763 939 919 990 liberet,
953 950 1130 979 mentem
1151 940 1337 979 Luciani
1355 940 1561 994 pervertit
1582 942 1728 979 mani-

273 1006 400 1043 festo.
459 1001 567 1040 Nam
596 998 704 1038 ratio
737 997 809 1036 illa
841 1010 928 1035 non
959 997 1250 1040 Hermotimo,
1291 996 1364 1035 sed
1395 997 1478 1050 ipsi
1509 996 1720 1044 Luciam,

271 1060 359 1098 dici
396 1057 575 1097 debebat
617 1052 944 1092 succenturiata.
1005 1052 1129 1091 Unde
1166 1052 1409 1092 Wielandius
1437 1067 1512 1105 pro
1544 1067 1609 1094 σοι
1634 1053 1723 1104 legi

270 1115 411 1155 voluit
431 1131 512 1166 μοι,
543 1125 709 1151 sensum
730 1107 900 1162 quidem
923 1117 1096 1156 rectum,
1128 1107 1336 1160 judicium
1355 1122 1454 1147 vero
1472 1108 1610 1146 minus
1629 1108 1726 1146 sub-

270 1181 433 1220 actum,
466 1178 648 1208 secutus.
707 1165 857 1218 Neque
877 1164 987 1202 enim
1018 1167 1107 1202 ullo
1134 1163 1261 1202 modo
1283 1164 1409 1203 verba
1433 1167 1604 1219 vulgata
1625 1178 1725 1202 mu·-

270 1225 396 1266 tanda
417 1235 528 1266 sunt,
560 1225 651 1262 Imo
671 1234 770 1260 vero
795 1234 858 1261 σοι
872 1220 998 1259 unice
1020 1219 1262 1270 tenendum,
1293 1220 1419 1258 modo
1440 1234 1493 1259 ne
1514 1235 1606 1259 cum
1630 1234 1725 1272 σύμω

268 1281 444 1336 μαχήσας
474 1283 728 1333 conjungas,
769 1275 842 1315 sed
875 1291 969 1314 cum
1000 1275 1276 1328 sequentibus
1310 1272 1503 1329 ἆφέληται
1533 1279 1604 1328 τῆς
1621 1278 1723 1330 βίας.

269 1339 479 1378 Dativum
500 1346 638 1376 autern
673 1347 774 1385 cape
795 1346 871 1383 pro
906 1332 1136 1382 Genitivo‚
1170 1332 1252 1376 ita,
1286 1342 1334 1370 ut
1356 1333 1516 1386 cogites
1547 1337 1617 1385 τῆς
1635 1336 1726 1387 βίας

268 1410 363 1446 σου,
404 1404 446 1434 et
475 1406 639 1432 omnem
667 1393 748 1441 jam
781 1387 1034 1427 sententiam
1069 1388 1130 1426 sic
1160 1387 1310 1428 redde:
1342 1388 1464 1428 donec
1486 1388 1570 1428 alia
1601 1391 1722 1439 ratio,

267 1450 597 1506 mecumfaciens‚
611 1463 634 1485 α
653 1457 720 1484 rua
735 1447 776 1484 vi
792 1461 851 1482 me
867 1443 1011 1483 liberet.
1045 1443 1204 1482 Eadem
1227 1459 1358 1497 prope
1380 1446 1543 1485 ratione
1564 1444 1722 1484 dictum

266 1514 400 1549 πᾶσαν
426 1504 676 1547 ἀποκέκλεικέ
705 1517 774 1554 μοι
801 1503 918 1551 (non
950 1516 1051 1551 μου,
1085 1500 1195 1538 sicut
1226 1502 1270 1538 in
1303 1501 1380 1551 C.)
1409 1499 1480 1553 τὴν
1506 1499 1722 1542 θάλατταν.

269 1563 398 1617 Quod
421 1571 558 1601 autem
588 1573 664 1611 pro
685 1554 807 1599 αὐτὸν
844 1555 1087 1595 Wielandius
1116 1555 1383 1595 scribendum
1415 1567 1556 1596 censet
1578 1555 1723 1609 αὑτὸν,

268 1615 354 1658 ιίοῐι
381 1616 598 1671 perspexit
618 1612 842 1652 vimvocis
860 1607 1003 1661 αὐτὸν,
1037 1626 1160 1664 quam
1184 1612 1369 1651 Gesner-us
1388 1612 1493 1652 bene
1512 1612 1724 1654 reddidit:

268 1679 336 1730 qui
362 1678 442 1728 ipse
469 1696 524 1704 -—
553 1671 764 1727 anferatur.
808 1670 994 1707 Tantum
1021 1668 1161 1717 abest,
1195 1668 1277 1707 hoc
1305 1672 1396 1707 vult
1424 1668 1644 1721 Lycinus,
1677 1681 1726 1708 ut

269 1733 356 1769 vim
382 1731 464 1769 tibi
492 1729 697 1774 inferam,
731 1735 778 1763 ut
799 1725 888 1777 ipse
917 1734 1063 1762 contra
1097 1738 1118 1761 a
1143 1733 1183 1762 te
1205 1725 1289 1763 vim
1312 1725 1472 1777 patiar,
1506 1739 1528 1763 a
1547 1739 1627 1780 qua
1651 1739 1725 1779 per

270 1789 394 1826 aliam
415 1786 622 1824 rationem
644 1785 725 1834 jam
750 1793 920 1819 necesse
939 1789 1002 1818 est
1023 1795 1085 1818 me
1106 1779 1291 1818 liberem.
1336 1781 1491 1820 me.

382 1842 483 1882 Eud.
509 1844 536 1879 l.
564 1844 627 1881 14.
661 1834 805 1892 Αὐτῷ)
843 1839 908 1889 Τῷ
926 1834 1028 1891 λόγῳ
1056 1850 1112 1874 sc.
1148 1836 1322 1874 GUYET.

384 1899 483 1950 Pag.
505 1901 571 1940 89.
595 1898 622 1933 l.
644 1899 682 1938 6.
722 1898 784 1950 Τῷ
805 1889 1008 1946 τοιούτῳ)
1046 1896 1108 1947 Τῷ
1128 1897 1302 1948 κριτικῷ.
1350 1893 1526 1932 Girrnr.

383 1954 485 1993 Ibicl.
521 1953 599 1993 Καὶ
620 1951 896 2003 προθέμενον)
927 1946 1214 1999 Supplendum
1235 1948 1276 1989 τὸ
1298 1951 1369 1989 δεῖ.
1404 1949 1577 1990 GUYET,
1637 1951 1724 1989 Fa..

270 2022 343 2051 tue
364 2009 596 2049 Benedictus
619 2017 659 2046 et
682 2005 780 2044 inde
801 2005 904 2044 haec
924 2003 1081 2051 editio,
1114 2003 1363 2058 omnibusque
1383 2007 1423 2043 in
1441 2004 1567 2043 medio
1584 2010 1723 2058 posi-lis

276 2067 490 2120 eligendum
511 2081 613 2111 eum,
645 2065 711 2116 qui
731 2062 865 2116 (ἶξῇὲνί
885 2071 918 2098 et
935 2070 1150 2098 cunctatur.
1210 2060 1343 2099 Recte
1368 2060 1601 2113 Oba-epomis,
1632 2078 1724 2101 om·-

274 2125 386 2162 nibus
405 2125 447 2162 in
465 2120 633 2160 medium
656 2119 866 2171 propositis
889 2116 1023 2167 eligere
1042 2126 1212 2168 oportere
1238 2127 1477 2156 cunctantem
1497 2128 1531 2155 et
1552 2118 1725 2157 tardan-

274 2192 348 2218 iem
376 2189 454 2218 etc.
496 2177 638 2214 Gnox.
699 2175 778 2215 Καὶ
816 2174 1066 2226 προθέμενον
1100 2170 1255 2213 ἅπαντα
1287 2175 1344 2220 εἰς
1380 2174 1500 2225 μέσον
1526 2177 1725 2226 αἱρεῖσθαι

275 2236 549 2287 διαμέλλοντα,
587 2232 652 2273 καὶ
688 2228 962 2284 βραδύνοντα,
1001 2224 1187 2276 πολλάκις
1215 2227 1519 2270 ἐπισκοποῦντα.
1587 2230 1722 2268 Inter·

276 2305 395 2345 pres:
426 2289 674 2342 omnibusque
699 2290 740 2325 in
760 2285 885 2324 medio
906 2287 1045 2337 positis
1079 2283 1292 2336 eligendum
1313 2301 1418 2335 eum,
1451 2288 1518 2340 qui
1536 2285 1667 2340 differt
1689 2297 1724 2323 et

278 2358 502 2396 cunctatur,
535 2360 646 2398 saepe
672 2341 982 2395 contemplando.
1042 2339 1121 2378 Sed
1149 2340 1371 2379 Lucianum
1405 2355 1490 2380 non
1511 2351 1724 2379 assecutus

278 2413 352 2444 est.
412 2401 547 2449 Illud,
579 2411 625 2438 ut
656 2408 780 2451 pum,
814 2397 952 2436 voluit
972 2396 1196 2436 Lucianus:
1231 2396 1419 2436 Omnibus
1447 2399 1488 2435 in
1509 2395 1633 2435 medio
1646 2413 1724 2449 po·-

280 2461 384 2507 sitis,
419 2469 565 2512 oportet
592 2455 727 2508 eligere
743 2457 1031 2501 immorantem,
1065 2462 1099 2490 et
1122 2463 1383 2502 cunctantem,
1416 2468 1524 2504 saepe
1541 2453 1725 2490 conside—

279 2526 437 2555 rantem.
499 2516 601 2552 Vult
621 2512 745 2560 enim,
778 2524 864 2548 non
888 2508 1146 2548 temerariam
1169 2518 1211 2547 et
1229 2508 1580 2547 inconsideratam
1601 2507 1722 2547 debe-

280 2582 325 2606 re
344 2569 432 2608 fieri
456 2567 696 2609 istiusmodi
715 2568 876 2617 αἵρεσιν.
908 2565 1124 2604 νιτιιικο.

284 2677 309 2718 d
380 2625 494 2718 bEacl.
516 2629 542 2666 1.
563 2629 602 2667 9.
640 2622 739 2672 Τοὺς
759 2621 1058 2678 Ἀρεοπαγίτας)
1092 2619 1370 2675 Areopagitae
1391 2618 1437 2658 in
1456 2619 1640 2660 tenebris
1661 2623 1724 2674 ju—

316 2679 377 2719 ica
411 2691 493 2720 ant.
526 2681 700 2719 Gur-urs.
