1834 3188
441 182 1248 215 1N11ERMo'r1MUM.
1479 169 1578 219 459

115 281 298 321 bitabam
337 279 596 330 Ι].1.εὕὲ)ὐς
624 280 831 328 scribere,
865 294 995 349 quum
1026 275 1126 321 ευθῦ
1156 277 1271 318 haud
1300 293 1413 330 raro,
1447 281 1577 321 etiam

112 338 227 392 apud
255 347 446 376 nostrum
474 339 748 390 scriptorem,
780 351 858 390 pro
885 332 1008 384 ευθυς
1031 336 1190 375 dictum
1217 347 1421 376 occurrat.
1482 339 1578 376 Ex-

111 397 269 447 empla,
315 408 422 447 quae
450 393 522 433 hic
552 395 709 434 Reitzio
739 407 827 433 non
861 394 1024 445 placuit
1060 392 1231 443 afferre,
1273 392 1385 432 idem
1420 394 1491 432 ille
1523 396 1576 433 ad

109 452 277 490 Amorr.
311 465 346 490 c.
380 456 448 494 42.
482 454 699 503 complura
727 449 914 503 collegit.
978 449 1047 489 Cf.
1084 449 1210 488 etiam
1246 449 1381 490 Dian.
1416 452 1573 491 Mortt.

109 507 221 553 XII,
248 513 285 550 2.
309 517 414 546 extr.
439 507 583 561 ibique
607 508 796 545 notulam
817 509 863 545 in
890 506 1009 546 Varr.
1031 506 1173 548 Lectt.
1196 506 1320 545 Tom.
1343 506 1403 546 II.
1423 521 1462 560 p.
1479 512 1573 550 182.

108 564 368 616 sq.L1311M.

219 619 322 661 Ead
346 623 466 663 1.1O
500 618 585 661 Οὕκ
607 620 868 670 εἰνοοῦντες)
898 620 985 659 Ista
1007 618 1158 668 verba,
1190 636 1266 660 ουκ
1285 620 1519 669 ἐννοοῦντες
1540 623 1579 662 εἴ

104 693 162 732 πῃ
181 677 335 731 γένοιτο
362 674 412 718 ἂν
431 672 662 718 ἀκόλουθόν
680 694 716 717 τι
739 674 869 718 αὐτῶν
885 708 895 726 ,
927 678 994 717 καὶ
1013 673 1200 727 ψεῦδος
1187 693 1258 725 ον,
1291 677 1470 728 pessime
1501 677 1574 714 in-

105 742 416 785 terpretantur,
449 735 576 772 necin
596 744 756 772 mentem
781 735 934 782 veniat,
968 733 1180 788 nifalsum
1209 734 1326 771 etiam
1347 735 1428 782 sit,
1468 734 1575 788 quod

102 792 229 842 priori
248 800 303 828 est
331 801 653 840 consentaneum‚·
684 804 776 827 cum
808 788 910 828 haec
932 789 988 827 sit
1008 789 1246 827 sententia:
1279 804 1357 828 non
1387 790 1575 828 conside-

104 856 255 894 rantes,
287 845 414 884 sicubi
433 845 528 898 quid
551 862 592 883 se
614 847 777 884 invicem
803 856 1078 899 consequatur,
1113 843 1212 898 (vel
1243 845 1321 883 sibi
1350 845 1572 899 congruat)

101 901 450 956 quamvisfalsum
471 903 546 942 sit:
578 911 624 939 ut
645 901 682 939 si
706 902 799 955 quis
825 901 989 951 credat,
1030 900 1095 938 bis
1129 900 1321 954 quinque
1349 915 1437 940 esse
1469 917 1574 953 sep-

102 967 210 1002 tem,
244 957 378 997 credat
400 960 514 996 etiam
542 967 690 1009 quater
713 959 904 1012 quinque
928 972 1018 996 esse
1042 956 1378 1023 quatuordecim.
1440 959 1575 996 Paul-

100 1015 146 1052 lo
170 1023 266 1066 post
288 1012 429 1062 δόντες
448 1031 518 1062 τας
537 1011 659 1066 ἄρχεις
677 1032 749 1066 της
771 1016 1081 1067 ποοαιρέσεως
1069 1010 1256 1065 ἑκάστης,
1290 1027 1377 1051 non
1405 1024 1492 1063 est,
1526 1025 1573 1052 ut

101 1069 314 1119 Latinus,
349 1069 453 1109 datis
473 1073 772 1124 uniuscnjusque
797 1082 923 1110 sectae
942 1072 1170 1125 principiis,
1203 1068 1276 1107 sed
1302 1069 1571 1119 admittentes,

103 1125 354 1165 concedentes
368 1129 566 1180 ριίηςιρία
584 1129 884 1182 uniuscujusque
903 1139 1039 1169 sectae.
1102 1125 1253 1165 Statim
1278 1125 1382 1164 haec
1404 1141 1574 1180 quoque

104 1182 234 1220 verba
267 1197 354 1221 non
387 1183 694 1221 intellexerunt
724 1184 999 1236 interpretes,
1049 1184 1117 1224 καὶ
1151 1179 1257 1231 ἆξιοῖ
1281 1185 1338 1230 εἰς
1367 1180 1573 1231 ἀπόδειξιν

102 1236 242 1304 ἆληθῇ
260 1240 409 1293 λέγειν,
443 1234 522 1279 απὸ
543 1242 725 1288 ψευδοῦς
742 1244 815 1292 τῆς
840 1237 929 1292 siey„
925 1244 964 1292 {g
985 1237 1218 1292 ὅρμωιιένη,
1253 1255 1415 1293 cumque
1435 1239 1574 1295 ajal-

98 1310 142 1334 so
158 1296 356 1348 principio
379 1295 614 1333 exordiatur
622 1325 634 1343 ,
675 1311 766 1334 vera
787 1307 916 1334 tamen
943 1297 997 1336 acl
1008 1296 1170 1352 fizlsam
1207 1294 1574 1334 demonstrationem

100 1351 185 1390 vult
209 1350 346 1393 dicct-,e
407 1351 526 1389 Haec
550 1365 600 1389 ex
628 1352 801 1390 Graecis
820 1352 960 1391 verbis
987 1367 1039 1391 ne
1073 1351 1259 1390 fidiculis
1295 1361 1571 1406 extorqueas,

102 1422 210 1460 quae
232 1408 293 1445 sic
314 1406 658 1460 interpretanda:
691 1419 725 1446 ct
742 1408 918 1461 postulat
948 1425 1021 1463 pro
1045 1408 1373 1447 demonstratione
1393 1424 1483 1446 vera.
1501 1408 1573 1446 ‹li—

99 1480 203 1512 cere,
236 1479 290 1502 ex
299 1463 420 1518 falso
442 1465 639 1516 principio
656 1464 929 1517 pwogtesliens,
971 1465 1053 1503 hoc
1088 1473 1171 1513 est,
1204 1478 1281 1515 pro
1305 1463 1574 1502 demonstra-

99 1520 220 1558 tione
238 1523 332 1558 vult
350 1519 498 1558 haberi
516 1520 801 1572 principium,
835 1520 951 1574 quod
970 1520 1118 1572 ponit,
1153 1519 1253 1573 quia
1273 1535 1418 1558 verum
1441 1520 1570 1565 dicat,

99 1590 174 1615 seu
196 1575 313 1614 hoc'
302 1589 441 1628 ipsum
467 1589 611 1614 verum
636 1575 801 1625 dicere,
836 1576 948 1630 quod
970 1580 1123 1628 jactat,
1156 1578 1250 1614 vult
1287 1590 1363 1627 pro
1390 1575 1574 1615 demon-

100 1632 308 1672 stratione
325 1631 486 1683 accipi.
521 1646 614 1670 cum
636 1641 775 1671 tamen
797 1633 904 1671 illud
925 1632 1202 1686 principium,
1235 1630 1351 1686 quod
1372 1647 1450 1686 pro
1469 1648 1571 1672 vero

101 1689 372 1737 circumfert,
405 1688 462 1726 sit
488 1688 653 1732 falsum.
687 1689 867 1730 Gnsz.

216 1766 321 1806 Ibisl.
355 1767 508 1821 Εἴπῃ)
539 1768 659 1805 Fors.
685 1768 804 1817 εἴπερ.
829 1768 954 1807 Certe
979 1781 1125 1806 sensus
1157 1776 1243 1814 est,
1285 1766 1477 1822 numquid
1495 1783 1574 1806 αη-

102 1822 358 1864 iececleniibus
380 1826 477 1861 satis
500 1839 736 1869 consonum,
755 1823 917 1881 falsum
942 1835 1072 1863 tamen
1092 1825 1156 1863 sit.
1216 1824 1268 1861 In
1299 1824 1366 1862 M.
1390 1833 1431 1862 et
1453 1825 1515 1865 Fi.
1539 1826 1578 1866 εἴ

102 1899 151 1923 τι.
185 1881 351 1921 SOLAN.

218 1935 322 1977 Ibicl.
348 1933 599 1979 Ἀκόλουθόν
619 1953 655 1976 τι
665 1933 810 2004 αυτῷ)
840 1936 909 1975 Sic
930 1936 1048 1975 Plato
1067 1951 1106 1989 p.
1130 1941 1169 1978 2.
1193 1936 1243 1974 Β.
1264 1934 1308 1977 τὸ
1331 1933 1445 1977 όσιον
1473 1954 1573 1976 ταυ-

102 1992 172 2035 τὸν
197 1991 304 2048 αυτῷ
326 2003 367 2032 et
389 1989 484 2034 αὐτὸ
517 1989 626 2048 αὑτῷ
652 1990 808 2045 ’ὅμοιον
868 1993 1100 2031 Muta1unt
1129 1994 1220 2032 Par.
1245 1992 1286 2031 S.
1312 2001 1355 2031 et
1370 1994 1504 2032 Amst.
1525 2007 1572 2032 ac

104 2052 297 2089 fecerunt
316 2063 446 2102 prave
465 2047 612 2090 αὐτων.
645 2046 833 2090 Sonm.

217 2127 361 2170 Εαᾶ.1.
377 2134 441 2171 11.
475 2129 556 2170 Καὶ
575 2130 748 2181 ψεῦδος)
780 2129 863 2170 Καὶ
882 2143 973 2166 cum
998 2126 1164 2167 Graevio
1190 2126 1262 2166 hic
1284 2127 1414 2166 vertit
1436 2143 1572 2181 quam-

104 2187 184 2236 vis,
216 2184 398 2224 Elsnerus
419 2183 470 2225 ad
493 2186 658 2239 Evang.
680 2185 796 2225 Joan.
819 2185 970 2230 XVII,
995 2189 1060 2228 25.
1092 2184 1169 2222 ubi
1197 2184 1263 2225 καὶ
1296 2202 1315 2225 ο
1348 2181 1499 2234 κόσμος
1531 2198 1573 2225 σε

109 2259 183 2283 ουκ
207 2242 330 2295 ε’,γνω
362 2238 437 2295 ἔγω
461 2243 502 2282 δέ
523 2255 562 2282 σε
579 2243 726 2298 ε’γνῳν·
761 2240 874 2296 quod
898 2239 992 2281 eod.
1014 2239 1140 2278 modo
1166 2239 1327 2288 reddit,
1361 2251 1429 2278 εἰει
1451 2257 1573 2278 mun-

108 2298 181 2337 dus
203 2309 236 2336 ie
256 2313 333 2336 non
356 2308 588 2350 cognoscat,
645 2313 697 2350 go
718 2308 845 2336 tamen
866 2308 902 2335 ie
921 2312 1111 2351 cognosco
1125 2327 1136 2345 ,
1171 2271 1431 2348 adducitque
1455 2296 1573 2334 Thu-

108 2353 242 2410 cydicl.
266 2354 352 2400 VI.
382 2358 448 2396 16.
477 2357 562 2394 Των
581 2354 712 2394 ἔπειτα
728 2350 959 2420 ἀνθρώπων
987 2354 1255 2419 προςποίησιν
1275 2354 1501 2406 ξυγγενείας
1519 2370 1574 2393 τι·

112 2413 178 2460 σὶ,
215 2411 282 2451 καὶ
305 2408 358 2462 μὴ
379 2410 530 2455 οὖσαν,
562 2407 862 2458 καταλιπόντες,
903 2409 977 2446 ubi
996 2411 1060 2449 καὶ
1081 2426 1133 2461 μη
1165 2409 1291 2449 οὖσαν
1322 2421 1489 2461 quoque
1515 2410 1573 2446 si-

111 2466 218 2521 gnif.
249 2468 424 2521 quamvis
447 2465 557 2504 nulla
582 2465 844 2518 (cognatio)
867 2464 1094 2504 intercedat
1156 2463 1237 2503 Sed
1262 2478 1356 2501 cum
1387 2463 1572 2504 Ges-nefins

110 2525 257 2586 paullo
279 2523 398 2561 aliter
410 2532 558 2566 vertat
572 2536 648 2575 ego
667 2536 730 2559 me
753 2535 837 2559 non
860 2520 1148 2572 interponam:
1184 2519 1413 2572 quidenim
1427 2523 1571 2560 volue-

113 2578 169 2617 rit
189 2579 436 2629 Lucianus‚
471 2593 520 2616 ex
540 2576 776 2629 praemissis
798 2577 897 2614 satis
920 2575 1260 2629 adparet,R1;11
1269 2591 1302 2616 z

227 2647 330 2686 Ibid.
361 2647 514 2700 Λέγοι)
545 2645 634 2690 Ita.
669 2643 732 2683 uti
756 2646 1035 2695 conjeceram,
1068 2643 1133 2684 M.
1155 2642 1328 2700 Reliqui
1347 2643 1458 2699 λέγει.
1491 2642 1570 2685 So.

118 2716 221 2744 LAN-
