1834 3188
238 190 394 236 646⁷
589 188 1363 233 ADNO'rA'rroNEs'

240 299 292 339 de
321 297 505 339 coloniis
540 297 801 338 deducendis
834 298 920 338 dici
950 299 1117 367 potuit,
1148 313 1235 339 non
1267 299 1408 338 minus
1438 309 1550 340 certe
1577 299 1698 351 bene,

241 370 367 409 quarn
402 355 699 411 Thucydideum
727 355 940 409 κηρύσσειν
972 352 1185 407 cinomiam),
1217 356 1261 407 I,
1292 362 1359 400 27.
1430 356 1533 395 Non
1562 367 1701 397 autem

239 415 452 466 imperare,
485 415 555 451 vel
585 411 752 451 scribere
775 413 971 453 coloniam
998 412 1099 451 huic
1120 415 1216 452 loco
1248 413 1500 463 convenire,
1531 412 1603 452 sed
1628 414 1704 453 cle«-

241 469 379 509 ἄκροι-ε
399 478 440 509 et
452 470 643 523 firmare,
676 482 765 507 non
797 468 986 509 concedo
1011 468 1189 508 Gesner-o.
1248 469 1421 508 Deduci
1443 469 1556 508 enim
1580 474 1704 509 colo-

240 526 313 564 nia
333 540 420 564 non
444 525 537 564 sine
567 525 762 578 periculo
792 526 960 579 potuit,
994 525 1092 564 dum
1120 540 1273 580 anceps
1297 525 1436 574 adhuc
1467 535 1576 566 esset
1601 527 1703 566 beni

241 583 430 622 fortuna.
468 581 627 620 LmrM.

354 639 571 691 Pag.242.
596 641 623 677 1.
647 643 686 683 3-
735 636 790 680 Ta
820 640 862 681 δὲ
893 635 1098 693 ωκύπτερα
1125 639 1223 692 ἔχει,
1254 639 1511 690 θριδακίνοις
1539 636 1708 692 φύλλοις

238 693 405 749 μάλιστα
425 692 719 746 προςεοικότα)
750 696 787 734 V
791 705 955 746 ertunt,
986 712 1087 751 quae
1103 712 1191 736 vero
1209 713 1262 735 ex
1279 697 1339 735 his
1355 695 1564 736 velociores
1581 707 1703 746 erant,

237 767 388 807 pennas
407 751 604 790 habebant
625 752 806 792 lactucae
823 753 940 808 foliis
955 756 1133 792 maxime
1149 752 1308 794 similes.
1349 752 1399 793 Si
1415 752 1522 792 haec
1544 753 1706 792 Latina

240 818 354 848 recte
375 822 417 847 se
439 807 623 855 habent,
657 823 764 862 quae
788 809 923 864 igitur
955 825 1010 849 ex
1044 810 1112 848 his
1141 809 1458 862 lachanopteris
1485 819 1605 849 erant
1623 809 1708 848 mi-

241 879 324 903 nus
344 864 545 904 veloces?
576 865 773 917 inprimis
797 881 889 905 curn
913 867 1003 920 ipsa
1024 881 1112 906 vox
1132 877 1374 920 supponat,
1407 879 1552 906 omnes
1572 866 1709 907 fuisse

242 925 434 970 veloces,
467 931 510 959 et
536 921 708 974 quidem
741 923 912 976 pariter.
971 924 1107 962 Immo
1137 924 1183 961 in
1212 937 1295 976 qua
1327 923 1561 962 Gracorum
1588 932 1708 975 parte

244 977 477 1017 inveniunt
504 977 756 1030 interpretes
787 980 880 1018 illas
909 996 1076 1033 pennas,
1112 993 1219 1032 quae
1249 989 1359 1019 certe
1385 988 1487 1017 sunt
1513 978 1706 1018 nullibi?

242 1033 458 1087 Intelligit
485 1033 691 1074 Lucianus
728 1045 863 1074 totum
899 1050 1052 1088 corpus
1084 1035 1281 1074 habuisse
1311 1035 1496 1074 obsitum
1527 1041 1707 1089 πτεροῖς·

243 1090 316 1129 sed
347 1104 399 1128 ex
423 1089 509 1128 illis
530 1097 688 1145 πτεροῖς
710 1092 812 1142 ista,
847 1106 954 1145 quae
982 1092 1153 1145 proprie
1185 1091 1504 1131 constituebant
1527 1095 1635 1143 alas,
1667 1100 1710 1131 et

244 1145 398 1201 quibus
418 1146 643 1197 volabant,
676 1148 807 1203 (haec
830 1159 930 1187 sunt
950 1146 1186 1201 ωκύπτερα)
1210 1148 1342 1187 fuisse
1367 1149 1468 1187 talia
1491 1157 1622 1200 prout
1642 1147 1712 1186 de-

242 1202 402 1243 scribit.
464 1203 580 1257 Ergo
606 1214 804 1243 construe
833 1209 948 1247 τοῦτο
971 1203 1112 1259 ὄρνεον
1132 1207 1207 1258 ἔχει
1231 1221 1464 1254 ωκυπτεοα.
1498 1218 1545 1242 ac
1567 1213 1709 1243 verte:

243 1258 357 1300 habat
376 1270 503 1298 autem
530 1276 680 1312 pennas
699 1261 753 1299 αᾶ
777 1261 990 1301 volandum
1010 1262 1155 1301 similes
1174 1265 1351 1301 maxime
1368 1260 1494 1317 foliis
1521 1260 1711 1300 lactucae.

244 1316 519 1369 SequentIa‘
503 1318 566 1358 επὶ
587 1318 629 1359 δὲ
659 1317 814 1359 τούτων
840 1333 933 1357 cum
955 1320 1083 1358 vertit
1099 1318 1334 1357 Benedictus
1353 1319 1411 1356 his
1429 1319 1550 1366 vecti,
1582 1317 1713 1369 inep-

245 1381 312 1412 tus
348 1382 433 1422 est,
466 1387 559 1410 cum
597 1375 707 1412 alios
739 1375 823 1414 illis
853 1374 953 1415 vehi
986 1375 1031 1413 in
1061 1374 1416 1428 praecedentibus
1446 1373 1626 1412 dixerit:
1669 1383 1713 1412 et

244 1429 394 1467 melius
419 1429 516 1480 alii,
547 1430 605 1471 ibi
621 1447 710 1470 vero
732 1443 766 1470 et
788 1449 873 1471 cum
892 1433 952 1471 his
974 1431 1162 1472 ordinati.
1203 1432 1405 1470 Poterant
1428 1430 1606 1483 propius
1624 1440 1715 1482 post

245 1485 327 1524 hos.
363 1486 507 1526 Coos.
567 1486 620 1526 Id
651 1498 789 1527 autem
818 1489 976 1527 rectius
1006 1489 1275 1542 significatur
1303 1487 1491 1526 lectione
1515 1488 1564 1524 A.
1587 1491 1627 1528 2
1653 1487 1716 1527 ἐπὶ

244 1541 423 1592 τούτοις,
464 1557 588 1595 quam
619 1545 747 1582 etiam
782 1544 930 1583 Codex
958 1551 1082 1589 3011.
1120 1544 1364 1587 confirmat,
1406 1553 1471 1591 et,
1504 1541 1715 1594 probante

243 1597 404 1648 Belino,
439 1598 712 1639 Schmieclerus
741 1600 915 1653 recepit.
974 1602 1258 1653 Aliquantum
1280 1599 1576 1652 probabilitati
1601 1613 1716 1638 acce·

247 1653 311 1692 dit
334 1669 408 1702 eo,
442 1656 587 1709 quod
576 1671 621 1693 m
641 1659 763 1700 2954.
785 1657 982 1711 legitur’
965 1659 1027 1698 επὶ
1045 1655 1228 1704 τούτους.
1260 1658 1418 1696 Lssnm.

357 1710 460 1751 Eatl·
481 1715 508 1750 l·
529 1717 570 1756 4·
608 1712 827 1767 Τετάχατο)
860 1714 988 1752 Velut
995 1711 1248 1770 τετάχαται,
1280 1727 1356 1765 pro
1376 1712 1603 1766 τεταγμένοι
1625 1711 1714 1762 εἶσι,

246 1767 306 1806 ita
340 1778 382 1806 et
407 1765 593 1821 τετάχατο
619 1783 696 1822 pro
732 1771 961 1824 τεταγμένοι
982 1771 1088 1823 ἦσαν
1111 1771 1239 1808 Iones
1271 1769 1434 1808 dicunt.
1495 1769 1649 1807 Verum
1671 1777 1714 1805 et

244 1824 415 1862 Atticos
439 1824 653 1864 interdum
672 1825 822 1865 iisdem
841 1827 922 1876 uti,
945 1840 996 1865 ex
1020 1825 1198 1881 ‘lhucycL
1218 1826 1400 1878 aliisque
1419 1824 1714 1878 probatMait-

244 1883 343 1918 taire
371 1880 421 1920 de
439 1882 630 1922 Dialect.
654 1897 695 1935 p.
720 1887 816 1927 354.
846 1883 963 1924 Edit.
991 1883 1203 1936 Haganae.
1263 1882 1355 1921 Nec
1381 1881 1570 1928 mireris,
1604 1894 1715 1932 aug-

244 1947 435 1978 mentum
469 1939 635 1989 abcsset,
668 1953 805 1992 neque
835 1939 978 1979 credas
1009 1938 1210 1991 ἐτετάχατο
1241 1937 1536 1986 scribendum,
1570 1945 1617 1974 ut
1645 1950 1712 1988 ap,

243 1994 636 2034 A1·1ian.monente
665 1995 836 2045 eodem,
870 1996 1071 2034 scribitur
1097 1997 1170 2046 (in
1195 2010 1278 2049 quo
1299 2010 1436 2048 augm.
1459 1994 1615 2032 frustra
1639 1991 1715 2031 ad-

245 2049 385 2090 dendo
419 2065 542 2104 saepe
579 2062 760 2104 peccant
794 2050 1194 2105 commentatores):
1234 2052 1279 2089 iu
1314 2049 1563 2104 hujusmodi
1600 2049 1714 2088 enirn

246 2108 531 2159 temporibus,
559 2121 632 2158 per
651 2123 694 2147 se
715 2109 815 2147 satis
840 2108 1121 2160 polysyllabis
1144 2108 1201 2146 ita
1223 2109 1423 2172 frequens
1445 2117 1508 2146 est
1528 2105 1713 2159 abjectio

246 2165 488 2216 augmenti,
521 2164 645 2203 etiam
672 2165 716 2203 in
739 2168 878 2203 soluta
901 2165 1111 2211 oratione,
1145 2174 1193 2202 ut
1213 2164 1360 2214 mirer,
1396 2164 1470 2216 qui
1493 2163 1544 2202 de
1563 2176 1612 2202 eo
1639 2160 1714 2199 du-

245 2218 372 2258 bitari
406 2231 547 2271 queat.
623 2220 694 2260 Sic
723 2221 947 2261 Herodian.
979 2222 1024 2269 I,
1059 2224 1132 2269 15,
1167 2224 1205 2265 5.
1239 2219 1474 2273 πεπληρωτο
1507 2219 1581 2258 ait.
1642 2217 1714 2259 Sic

244 2275 372 2329 Long.
393 2277 505 2317 Past.
527 2277 727 2327 πέπαυτο,
760 2277 811 2315 ad
839 2291 963 2330 quem
990 2277 1161 2316 doctiss.
1185 2277 1290 2330 Jung
1270 2294 1438 2316 aermon.
1462 2291 1503 2329 p.
1525 2279 1621 2318 214
1642 2289 1716 2314 Ἣ·-

249 2330 416 2383 demur,
451 2337 571 2386 cujus
589 2334 724 2373 editio
746 2349 840 2372 cum
863 2348 949 2372 non
975 2334 1164 2373 omnium
1193 2335 1237 2371 in
1259 2334 1452 2371 manibus
1479 2333 1557 2378 sit,
1589 2346 1641 2372 ex
1662 2345 1713 2370 eo

250 2388 452 2440 quaedam
473 2389 558 2428 huc
581 2390 884 2429 transcribam:
917 2391 1059 2443 Longo
1082 2400 1226 2440 nostro,
1259 2390 1336 2436 ait,
1359 2389 1580 2444 familiare,
1608 2386 1713 2426 istud

247 2457 494 2496 augmentum
513 2446 716 2500 negligezne
777 2447 845 2486 Sic
866 2450 1000 2485 statim
1021 2449 1252 2488 πεποίκιλτο
1273 2447 1331 2499 (i.
1355 2461 1388 2487 e.
1407 2447 1461 2484 L·
1487 2450 1525 2487 2.
1545 2460 1585 2497 p.
1612 2445 1712 2493 82)

246 2499 350 2539 Ibis]
373 2520 414 2543 κε
400 2519 589 2555 κηρωτο.
647 2504 813 2542 Notavit
841 2503 941 2543 talia
966 2503 1112 2542 erudite
1139 2502 1307 2542 Casmil).
1333 2508 1372 2545 2
1396 2502 1451 2540 acl
1471 2501 1616 2540 Athen.
1645 2502 1710 2543 15.

246 2556 297 2595 ΕΙ
315 2570 469 2610 opILMlS
486 2560 740 2613 SCIIP10rLbllS
764 2559 865 2598 Lllull
887 2571 1125 2613 nsur’patuyn
1149 2571 1394 2626 allglnentulm
1415 2574 1492 2597 non
1513 2572 1713 2609 ΠδῙΠῬαΓῶ

246 2612 419 2655 Luc-ian.
452 2616 555 2654 Tim.
585 2619 904 2657 καταδεδίκαστο.
964 2617 1061 2655 Act.
1089 2620 1153 2658 14.
1177 2614 1522 2659 πεπιστεύκεισαν,
1555 2629 1716 2664 neonis*

248 2668 410 2722 stastum
416 2689 439 2710 ι.
500 2673 638 2712 Illlarci
660 2672 807 2726 penult.
836 2670 1198 2724 παοαὸεὸωκεισαν.
1258 2673 1292 2711 Ι.
1313 2672 1401 2711 .ῙοΙι.
1423 2675 1461 2711 2.
1489 2684 1714 2722 μεμενηκει·

251 2741 337 2769 σαν.
397 2728 484 2771 Joh.
511 2734 573 2772 11.
608 2727 850 2775 δεδώκεισαν
881 2741 952 2770 ccc.
1019 2728 1088 2769 Ex
1117 2728 1279 2768 Heliod.
1313 2739 1345 2766 ct
1370 2727 1541 2768 Lucicm.
1580 2726 1713 2772 Sonam
