1834 3188
214 190 316 241 550
510 178 1319 241 ἼΑηιτιοὟΑτῐοΝῐῖ5

218 307 394 358 lantque
425 304 531 343 hanc
563 305 786 358 period-nn
820 316 859 343 et
892 319 1056 343 omnem
1090 307 1179 357 ejus
1215 304 1516 359 intelligendae
1548 307 1672 357 viam,

221 361 353 412 inque
374 376 420 399 ea
441 362 693 401 sententiam
717 362 891 400 Luciam'
920 362 1170 414 interpretes
1193 362 1362 411 Latini,
1398 375 1572 414 quorum
1594 364 1673 401 Be-

222 417 428 458 nedictus
417 428 474 455 tta
491 447 500 464 ,
534 434 611 457 rem
636 417 1010 472 valclejabulosam‚
1029 417 1241 473 quodque
1227 435 1266 456 ιη
1292 416 1448 457 laudem
1468 421 1679 457 maximo-

221 490 311 529 pere
339 473 526 522 inclinat,
567 476 746 528 utrinque
775 473 1020 513 audientibus
1047 489 1124 512 non
1150 491 1227 512 esse
1250 473 1481 527 jucundum.
1549 475 1678 528 Quod

226 545 319 568 cum
342 545 414 583 per
435 545 477 568 se
499 527 561 571 ἅτε
548 548 611 582 χι
616 536 666 576 οἷς
692 531 744 567 sit
768 530 1090 579 chiffl-aericum,
1126 531 1210 568 imo
1233 532 1406 576 falsum,
1440 533 1511 583 (et
1537 545 1610 569 cur
1633 531 1677 568 in

225 585 581 642 interpretatione
603 587 763 628 omittit
791 589 830 628 ἐν
856 584 1002 640 αυτῆ,·)
1034 596 1120 624 tum
1146 587 1182 624 si
1205 601 1351 641 roges,
1385 601 1458 626 cur
1477 587 1681 627 Lucianus

227 641 340 681 dicat
363 660 425 694 ην,
451 657 535 684 non
556 644 647 690 ἐστὶ,
671 644 865 695 profecto
888 646 1043 684 nullam
1064 643 1199 707 possit
1220 642 1317 681 dare
1333 657 1532 683 caussam.
1563 645 1682 681 Tan-

226 699 398 737 tundem
417 699 713 763 respondebit,
749 700 785 738 si
806 713 946 753 rogeS‚
982 698 1085 752 quid
1109 700 1164 738 sit
1185 702 1376 754 utrinque
1380 699 1550 744 audire?
1596 700 1682 737 De-

224 754 324 794 inde
344 756 505 808 pergit,
540 755 630 794 (lum
657 772 733 795 non
755 756 801 795 cle
818 756 941 813 faece
959 756 1156 796 hominum
1175 767 1209 794 et
1234 759 1459 820 promiscua
1479 755 1591 811 plebe
1611 755 1684 794 hoc

223 811 371 852 intellin
348 827 508 865 gamus,
541 812 609 853 sed
633 812 680 850 de
704 814 753 853 iis
782 824 859 852 etc.
924 812 1040 866 Quid
1073 827 1226 867 quaeso
1254 812 1540 866 intelligemus
1564 811 1614 851 de
1634 812 1685 849 il-

224 868 279 907 lis
296 898 306 917 ‚
342 878 480 906 utrum
505 869 701 917 laudatis,
734 884 784 908 an
809 868 1116 909 laudantibus?
1149 868 1216 907 Ad
1239 867 1311 907 has
1335 880 1475 907 tamen
1496 866 1684 907 absurdi-

226 933 333 962 tates
367 925 551 975 praeivit
581 925 793 979 Micyllus,
828 929 948 978 cujus
974 925 1076 964 haec
1103 935 1225 962 sunt:
1258 925 1365 979 quod
1392 942 1510 980 neque
1530 929 1684 978 jucun—

224 980 317 1020 dum
348 980 446 1020 adeo
467 984 508 1020 in
533 982 715 1030 historia,
747 981 854 1036 quod
877 981 993 1020 valde
1018 981 1248 1034 fabulosum
1276 993 1350 1031 est,
1383 992 1420 1020 et
1451 980 1504 1019 ad
1527 981 1685 1020 laudem.

223 1040 401 1076 maxime
426 1038 613 1087 inclinat,
645 1039 848 1093 utrobique
880 1038 1125 1077 auditoribus
1153 1054 1229 1076 esse
1254 1037 1373 1088 solet,
1406 1038 1498 1075 (lum
1529 1054 1607 1076 non
1638 1037 1684 1075 cle

211 1094 332 1151 faece
352 1095 550 1135 hominum
569 1111 618 1134 ac
643 1094 768 1135 multa
792 1096 1091 1149 promiscuoque
1107 1093 1218 1147 plebe
1237 1095 1311 1133 lzoc
1325 1094 1587 1146 intelligamus
1606 1103 1683 1132 etc.

224 1150 465 1191 illaudabili
493 1151 702 1190 versione.
763 1151 1048 1203 Interpretor.
1080 1166 1158 1189 non
1189 1167 1265 1188 esse
1287 1153 1327 1188 in
1345 1151 1510 1189 historia
1532 1153 1686 1215 jucun-

226 1206 316 1251 dum
339 1207 401 1257 id,
433 1207 539 1265 quod
558 1218 612 1245 est
634 1206 777 1260 oppido
791 1206 1043 1273 fabulosum.
1102 1206 1233 1245 Eiiam
1259 1206 1505 1245 laudationes
1526 1208 1688 1244 nimium

221 1262 444 1319 proclives,
467 1263 713 1304 audientibus
735 1263 921 1302 accidunt
943 1266 983 1301 in
1000 1273 1202 1319 utrumque
1220 1264 1288 1314 (ut
1306 1277 1393 1301 non
1415 1263 1504 1300 sint
1527 1276 1689 1314 semper

226 1318 453 1371 jucundae,
472 1319 543 1359 sed
566 1329 722 1373 queant
746 1334 834 1359 esse
855 1318 1083 1372 jucundae,
1100 1329 1258 1372 queant
1280 1334 1367 1358 esse
1389 1319 1625 1357 contrariae
1647 1327 1690 1357 et

228 1375 420 1427 ingratae
442 1376 493 1415 ob
515 1377 650 1414 varias
676 1390 851 1423 caussas,
865 1391 912 1414 ac
936 1379 1003 1415 vel
1028 1375 1173 1414 dextre
1196 1378 1261 1415 vel
1284 1375 1454 1414 sinistre
1475 1375 1628 1427 accipi,
1643 1384 1690 1412 ut

227 1432 409 1472 maxime
430 1433 730 1485 proprietatem
753 1432 954 1485 phraseos
976 1433 1248 1485 attingamus,
1262 1446 1368 1484 quae
1394 1431 1579 1470 occurrit
1594 1432 1688 1473 Ver

227 1487 341 1526 Hle-
356 1489 387 1526 Ῑ-
407 1504 494 1536 cap·
511 1494 577 1532 40
604 1491 645 1529 οἵ
661 1506 704 1539 με
690 1490 730 1529 ἐν
751 1486 850 1540 παρ’
874 1488 1040 1539 ἓκάτεοα
1061 1493 1132 1538 τῆς
1149 1503 1277 1537 νησου
1299 1486 1538 1540 καθήμενοι
1550 1487 1566 1541 )
1598 1488 1690 1526 Non

227 1543 400 1596 intellige
412 1545 576 1599 faecem
595 1545 800 1615 confusam
820 1556 854 1583 et
871 1548 1135 1599 promiscuam
1151 1545 1314 1598 plebem,
1343 1544 1410 1583 sed
1431 1553 1508 1582 etc.
1534 1544 1689 1596 quibus

230 1600 368 1642 verbis
392 1601 613 1646 describit,
648 1616 754 1653 quos
772 1600 993 1648 ἆκοὺοιτας
1015 1601 1187 1640 innuat.
1224 1602 1355 1665 quasi.
1373 1600 1511 1646 dicat,
1543 1614 1628 1637 non
1653 1600 1690 1637 si

230 1668 279 1694 eo
312 1670 446 1709 usque
477 1656 737 1699 adscendant
764 1658 868 1696 istae
894 1657 1185 1706 laudationes,
1220 1667 1266 1694 ut
1300 1657 1426 1695 etiam
1459 1655 1596 1694 infimi
1621 1657 1691 1693 vi-

230 1710 372 1756 deant,
387 1723 427 1751 te
448 1714 490 1753 in
508 1713 723 1752 laudando
744 1712 945 1753 excedere
966 1712 1152 1761 modum,
1167 1713 1237 1753 sed
1259 1713 1294 1751 si
1311 1723 1478 1751 tantum
1497 1712 1558 1750 sic
1578 1726 1690 1765 agas,

228 1778 277 1805 ut
301 1769 537 1811 acutissimi
564 1769 608 1808 id
629 1769 892 1837 percipiant,
925 1773 1014 1819 vel,
1047 1775 1095 1807 ut
1128 1770 1219 1820 ipse
1240 1769 1420 1820 exponit
1438 1769 1549 1806 infra
1572 1781 1605 1808 c.
1624 1775 1689 1810 11.

228 1820 323 1864 όταν
343 1843 440 1866 κατα
461 1827 599 1879 τέχνην
617 1821 715 1867 αὐτὸ
737 1829 884 1880 δρῶσιν
903 1827 970 1868 καὶ
989 1824 1266 1874 ἔπισκιαζουσι
1282 1824 1356 1876 τὴν
1375 1827 1585 1876 θωπείαν,
1606 1822 1690 1866 ἀλλ’

228 1876 365 1935 ἀθρόα
383 1881 512 1924 πάντα
531 1884 600 1924 καὶ
621 1879 805 1924 απιίθανα
828 1900 894 1924 και
913 1881 1042 1936 γυμνοὶ
1075 1885 1277 1931 διεξίασιν.
1311 1883 1456 1921 GnoN.

341 1938 442 1980 Eud
469 1942 497 1979 l.
519 1944 557 1981 7.
590 1935 841 1992 Πρόςαντες)
877 1938 1055 1978 Videtur
1077 1938 1187 1976 nihil
1214 1952 1322 1991 opus
1344 1952 1431 1976 esse
1452 1936 1555 1976 huic
1576 1941 1689 1987 loco,

228 1994 314 2032 nisi
342 2006 387 2033 ut
409 2005 654 2044 1·,evocetur
688 1995 803 2048 quod
832 1998 910 2047 jam
932 1996 1113 2044 factum,
1142 1993 1399 2058 simpliciter
1421 1992 1579 2033 Aldina
1599 1996 1692 2033 lec-

230 2051 315 2099 tio,
337 2051 506 2090 sublato
527 2052 694 2090 solum
683 2052 838 2097 inciso,
873 2050 987 2102 quod
1012 2051 1072 2088 ibi
1095 2050 1222 2088 etiam
1246 2049 1425 2121 ponitur
1445 2049 1557 2089 inter
1574 2047 1694 2104 πρός-

230 2124 344 2155 αντες
364 2118 404 2145 et
434 2104 532 2160 παρ’
557 2107 757 2160 ἑκάτερον.
819 2107 1032 2146 Nimirum
1053 2105 1136 2144 hoc
1160 2104 1257 2160 παρ’
1294 2104 1505 2160 ἑκάτερον,
1536 2105 1582 2144 in
1608 2121 1692 2160 quo

229 2173 454 2215 tantopere
493 2164 732 2214 laboratur,
775 2163 827 2203 ad
866 2159 1081 2215 πρόςαντες
1118 2164 1300 2202 refertur
1340 2161 1692 2203 commodissime.

236 2221 423 2274 Utrinque
446 2231 697 2284 praeruptum
725 2231 781 2260 est
807 2228 848 2259 et
872 2219 1118 2258 audientibus
1147 2219 1368 2257 adversum
1399 2229 1526 2272 atque
1555 2222 1694 2259 mole-

230 2285 361 2325 stum,
395 2291 481 2315 non
512 2277 653 2314 minus
683 2291 802 2331 quam
828 2290 1019 2324 asperum
1049 2285 1090 2314 et
1115 2285 1384 2327 praeruptum
1406 2275 1487 2314 iter
1507 2275 1693 2314 viatori-

230 2332 331 2379 bus,
361 2332 534 2372 laudare
564 2332 703 2380 alios·
732 2330 907 2371 difficile
937 2345 1036 2385 ergo
1075 2331 1304 2381 scribenti,
1337 2341 1378 2369 et
1401 2332 1445 2369 in
1470 2341 1690 2385 utramque

233 2398 389 2452 partem
408 2387 604 2438 difficile,
638 2404 731 2428 cum
753 2390 820 2427 vel
841 2387 965 2425 nimis
985 2387 1166 2426 videaris
1189 2387 1415 2442 prodigus,
1450 2389 1516 2426 vel
1541 2401 1688 2439 parcus

231 2443 372 2485 nimis.
434 2447 493 2484 Ut
513 2445 596 2484 hic
625 2444 912 2497 metaphorice
934 2444 1161 2492 Lucianus,
1194 2443 1256 2482 sic
1276 2444 1448 2496 proprie
1475 2442 1618 2483 Caesar·
1639 2444 1688 2483 Β.

233 2499 394 2551 Civ.I,
429 2501 764 2558 45.P1·aerup1us
792 2499 902 2540 locus
940 2511 1042 2549 erat,
1084 2511 1248 2556 utraque
1278 2516 1332 2539 ex
1369 2510 1481 2554 parte
1508 2498 1687 2539 directus.

233 2554 368 2597 GsssN

345 2611 822 2668 16ῑιῖ.Παρ’ἕκάτερον)
858 2613 942 2650 Hic
964 2616 1084 2652 locus
1105 2622 1169 2651 est
1191 2613 1378 2651 mutilus.
1408 2609 1579 2664 Longol.
1621 2612 1689 2650 De

233 2677 410 2720 utraque
430 2670 673 2709 auditorum
695 2679 814 2723 parte
844 2669 1064 2723 intelligo,
1094 2668 1276 2708 laudatis
1296 2667 1459 2706 scilicet
1481 2678 1522 2705 et
1543 2668 1688 2706 laudes

234 2723 516 2766 audientibus
578 2726 677 2764 Alio
700 2735 839 2765 tamen
868 2740 991 2764 sensu
1018 2734 1214 2777 usurpat,
1246 2738 1297 2763 ex
1319 2723 1507 2772 Graeco,
1541 2724 1586 2762 ni
1606 2725 1688 2763 fat-
