1834 3188
470 207 521 238 m
559 206 733 237 zeuxis·
771 204 865 236 vm.
902 203 1206 238 ANT1ochr.
1487 194 1587 243 503

125 308 198 348 hic
216 299 319 349 κείν’
349 318 424 358 pro
446 303 577 355 κεινᾶ,
608 304 637 345 i.
659 319 696 344 e.
719 301 818 345 κενοὶ
848 301 960 357 ὄχεα,
990 305 1106 343 vacui
1134 318 1292 356 currus3
1321 302 1395 342 sed
1422 302 1527 346 κεῖν’
1549 319 1583 345 s.

123 371 236 407 κεῖνα
258 362 308 401 ab
332 363 483 410 ἐκεῖνος
505 363 629 402 foret.
689 360 761 401 Sic
783 362 928 399 saltem
960 356 1064 401 κείν’
1085 369 1264 399 accentu
1284 369 1410 399 acuto
1434 361 1477 398 in
1503 361 1586 400 tri-

124 422 202 460 bus
231 433 402 475 quoque
429 419 564 458 bonae
593 427 721 456 notae
745 417 913 456 Homeri
931 416 1068 456 Editt.
1090 430 1193 469 quas
1218 416 1407 466 contuli,
1441 431 1584 457 exara-

124 487 214 516 tum
236 485 320 522 est;
355 474 516 530 alioqui
535 474 681 527 potius
700 473 792 511 sine
812 483 990 512 accentu
1009 472 1256 522 scriberem,
1279 474 1377 526 quia
1399 474 1435 512 is
1457 473 1501 512 in
1521 477 1587 512 ul·

123 534 270 572 timam
294 531 474 575 incidit:
506 530 578 571 sed
612 529 713 584 quia
742 543 843 568 usus
875 528 1089 582 obtinuit,
1120 539 1170 568 ut
1204 529 1475 570 declinabilia
1510 545 1585 570 ac-

121 599 293 629 centum
325 587 543 628 retrahant
575 595 674 626 ante
715 584 1043 639 apostrophum,
1095 585 1202 626 bene
1231 584 1338 628 κείν’
1366 586 1582 627 scribitur.

120 647 420 686 Verumtamen
446 642 584 683 adhuc
607 641 770 696 aliquid
792 640 844 680 ad
865 656 1032 682 sensum
1053 641 1195 682 deesse
1216 642 1398 692 videtur,
1431 658 1583 698 nempe

117 704 186 745 καὶ
208 705 274 742 vel
293 714 354 743 τε·
389 703 553 739 mallem
572 699 718 752 itaque
739 701 899 751 legere,
931 696 1025 747 τούς
1040 716 1082 741 τε
1104 697 1294 753 ἐπιβάτας
1311 696 1585 755 ἀποβαλόντες

115 756 219 802 κείν’
250 758 343 811 ὄχεα
369 754 626 810 κροτάλιζον,
657 755 942 808 sessoribus-que
971 759 1149 795 excussis
1174 772 1320 796 vacuos
1339 773 1475 797 currus
1493 773 1582 797 cum

116 818 279 870 strepitu
303 813 519 868 rapiebant.
578 811 826 865 Κροτάλιζον
851 811 965 850 enim
986 811 1058 850 hic
1078 826 1156 864 pro
1178 812 1448 866 ἐκροτάλιζον,
1479 827 1582 867 aug-

118 882 263 912 mento
285 871 457 924 poetice
480 868 669 921 abjecto,
703 866 976 919 servandum3
1005 867 1109 907 licet
1138 868 1268 918 alibi,
1300 868 1376 907 ubi
1399 870 1453 908 ad
1472 874 1580 922 poe-

114 939 184 968 tae
204 927 385 978 alicujus
409 924 533 964 verba
556 938 643 964 non
675 924 926 976 respicitur,
958 923 1004 963 id
1024 925 1227 963 omissum
1248 935 1361 966 recte
1382 926 1580 966 restitue·

115 984 205 1024 rint
232 982 406 1023 eruditi.
465 980 564 1020 Vid.
595 995 696 1020 mox
725 982 874 1020 Harm.
897 995 934 1021 0.
963 986 1000 1024 1.
1023 979 1098 1019 ubi
1125 979 1292 1033 νικήσας
1316 982 1363 1020 in
1393 984 1580 1036 ἐνίκησας

114 1049 338 1079 mutatum.
397 1037 457 1077 At
484 1037 530 1076 in
549 1048 680 1091 praet.
702 1040 841 1091 plusq.
862 1038 968 1089 perf,
1002 1051 1126 1090 saepe
1144 1038 1189 1076 in
1213 1053 1339 1091 prosa
1363 1038 1490 1078 etiam
1508 1037 1579 1077 ab·

112 1096 283 1151 jicitur‚
317 1104 366 1133 ut
399 1093 536 1132 dicam
566 1092 735 1134 deinde.
766 1095 932 1135 Rm'rz.
994 1092 1113 1136 Keiv'
1142 1104 1255 1134 recte
1285 1095 1444 1136 habent
1464 1097 1513 1136 B.
1539 1100 1576 1138 1.

111 1155 166 1193 A.
190 1158 225 1196 1.
247 1158 284 1195 2.
308 1150 381 1191 sed
401 1152 450 1192 Β,
474 1157 513 1195 3.
538 1150 632 1190 sine
660 1160 855 1191 accentu.
917 1150 1054 1190 Verba
1083 1148 1177 1199 τούς
1202 1151 1392 1205 ἐπιβάτας
1420 1148 1576 1205 ‹ineffla-

109 1209 243 1257 λόντες
263 1209 324 1246 sic
345 1208 488 1261 cogita
506 1210 713 1248 resoluta:
745 1229 800 1237 —
829 1229 886 1238 -—
916 1202 1136 1261 ἀπέβαλον,
1168 1209 1236 1248 καὶ
1254 1218 1333 1248 etc.
1397 1210 1465 1247 Sic
1486 1224 1575 1247 non

110 1267 215 1314 erit,
251 1263 365 1317 quod
393 1277 486 1302 cum
509 1263 665 1302 Reitzio
695 1273 852 1303 temere
881 1264 1179 1319 corrigendum
1210 1264 1451 1305 existimes:
1483 1264 1578 1313 τούς

108 1341 158 1366 τε
188 1319 390 1374 ἐπιβάτας.
432 1320 502 1360 Sic
522 1319 649 1359 etiam
673 1319 961 1373 intelligetur,
996 1330 1156 1374 quanto
1175 1330 1358 1372 praestet
1379 1321 1420 1361 h.
1441 1324 1468 1360 l.
1491 1322 1575 1360 Ao-

109 1380 240 1420 ristus
263 1376 495 1419 Praesenti.
557 1376 676 1429 Quin
699 1375 995 1431 ἀποβάλλοντες
1014 1392 1066 1416 ne
1087 1377 1258 1419 tolerari
1282 1377 1452 1430 quidem
1479 1392 1574 1430 pos-

107 1445 186 1475 set.
246 1435 354 1473 Nam
376 1432 658 1485 sequentibus
680 1434 928 1486 Participiis
946 1435 1174 1488 τέμνοντες,
1205 1437 1471 1489 διαιροῦντες,
1505 1434 1574 1472 ni-

105 1493 170 1532 hil
193 1501 256 1532 est
278 1505 372 1528 curn
394 1489 476 1528 hoc
501 1504 736 1530 commune.
781 1491 935 1532 sznM.
1158 1502 1162 1507 ·

220 1546 322 1587 Ead.
348 1549 377 1586 l.
399 1550 438 1588 9.
472 1544 586 1587 Ker'v'
611 1543 734 1598 ὄχεα)
763 1547 928 1586 Homer.
946 1548 1000 1587 Il.
1022 1553 1086 1595 A.
1113 1551 1205 1590 160.
1237 1547 1404 1587 SOLAN.

221 1602 323 1643 Ead.
355 1606 384 1642 l.
410 1607 474 1644 12.
517 1601 845 1655 Κατεβάλλοντο)
886 1604 981 1645 MS.
1023 1603 1186 1657 Regius
1216 1602 1570 1657 κατελαμβάνοντο.

105 1663 286 1702 Eoum).
344 1658 462 1698 Idem
492 1657 565 1697 hic
582 1659 747 1712 Regius
778 1668 841 1698 est
864 1660 1035 1710 Codex,
1069 1674 1192 1714 quem
1211 1661 1376 1700 Belinus
1399 1676 1572 1699 numero

106 1721 230 1762 2954.
257 1715 512 1768 insignivit3
545 1715 590 1756 in
621 1729 706 1767 quo
732 1730 817 1753 non
849 1719 985 1757 solum
1015 1715 1378 1769 κατελαμβάνοντο,
1411 1717 1482 1754 sed
1507 1732 1576 1754 su-

107 1790 183 1830 pra
210 1772 336 1813 etiam
358 1769 622 1824 καταλάβοιεν
639 1772 724 1825 legi
747 1772 910 1811 Belinus
941 1773 1083 1812 refert.
1144 1773 1267 1826 Quae
1290 1773 1460 1825 quidem
1483 1777 1575 1812 lec-

109 1832 249 1871 tiones
271 1829 350 1867 etsi
369 1842 443 1881 per
463 1841 529 1877 se,
565 1826 679 1881 quod
707 1827 1096 1880 reprehendantur,
1129 1843 1215 1867 non
1244 1828 1450 1875 habeant,
1485 1843 1572 1867 non

109 1887 215 1926 adeo
237 1895 376 1925 tamen
406 1883 590 1938 vulgatis
616 1894 856 1936 praestant,
892 1894 939 1922 ut
965 1899 1059 1924 cum
1085 1885 1336 1926 Schmicdero
1368 1895 1410 1924 et
1432 1885 1575 1925 Belino

107 1958 177 1984 eas
202 1939 471 1994 recipiendas
503 1939 694 1982 arbitrer.
757 1940 894 1979 Verba
925 1950 1063 1981 autem
1093 1945 1330 1996 καταβαλεῖν
1350 1951 1391 1980 et
1411 1947 1576 1983 καταλα-

109 2005 196 2054 βεῖν
230 1997 477 2050 saepissime
510 2011 531 2034 a
567 1995 751 2035 librariis
785 2006 1020 2054 permutata
1050 2012 1164 2048 esse,
1204 1999 1415 2038 neminem
1443 1998 1573 2052 fugit,

108 2056 182 2109 qui
204 2053 449 2107 antiquiora
471 2052 690 2092 volumina
712 2053 956 2093 versaverit.
995 2055 1154 2095 Lmnvx.
1232 2088 1237 2091 .

220 2109 321 2149 Ead.
345 2112 375 2150 1.
410 2115 474 2152 14.
514 2109 854 2165 Περιπείροντες)
893 2109 994 2152 Vid.
1024 2114 1171 2165 paullo
1207 2125 1333 2165 supra
1364 2109 1417 2150 ad
1447 2118 1602 2164 caput·

106 2167 375 2222 praecedens.
407 2167 576 2206 SoLAa.

221 2223 318 2275 Pag.
341 2227 433 2264 140.
454 2225 535 2264 1.2.
563 2220 858 2277 Ἐπαιώνιζον)
887 2225 933 2263 P.
948 2233 988 2264 et
1003 2225 1145 2266 schol.
1167 2222 1413 2274 ἐπαιάνιζον.
1445 2225 1577 2263 Utro-

109 2295 190 2336 que
208 2277 335 2318 modo
357 2281 486 2332 vulgo
508 2277 619 2329 apud
640 2279 869 2331 scriptores
893 2283 1115 2334 reperitur.
1156 2282 1324 2320 SOLAN.

222 2333 326 2374 Earl.
342 2337 372 2374 1.
396 2340 435 2378 8-
464 2330 711 2386 Ἐλὲφαντα)
744 2335 853 2375 Vide
874 2339 963 2389 ejus
986 2352 1217 2386 nummum,
1253 2352 1377 2390 quem
1401 2335 1578 2377 exhibet

113 2392 262 2447 Spanh.
284 2395 380 2434 406.
412 2391 580 2430 Somne.
641 2390 778 2430 Modo
804 2407 882 2445 pro
911 2395 1028 2436 ἐπίτε
1051 2400 1107 2445 τῷ
1124 2396 1302 2450 τροπαίῳ
1326 2393 1432 2433 cod.
1452 2395 1577 2437 2954.

112 2450 222 2503 legit
253 2449 427 2490 ἔπειτα
457 2452 513 2502 τῷ
533 2465 590 2501 “Q-
615 2461 736 2498 quarn
761 2449 1065 2501 mutationem,
1098 2461 1301 2490 monente
1319 2450 1481 2499 Belino,
1515 2464 1578 2488 aro

114 2505 250 2558 ripuit
279 2503 560 2544 Sclzmieclerus.
621 2505 792 2550 Posset,
827 2504 862 2542 si
895 2507 1193 2546 emendatione
1224 2521 1330 2560 opus
1354 2516 1487 2558 esset,
1518 2514 1578 2545 et-

118 2562 200 2599 iam
230 2560 292 2599 sic
322 2560 518 2600 rescribi:
552 2560 626 2600 ἔτι
656 2561 707 2600 δὲ
737 2564 790 2614 τῷ
820 2578 878 2612 τρ.
906 2566 1025 2614 cujus
1056 2563 1194 2616 ipsius
1227 2564 1392 2618 generis
1422 2563 1575 2603 vitium

116 2617 304 2655 occurrit
323 2619 461 2657 Prom.
486 2616 530 2654 in
553 2615 704 2655 Verbb.
726 2631 759 2655 c,
784 2621 822 2660 5.
843 2626 884 2655 et
907 2619 1090 2669 saepius.
1152 2619 1209 2657 At
1238 2623 1353 2658 nulla
1386 2634 1492 2673 opus
1516 2628 1580 2657 est

118 2674 370 2713 mutatione.
438 2678 483 2714 Τε
519 2674 698 2711 refertur
731 2671 782 2709 ad
809 2674 875 2713 καὶ
906 2674 949 2711 in
976 2676 1348 2726 praecedentibus:
1393 2675 1414 2718 ὁ
1447 2677 1485 2717 ὁὲ
1514 2679 1579 2716 καί

116 2727 315 2783 δακρύσας
333 2741 412 2771 etc.
436 2740 478 2771 et
496 2728 743 2771 vertendum
762 2746 901 2783 porro,
936 2742 1030 2772 tum.
1090 2733 1158 2776 (js.
1182 2733 1389 2784 Necyom.
1411 2738 1451 2778 5.
1474 2733 1579 2771 Πω-
