1834 3188
430 214 599 245 VERAE
638 211 901 242 HisTomAE
938 210 1029 240 Lm,
1068 209 1123 240 11.
1367 191 1463 238 301

91 315 224 370 ἐπειδὴ
245 315 426 369 ἐποίησε,
461 310 607 367 στήλην
626 308 824 368 βηρύλλου
844 312 966 353 λίθου
983 304 1233 363 ἀναστήσας,
1263 305 1470 363 ἐπέγραψα
1482 321 1522 354 Ρ.
1537 322 1613 356 125,

91 384 194 443 πρὸς
215 389 272 442 τῷ
285 384 426 438 λιμένι.
458 379 502 424 τὸ
523 379 566 424 δ’
586 381 810 437 ἐπίγραμμα
826 374 879 433 ἦν
893 377 1069 423 τοιόνδε·

314 448 550 499 Λουκιανὸς
565 447 661 491 τάδε
681 447 814 490 πάντα
832 451 953 501 φίλος
969 446 1187 502 μακάρεσσι
1207 449 1367 488 θεοῖσιν

316 514 495 570 Εἶδὲτε,
527 519 596 560 καὶ
613 514 735 559 πάλιν
755 510 861 570 ἦλθε
879 518 1002 571 φίλην
1022 512 1070 571 d)
1100 517 1141 564 ἐς
1159 515 1329 569 πατρίδα
1348 517 1480 568 γαῖαν.

103 592 265 640 Μείνας
283 588 321 632 δ’
344 590 500 642 ἐκείνην
520 590 563 640 c)
593 584 668 639 τὴν
688 581 862 639 ἡμέραν,
891 589 964 638 τῆς
982 581 1172 637 ἐπιούσης
1190 579 1227 633 s)
1257 580 1480 638 ἀνηγόμην,
1497 583 1578 618 126>
1591 585 1648 626 29

98 666 179 702 τῶν
197 656 344 714 ἡρώων
371 652 744 711 παραπεμπόντων·
772 655 872 696 ἔνθα
895 671 965 707 μοι
982 654 1049 695 καὶ
1064 650 1289 700 Ὀδυσσεὺς
1310 655 1483 705 προςελ-

98 726 215 778 θών,
246 726 380 780 λάθρα
403 730 476 779 τῆς
502 722 743 777 Πηνελόπης
770 725 935 765 δίδωσιν
960 719 1171 774 ἐπιστολὴν
1196 722 1252 769 εἰς
1271 722 1311 770 g)
1340 716 1482 775 Ὠγυ-

102 798 194 852 γίαν
212 794 287 849 τὴν
313 800 442 848 νῆσον
462 797 656 846 Καλυψοῖ
680 793 867 845 κομίζειν.
901 791 1128 843 συνέπεμψε
1150 790 1191 831 δέ
1210 806 1278 842 μοι
1297 785 1319 831 ὅ
1337 786 1485 830 Ῥαδά-

101 869 265 919 μανθυς
292 861 364 905 τὸν
391 861 578 915 πορθμέα
607 857 846 911 Ναύπλιον,
882 856 967 909 ἵν’,
999 853 1095 912 82¹¹)
1125 859 1414 911 καταχθείημεν
1446 858 1488 905 ἒς

103 929 176 981 τοὶς
195 929 370 984 νήσους,
403 931 541 984 μηδεὶς
556 927 663 983 ἡμᾶς
685 928 874 983 συλλάβοι
893 925 957 983 i),
988 925 1057 969 ἅτε
1086 922 1177 969 κατ’
1212 923 1334 979 ἄλλην
1362 926 1490 979 ἔμπο-

105 1002 200 1054 ρίαν
218 998 412 1049 πλέοντας
432 993 498 1054 k).
528 999 613 1040 ἐπεὶ
635 998 678 1040 δὲ
697 995 769 1040 τὸν
788 995 921 1051 εὐώδη
953 991 1051 1051 ἇέρα
1076 992 1289 1050 προϊόντες
1313 998 1492 1050 παρελη-

105 1064 295 1122 λύθειμεν
315 1063 379 1120 1),
421 1064 565 1110 αὐτίκα
589 1064 695 1122 ἡμᾶς
720 1063 822 1121 ὀδμή
844 1069 903 1117 Ῐιι)
942 1082 982 1109 τε
1010 1062 1120 1119 δεινὴ
1153 1063 1361 1118 διεδέχετο,
1403 1059 1494 1104 οἷον

154 1170 204 1215 d)
232 1170 401 1216 φίλην]
426 1168 489 1216 ἐὴν
516 1168 607 1217 (ἓήν
626 1171 745 1216 forte,
769 1175 812 1204 ut
837 1170 878 1204 in
903 1170 1036 1214 Gorl.)
1058 1177 1161 1214 2954.
1183 1174 1221 1202 et
1237 1178 1341 1211 5011.
1389 1165 1434 1208 e)
1462 1161 1501 1198 ἐ·-

205 1218 403 1262 κείνην]
427 1217 603 1266 κᾴκείνην
633 1229 734 1263 2954.
763 1229 867 1262 5011.
898 1218 1014 1251 Belin.
1063 1217 1100 1260 f)
1125 1216 1210 1260 τῆς
1235 1209 1499 1255 ἐπιούσης]

202 1264 278 1309 ,,τῇ
306 1262 459 1310 ἐπιούσῃ
485 1266 580 1298 alios
609 1265 734 1309 legere
762 1264 845 1297 Coll.
866 1264 985 1306 ajunt.
1033 1264 1081 1295 At
1105 1268 1255 1295 nostrae
1283 1259 1378 1293 Edd.
1402 1257 1501 1290 nihil

203 1313 394 1344 mutant.“
425 1313 483 1356 Τῇ
501 1309 655 1356 ἐπιούσῃ
675 1312 769 1355 Aug.
815 1311 863 1343 At
883 1310 1024 1354 optime
1040 1309 1154 1342 habet
1175 1308 1342 1351 vulgata,
1368 1304 1501 1338 etiam-

205 1356 238 1389 si
256 1368 380 1390 severe
396 1359 537 1400 judices
555 1358 601 1390 ad
616 1358 737 1401 legem
748 1358 946 1389 Herodiani
962 1369 998 1401 p.
1009 1368 1088 1400 472.
1102 1355 1170 1388 Ed.
1184 1356 1293 1385 Piera.
1311 1352 1357 1398 τῇ
1376 1350 1504 1385 ἐπιού-

206 1412 252 1447 σῃ
275 1401 389 1447 ἐρεῖς,
413 1403 463 1448 μή
484 1404 697 1449 προςτιθεῖς
719 1401 789 1447 τήν
806 1400 970 1447 ἡμέραν,
995 1404 1062 1447 τῆς
1087 1400 1128 1436 δὲ
1156 1397 1331 1443 ἐπιούσης
1349 1395 1502 1442 ἡμέρας.

207 1450 306 1482 Nam
337 1449 375 1484 h.
400 1450 425 1483 l.
454 1451 501 1483 ob
529 1450 787 1483 antecedentia
813 1461 892 1483 non
919 1455 1068 1494 poterat
1096 1459 1175 1481 non
1199 1446 1323 1479 omitti
1351 1443 1502 1489 ἡμέρας.

205 1494 320 1538 Vide,
346 1507 440 1539 quos
462 1496 673 1541 Schaeserus
696 1496 823 1529 laudat
848 1497 897 1529 ad
915 1498 956 1528 L.
978 1498 1051 1527 Bos
1077 1506 1113 1539 p.
1138 1502 1214 1539 175.
1278 1493 1321 1536 g)
1348 1493 1441 1532 εἰς]
1468 1489 1507 1529 ἐς

208 1550 311 1584 2954.
337 1542 416 1575 Bel.
443 1543 558 1576 Schm.
631 1542 677 1583 h)
703 1539 779 1585 ἵν’,
806 1543 869 1585 εἰ]
895 1538 988 1586 ,ἐὰν
1015 1542 1078 1575 ΤΙι.
1099 1542 1206 1585 JVIag.
1231 1550 1312 1572 voe.
1335 1539 1378 1572 δι’.
1407 1537 1454 1580 (i.
1475 1547 1508 1574 e,

208 1585 276 1622 ἐὰν
296 1600 365 1632 pro
387 1588 436 1631 εἰ,
463 1600 539 1621 11011
565 1599 636 1633 pro
665 1584 721 1621 ’ἵν’
743 1590 792 1632 εἰ,
816 1588 930 1622 habet
952 1588 1015 1620 Th.
1037 1589 1170 1631 nsag.)
1195 1583 1264 1618 ξΕν
1281 1586 1312 1618 J.
1339 1584 1386 1625 (i.
1412 1594 1442 1615 e.
1464 1587 1509 1614 ut

211 1634 340 1677 credo,
367 1632 405 1668 ἓν
426 1634 538 1668 habet
553 1637 583 1668 J.
603 1646 672 1678 pro
694 1633 759 1676 ἵν’,
784 1646 862 1668 11011
878 1647 948 1679 pro
968 1629 1023 1668 ἵν’
1043 1634 1098 1675 εἰ)
1121 1628 1172 1667 ἵν’
1195 1632 1249 1665 I'l.
1275 1637 1343 1663 etc.
1365 1629 1510 1662 recte.“

208 1679 330 1721 Hujus
348 1681 524 1713 confusae
542 1680 767 1714 narrationis
784 1683 999 1714 Reitzianae
1017 1691 1147 1712 verum
1166 1687 1318 1711 sensum
1335 1675 1512 1709 intellec-

214 1730 298 1758 tum
316 1725 390 1766 jam
408 1726 457 1758 iri
474 1736 582 1769 spero
608 1726 731 1769 exiis,
760 1739 854 1770 quae
870 1737 938 1768 ego
958 1724 1156 1757 inserenda
1183 1723 1380 1768 putabam,
1403 1722 1512 1754 lucu-

213 1770 356 1804 lentior
373 1771 486 1804 etiam
504 1771 588 1814 fiet,
614 1770 680 1804 uhi
697 1772 790 1805 haec
808 1771 1007 1804 addidero:
1034 1767 1082 1816 ἤν
1103 1771 1137 1805 εἰ
1152 1770 1264 1802 habet
1281 1770 1322 1805 A.
1346 1780 1377 1802 2·
1396 1777 1514 1811 Paene

216 1823 262 1849 ut
283 1819 377 1850 Junt.
401 1817 464 1851 sed
485 1813 538 1850 ἵν’
556 1814 623 1851 ἐὰν
643 1828 746 1860 5011.
768 1817 878 1851 Gorl.
896 1824 933 1850 et
944 1821 1038 1861 Aug.
1058 1827 1210 1861 prorsus
1229 1816 1301 1858 ita,
1328 1820 1371 1847 ut
1394 1815 1516 1846 ΤΙιοηι.

218 1864 327 1908 wlag.
376 1863 411 1903 i)
438 1862 696 1909 συλλάβοι]
721 1863 880 1909 συλλάβῃ
903 1872 1006 1908 2954.
1019 1875 1125 1907 5011.
1144 1865 1238 1906 Aug.
1257 1867 1294 1894 et
1313 1860 1421 1898 Gorl,
1444 1858 1518 1893 Sed

222 1920 348 1942 veram
363 1909 568 1943 lectionem
587 1910 888 1944 servaruntEdd.
936 1909 983 1952 k)
1009 1908 1265 1952 πλέοντας]
1292 1904 1520 1941 καταπλέον-

220 1967 287 1995 τας
307 1965 409 2000 2954.
429 1963 469 1989 et
485 1967 587 1999 5011.
647 1956 685 1999 l)
712 1952 1164 2002 παρεληλύθειμεν]
1200 1950 1520 1998 προεληλύθειμεν

221 2012 326 2045 5011.
397 2004 464 2046 m)
490 1999 634 2048 ὀδμή]
663 2000 758 2048 ὀσμὴ
785 2005 880 2053 Assg·
904 2003 1013 2037 Gorl.
1041 2014 1147 2047 5011.
1170 2010 1273 2047 2954.
1298 2000 1377 2034 Bel.
1400 2000 1520 2034 Schm.

223 2048 299 2082 Sed
314 2047 400 2082 vide
421 2060 535 2094 supra
551 2061 584 2084 c.
606 2058 641 2092 5.

135 2142 177 2179 lo
205 2153 366 2193 gemma
391 2150 553 2182 erectae
574 2142 626 2180 ad
657 2143 798 2196 ipsum
856 2143 1041 2182 insulam
1069 2140 1288 2182 ferendam
1315 2138 1522 2192 Calypso.

135 2205 324 2249 portum,
357 2197 572 2250 inscripsi.
602 2200 707 2238 Erat
727 2215 801 2239 au·
856 2201 1041 2240 IVIiserat
1060 2198 1167 2237 mihi
1189 2196 1386 2238 comitem
1408 2194 1527 2232 Rha-

138 2262 222 2291 tem
246 2253 502 2307 epigramma
530 2254 636 2293 hoc:
669 2292 671 2294 ,
861 2256 1116 2295 damanthus
1135 2255 1388 2308 portitorem
1406 2251 1526 2290 Nau-

196 2310 402 2349 Lucianus
422 2310 537 2349 Diris
564 2327 678 2350 carus
689 2312 805 2368 feli—
861 2313 1022 2365 plium,
1079 2321 1151 2363 ut,
1198 2311 1234 2349 si
1269 2309 1529 2348 deferremut

525 2369 636 2406 cibus
660 2370 807 2408 isthaec
866 2369 911 2406 in
935 2369 1120 2416 insulas,
1153 2380 1278 2407 nemo
1304 2379 1382 2403 nos
1408 2378 1533 2403 com-

203 2421 350 2462 Omnia
391 2426 607 2472 contuitus,
653 2427 809 2477 patrias
865 2424 1169 2477 prehenderet‚
1230 2423 1307 2476 qui
1356 2420 1532 2460 alterius

407 2483 587 2519 remeavit
610 2481 665 2519 ad
684 2481 807 2521 urbes.
867 2482 1036 2533 negotii
1054 2494 1200 2519 caussa
1220 2479 1532 2532 navigaremus.

145 2535 344 2575 Moratus
365 2536 480 2575 hunc
498 2537 630 2587 diem,
665 2538 811 2591 proxi·
871 2532 979 2576 Cum
1003 2550 1105 2575 vero
1127 2537 1234 2576 bene
1265 2538 1448 2574 olentem
1471 2532 1534 2570 il·-

151 2605 218 2630 mo
239 2594 362 2632 solvi.
395 2592 707 2632 deducentibus
726 2595 812 2633 He·
870 2595 956 2632 lum
987 2597 1124 2631 aeirem
1147 2591 1342 2646 provecti
1359 2589 1535 2628 exiisse-

152 2646 312 2686 roibus.
354 2649 440 2687 Hic
463 2649 664 2689 accedens
685 2651 812 2688 etiam
872 2663 978 2699 mus,
1010 2649 1150 2687 statim
1175 2663 1269 2687 cum
1295 2656 1404 2686 teter
1426 2644 1533 2685 odot

155 2702 330 2753 Ulysses
358 2708 462 2744 clam
479 2708 721 2760 Penelopen
741 2706 815 2745 dat
871 2720 951 2744 nos
983 2706 1174 2759 excepit,
1225 2714 1424 2757 tanquam
1460 2715 1535 2739 as-

155 2758 263 2798 mihi
286 2760 506 2813 epistolam
531 2763 576 2802 in
599 2763 813 2819 Ogygiam
873 2762 1015 2815 phalti
1047 2771 1090 2801 et
1123 2761 1301 2801 sulfuris
1335 2759 1535 2814 picisque
