1834 3188
259 1201 313 1241 17
339 1183 555 1241 συμφορὰς
574 1180 811 1238 δυνάμενος.

333 259 437 307 338

831 267 1240 300 LUCIANI

191 396 228 432 p.
245 369 439 428 15342511,
470 368 687 412 νεανίσκου
721 362 995 421 ἇκμᾶζοντος,
1028 365 1097 408 καὶ
1119 369 1217 407 πᾶσι
1239 367 1439 422 φοβεροῦ,
1473 364 1528 409 δι’
1551 365 1599 411 όν
1631 366 1722 412 ἆνε-

333 434 602 494 πιβούλευτος
623 433 812 492 κᾷκεῖνος
833 429 909 488 ἧν,
942 435 972 475 ὠ
1001 431 1112 492 μόνῳ
1144 433 1330 490 έθᾶρῤει,
1374 433 1420 485 ὃς
1450 431 1540 479 ἀντὶ
1566 443 1722 480 πολλῶν

334 506 451 563 ἢρκει
469 502 728 560 δορυφόρων.
762 498 833 558 ἄρ’
859 504 935 545 οὐν
956 500 1028 546 οὐκ
1048 501 1176 554 ἄξιος,
1209 497 1396 555 ώοὺτος,
1428 507 1601 559 δωρεᾶς,
1632 495 1721 548 ἄλλ

338 574 481 629 α’τιμος
498 569 829 625 ἔπὶτηλικοότοις
857 573 1058 627 γένωμαι,·
1087 574 1124 613 τί
1153 570 1252 627 γὰρ,
1300 575 1336 614 εἰ
1364 572 1641 629 δορυφόρον“
1629 576 1719 626 ε’να,

339 647 376 687 τί
400 644 440 685 δὲ
456 643 501 695 a)
518 675 528 693 ‚
561 643 596 683 εἰ
611 637 818 695 ’ὗπηρέτην
843 638 932 681 τινὰ
954 645 1026 682 τοῦ
1047 638 1250 693 τυράννου
1271 635 1504 693 ἀπέκτεινας
1534 645 1572 684 τί
1591 641 1630 684 δ’
1645 676 1656 695 ,
1689 644 1724 684 εἰ

341 711 500 763 οἰκέτην
516 711 671 763 τίμιονς
703 705 752 750 οὗ
771 709 868 764 μέγα
889 705 939 751 ὅῖν
960 711 1067 759 ἔδοξε
1089 710 1156 750 καὶ
1175 713 1293 751 τοῦτο
1308 740 1320 759 ,
1353 706 1577 751 ἀνελθόντα
1594 711 1636 751 ἐν
1658 711 1722 762 μέ-

340 793 391 833 σῃ
412 784 461 836 τῇ
480 773 697 828 ἀκροπόλει
711 808 722 828 ,
755 778 797 819 ἐν
818 777 952 830 μέσοις
969 783 1051 827 τοῖς
1073 774 1233 827 ὅπλοις,
1267 775 1398 830 φόνον
1421 778 1529 827 τινὸς
1557 775 1722 833 ἐργάσα-

341 854 440 890 σθαι
456 850 535 889 τῶν
556 849 631 888 τοῦ
649 843 853 898 τυράννου
876 848 1030 899 (pileum

1060 851 1135 888 νῦν
1167 845 1208 886 δὲ
1230 845 1298 885 καὶ
1320 845 1391 886 τὸν
1418 848 1724 900 πεφονευμένον

341 912 468 959 αὕτὸν
489 916 547 957 ἰδέ
564 909 583 935 b
596 913 625 970 ).
657 910 746 960 υἱὸς
763 908 814 965 ἧν
835 914 1061 967 τυράννου,
1101 916 1250 966 μᾶλλον
1273 911 1313 954 δὲ
1332 910 1533 967 τύραννος
1550 913 1724 969 χαλεπώ-

338 1000 477 1039 τερος,
519 981 588 1024 παῖ
617 978 809 1033 δεσπότης
843 978 1134 1038 α’παραίτητος,
1174 981 1241 1022 καὶ
1271 980 1469 1035 κολαστὴς
1495 978 1720 1038 ὠμότερος,

340 1053 409 1094 καὶ
435 1047 630 1106 ὑβριστὴς
668 1048 915 1105 βιαιότερος”

961 1048 1004 1091 τὸ
1038 1050 1079 1092 δὲ
1112 1051 1319 1104 μέγιστον,
1366 1049 1618 1105 κληρονόμος
1645 1055 1726 1092 τῶν

340 1117 467 1167 ὅλων,
506 1117 572 1159 καὶ
613 1114 825 1169 διάδοχος,
874 1117 941 1159 καὶ
974 1114 1140 1159 ἐπιπολὺ
1166 1122 1403 1172 παρατεῖναι
1439 1119 1509 1168 τοὶς
1535 1117 1728 1173 ἡμετέρας

872 1183 1015 1228 Βούλει
1031 1189 1149 1228 τοῦτο
1168 1184 1294 1239 μόνον
1312 1188 1544 1240 πεπρᾶχθαί
1560 1185 1603 1237 ’ἢ
1638 1202 1727 1238 μοι,-

338 1259 411 1311 ζῇν
433 1250 475 1296 δ’
500 1254 555 1295 ἔτι
575 1250 646 1294 τὸν
665 1250 867 1306 τύραννον
896 1252 1217 1310 διαπεφευγότας
1249 1254 1368 1309 γέρας
1399 1253 1448 1307 δὴ
1478 1255 1540 1296 ε’πὶ
1569 1250 1729 1302 τούτοις

336 1325 457 1365 ah&-

500 1323 538 1363 τί
567 1320 686 1374 φατές
731 1317 778 1363 οὗ
808 1320 979 1375 ὂώσετες
1022 1317 1113 1376 οὐχὶ
1143 1318 1335 1379 κᾴκεῖνον
1364 1319 1632 1379 ὑφεωρᾶσθε-ς
1676 1318 1725 1365 οὗ

427 1425 467 1459 S.
498 1419 708 1467 αναίμωτος
736 1424 820 1457 Par.
852 1425 899 1460 H.
925 1436 955 1457 ι.
986 1429 1025 1458 et
1049 1435 1082 1460 2.
1106 1423 1146 1456 in
1174 1436 1246 1469 qua
1278 1421 1490 1469 οἷναίμωτος
1518 1429 1730 1457 correxerat

431 1472 535 1505 Gesn.

429 1517 513 1550 sola
530 1517 572 1549 B.
589 1527 619 1549 1.

582 1471 691 1503 Hanc
711 1469 957 1502 variationem
977 1470 1127 1502 50la71u³
1146 1471 1282 1506 omisit.
1288 1472 1312 1489 ⁴⁶

668 1516 716 1558 b)
743 1513 814 1549 ἰδὲ
802 1517 836 1560 ]
864 1517 910 1548 In
927 1515 1114 1560 prioribus
1137 1518 1311 1550 omnibus
1331 1517 1397 1551 iffi&
1425 1518 1496 1550 Sed
1515 1517 1599 1549 vide
1611 1515 1726 1552 Dian,

427 1554 548 1595 Marr.
571 1563 607 1604 I,
637 1572 670 1604 5.
698 1561 828 1606 ibique
856 1563 941 1594 Var.
971 1563 1070 1594 Lect.
1099 1562 1208 1594 Tom.
1232 1564 1280 1595 II.
1302 1574 1337 1605 p.
1359 1563 1414 1606 96.

1384 1473 1425 1516 a)
1450 1472 1497 1505 τί
1521 1468 1596 1513 δε]
1622 1471 1658 1504 τί
1687 1467 1727 1503 δ’

1465 1564 1504 1603 ³¹)
1530 1564 1728 1606 πεπρᾶχ-

428 1609 543 1651 θαί]
569 1609 624 1640 Ita
643 1618 787 1639 correxi
807 1608 1002 1652 vulgatum
1032 1608 1161 1642 vitium
1179 1607 1411 1654 πεπρᾶχθαι,
1438 1620 1508 1653 pro
1532 1620 1606 1653 quo
1630 1615 1666 1641 et
1687 1609 1729 1641 in

426 1653 622 1686 nonnullis
643 1651 883 1698 πεπρᾶχθαί,
910 1654 1052 1700 duplici
1074 1662 1243 1690 accentu.

427 1705 522 1735 mot.
541 1711 573 1733 c.
593 1708 650 1743 45.
673 1705 746 1733 etc.

337 1806 475 1847 neque
509 1793 761 1832 incruentus
781 1808 897 1841 sum,
929 1792 1004 1834 sed

336 1849 507 1889 caedem
530 1849 614 1896 feci
632 1864 672 1887 ir·
677 1865 830 1915 agnam
855 1860 897 1890 et
917 1851 1004 1889 for·

336 1916 443 1956 tem,
476 1906 650 1959 juvenis
675 1907 719 1944 in
738 1907 832 1958 ipso
857 1907 1003 1960 vigore

336 1962 564 2001 constituti
585 1994 597 2012 ‚
630 1972 671 2003 et
693 1962 889 2001 omnibus
915 1963 1003 2001 for-

334 2018 756 2072 midabilis‚propter
776 2034 900 2083 quem
922 2019 1003 2058 iste

336 2088 514 2128 quoque·
552 2076 746 2129 superior
775 2085 863 2115 erat
890 2075 1005 2114 insi-

337 2130 444 2180 diis,
486 2130 537 2171 'in
569 2147 654 2188 quo
694 2135 786 2171 solo
823 2131 1005 2171 habebat

334 2186 565 2238 fiduciam,
609 2188 682 2242 qui
733 2202 809 2240 pro
857 2189 1002 2226 multis

335 2242 860 2286 sufficiebatsatellitibus.
875 2245 1007 2284 Num·

336 2299 447 2351 qult't
469 2303 603 2355 igitur
615 2332 626 2349 ‚
660 2302 718 2339 ini
739 2300 882 2349 homo,
917 2316 1005 2340 non

337 2354 414 2412 dis
421 2372 496 2408 nus
524 2358 738 2410 praemio,
772 2357 844 2396 sed
872 2333 1005 2396 inho-

338 2425 517 2453 noratus
540 2424 637 2466 post
659 2424 723 2452 tot
749 2428 796 2451 ac
820 2424 936 2452 tanta
963 2429 1005 2453 e·

337 2470 422 2508 10?
449 2471 568 2525 Quid
589 2471 700 2509 enim
719 2471 755 2509 si
778 2472 1004 2510 satellitem

341 2538 497 2577 unum,
555 2526 658 2581 quid
690 2527 725 2565 si
763 2526 1004 2565 ministrum

341 2584 513 2631 tyranni
547 2598 704 2632 unum,
752 2583 1006 2622 interfecis-

340 2636 462 2674 sem?
505 2639 608 2690 quid
640 2654 742 2678 vero
770 2640 806 2677 si
836 2654 1003 2678 servum

338 2690 403 2729 illa
421 2706 587 2730 carum.
575 2693 595 2719 ‘²
629 2707 772 2732 nonne
802 2709 1004 2749 magnum

339 2745 534 2786 videatm
569 2747 650 2786 hoc
686 2763 884 2801 quoque,
925 2749 1004 2787 ad·-

337 2802 536 2842 sccndere
557 2804 764 2856 aliquem,
796 2805 901 2844 etin
922 2818 1004 2844 me-

1295 1655 1355 1689 Cf.
1376 1667 1540 1701 suprac.
1565 1666 1618 1688 10.
1636 1655 1730 1688 Her-

1063 1793 1134 1833 dia
1157 1809 1275 1843 arce,
1309 1794 1423 1835 inter
1442 1792 1581 1835 media
1601 1807 1726 1842 arma,

1064 1852 1234 1890 caedem
1257 1853 1397 1890 facere
1420 1851 1603 1902 alicujus
1625 1850 1728 1888 ami-

1064 1907 1209 1947 corum
1242 1907 1451 1960 tyranni?
1503 1907 1596 1946 Jam
1624 1919 1726 1945 vero

1063 1964 1336 2003 interfectum
1355 1962 1453 2002 vide
1472 1963 1625 2016 ipsum.
1657 1961 1728 1998 Fi-

1061 2021 1146 2060 lius
1189 2030 1279 2058 erat
1318 2020 1520 2072 tyranni:
1578 2018 1726 2071 potius

1062 2091 1162 2116 velo
1194 2086 1402 2128 tyrannus
1432 2075 1644 2128 asperior,
1686 2083 1729 2112 et

1062 2133 1344 2186 implacabilis
1401 2131 1625 2179 dominus,
1687 2139 1731 2168 et

1065 2190 1378 2243 suppliciorum
1392 2198 1565 2227 exactor
1582 2185 1728 2225 crude-

1065 2247 1171 2294 lior,
1207 2256 1247 2283 et
1277 2246 1321 2283 in
1353 2243 1582 2283 facienda'
1571 2242 1729 2295 injmia

1064 2301 1321 2343 violentior:
1360 2299 1474 2355 quod
1506 2312 1605 2339 vero
1635 2312 1727 2335 ma-

1063 2360 1226 2397 ximum
1242 2391 1251 2407 ‚
1284 2357 1405 2396 heres
1430 2356 1725 2393 universorum

1064 2426 1107 2455 et
1139 2413 1377 2462 successor,
1428 2412 1587 2463 quique
1620 2413 1726 2447 mul·

1063 2482 1152 2511 tum
1191 2469 1417 2509 extendere
1461 2465 1722 2504 calamitates

1062 2536 1226 2566 r-ostias
1247 2532 1402 2578 posset
1449 2522 1528 2560 Vis
1551 2521 1633 2559 hoc
1655 2536 1722 2560 so-

1062 2587 1150 2623 lum
1175 2597 1197 2620 a
1218 2595 1281 2619 me
1301 2577 1570 2632 perfectum?
1604 2577 1721 2617 vive-

1062 2654 1107 2678 re
1136 2648 1274 2676 autem
1298 2643 1339 2677 et
1361 2633 1559 2687 effugisse
1579 2643 1723 2686 tyran-

1062 2692 1195 2732 num?
1246 2689 1480 2729 Praemium
1523 2688 1721 2743 equidem

1061 2759 1102 2787 et
1126 2747 1178 2786 ob
1199 2746 1302 2785 haec
1327 2756 1440 2799 peto.
1503 2745 1618 2800 Quid
1651 2745 1722 2783 di-

1058 2803 1190 2843 citis?
1223 2817 1310 2842 non
1342 2801 1534 2841 dabitis?
1574 2814 1720 2841 nonne
