1834 3188
247 209 347 257 596
605 212 1365 248 ADNOTATIONES

248 322 339 362 ἀει,
365 318 448 358 nisi
479 318 626 357 forsan
659 314 741 354 hoc
762 328 784 352 a
807 310 995 352 librariis
1020 311 1260 364 profectum
1285 310 1353 352 sit.
1386 310 1554 351 SonAN.
1614 310 1717 350 Non

249 382 387 420 solum
410 373 516 415 Cod.
538 373 612 412 W›.
627 404 639 422 ‚
672 369 744 410 sed
765 369 891 409 etiam
914 368 1033 407 Gorl.
1059 368 1311 406 confirmant
1334 367 1562 421 Spanlzemii
1578 381 1716 406 emen-

249 434 489 478 datione1n3
535 442 666 483 quare
696 430 790 480 jure
823 425 987 478 optimo
1018 424 1256 477 Ruclolplms
1297 433 1340 463 et
1386 423 1652 463 Sclzmieclerus
1692 438 1717 462 a

249 493 462 532 Reitziana
479 496 521 526 et
545 484 722 524 omnino
746 492 849 522 vett.
871 481 1098 519 Editorum
1118 481 1325 532 scriptura
1347 491 1622 520 recesserunt.
1654 481 1714 518 Et

250 550 295 588 iu
318 545 510 586 Strabone
529 542 642 591 XII,
664 544 773 591 7,.1ζ.
795 548 836 578 et
858 543 897 580 2.
931 537 1012 576 hoc
1036 536 1223 590 Pisidiae
1248 536 1452 590 oppidum
1488 539 1613 590 vulgo
1640 550 1716 588 pet

252 606 411 657 duplex
435 615 457 642 σ
480 608 718 638 exaratum:
753 603 1047 633 unus-tantum
1071 593 1232 632 [Medic.
1259 594 1365 632 Cod.
1390 594 1571 646 simplex
1594 592 1716 632 exhi·

251 662 334 701 bet.
399 658 596 697 Ceterum
620 653 702 692 toti
720 652 824 690 huic
851 654 948 690 loco
972 650 1241 690 Schmiederus
1262 649 1405 688 turbas
1433 649 1600 699 movet,
1645 648 1719 686 id-

253 731 334 771 que
353 728 512 755 summa
537 710 712 764 injuria.
770 707 908 747 Verba
929 707 1249 760 jamvsuperiora
1263 737 1274 754 ,
1308 704 1359 755 ὡς
1376 702 1560 753 Ἀτθίδος
1577 708 1718 757 δηλον-

253 775 333 822 ότι,
364 781 412 811 ut
439 773 645 824 glossema
666 765 861 814 notavit,
895 777 1003 816 quae
1023 774 1161 802 tamen
1187 763 1414 804 continent
1439 760 1554 803 haud
1588 761 1718 800 dubie

255 829 445 870 acerbam
465 823 811 878 explanationem
829 831 871 861 et
893 820 1250 873 comparationem
1270 834 1357 859 non
1379 820 1491 858 forte
1510 816 1718 861 honorifi-

254 884 554 927 centissimam.
587 877 762 918 Deinde
783 877 931 927 verba,
963 874 1140 931 ἀνέγνων
1160 875 1236 931 γὰρ
1260 879 1497 929 Δημητρίου
1516 879 1722 928 Σαγαλασ-

253 945 377 991 σέως,
408 941 590 980 licenter
606 934 839 974 admodum
868 944 910 973 et
938 932 1207 972 incommode
1241 932 1486 986 parenthesi
1517 931 1717 980 inclusit,

257 1009 300 1041 et
319 1007 418 1052 post
435 991 647 1047 παραπολὺ
672 1005 832 1031 comma
851 990 1023 1043 posuit,
1058 1004 1142 1044 quo
1165 1004 1252 1028 vox
1274 986 1560 1042 Παρθονικικοὶ
1580 987 1632 1026 ad
1653 1001 1722 1024 su·

256 1056 451 1111 periore,
483 1052 602 1099 ἄλλος
618 1046 701 1091 οἷστ.
729 1065 823 1100 παρ.
847 1047 1117 1086 referrentur.
1176 1046 1235 1083 At
1255 1046 1468 1085 Reitziana
1493 1043 1719 1082 verborum

260 1109 566 1157 distinctione,
601 1120 708 1160 quae
729 1104 873 1144 eadem
894 1113 936 1141 et
957 1112 1186 1141 ceterarum
1206 1102 1316 1141 Edd.
1336 1112 1413 1152 est,
1447 1100 1561 1139 nihil
1578 1109 1722 1152 potest

258 1167 496 1221 simplicius
513 1178 603 1203 esse
623 1172 665 1202 et
681 1159 1044 1199 accommodatius
1056 1159 1148 1196 loci
1168 1158 1308 1212 genio,
1340 1157 1545 1211 Denique
1565 1156 1611 1193 in
1633 1169 1724 1195 ver-

255 1226 349 1274 his,
383 1219 476 1266 οὐδ’
496 1218 549 1270 ὦς
565 1251 576 1270 ‚
611 1219 754 1257 deesse
777 1214 942 1268 aliquid
967 1215 1230 1268 suspicatur,
1264 1229 1301 1255 e.
1322 1230 1360 1253 c.
1383 1215 1480 1268 λέγω
1502 1217 1647 1262 ταῦτα’,
1680 1219 1724 1249 et

261 1280 411 1336 paucis
430 1277 536 1318 adeo
555 1285 736 1314 mentem
752 1287 869 1312 suam
884 1272 1103 1325 explicans
1126 1269 1303 1310 omnino
1322 1281 1459 1310 totum
1477 1273 1618 1309 locum
1637 1278 1726 1307 tur-³

259 1339 408 1378 batum
440 1348 530 1375 esse
562 1332 691 1382 dicit,
723 1352 780 1361 --
809 1328 859 1367 ab
887 1329 983 1382 ipso
1013 1328 1180 1367 scilicet
1207 1327 1422 1366 turbatum
1452 1326 1586 1376 dicet,
1620 1324 1726 1378 qui-

261 1407 429 1449 cunque
451 1388 715 1438 meminer-it,
750 1401 876 1441 quam
905 1395 1116 1437 promtum
1150 1384 1206 1437 sit
1227 1385 1273 1422 in
1304 1384 1379 1422 tali
1410 1385 1546 1436 stylo,
1589 1380 1727 1436 qualis

261 1451 390 1503 hujus
410 1448 497 1488 loci
518 1456 601 1496 est,
637 1445 835 1483 omittere
856 1441 1027 1481 verbum
1051 1442 1186 1495 λέγειν.
1249 1440 1330 1481 Sed
1359 1439 1458 1480 vide
1483 1440 1535 1479 L.
1559 1438 1643 1477 Bos
1674 1436 1725 1476 de

256 1507 439 1560 ‚Ellipss.
464 1519 502 1543 v-
527 1503 678 1558 λέγειν,
710 1500 786 1539 ubi
808 1515 848 1553 p.
869 1497 1054 1543 633.'ed.
1080 1498 1242 1554 Schaef.
1270 1496 1384 1535 haud
1418 1510 1576 1550 pauca,
1617 1507 1725 1547 quae

256 1563 368 1603 huic
389 1561 548 1601 similia
567 1560 677 1609 sint,
711 1559 903 1609 exempla
924 1563 1124 1609 congesta
1148 1552 1536 1607 deprehenduntur.
1567 1553 1724 1590 LmrM.
1754 1600 1756 1602 r

378 1639 484 1679 Ibicl.
521 1633 668 1690 Οὐδ’]
703 1634 866 1684 (Deest
885 1649 936 1674 ex
960 1634 1030 1675 Gr.
1050 1638 1174 1674 ταῦτα
1193 1632 1234 1674 δὲ
1253 1633 1423 1686 λελέχθω
1441 1629 1539 1686 ἡμῖν
1561 1627 1637 1673 min
1663 1631 1729 1671 ἐπὶ

263 1699 470 1753 λοιδορίας
499 1696 652 1748 μέρει.)
683 1693 855 1732 Vons'r.
915 1692 1038 1730 Hanc
1071 1691 1224 1730 Vorstii
1253 1692 1470 1737 notulam,
1516 1703 1537 1726 a
1573 1687 1729 1726 Reitzio

264 1750 500 1795 errabundo
523 1751 584 1790 ad'
601 1747 728 1789 verba
753 1762 843 1800 cap.
871 1762 960 1800 seq.
983 1743 1071 1788 ἀλλ’
1095 1743 1184 1788 οὐδ’
1207 1744 1227 1788 ὁ
1249 1751 1411 1800 Μῶμος
1427 1747 1622 1797 relatam,
1655 1743 1727 1782 hic
1785 1791 1789 1796 Ι

251 1815 467 1865 'reponere
489 1807 675 1861 placuit,
709 1819 794 1859 quo
813 1803 1067 1857 pertinebat.
1099 1805 1256 1843 Lmrnr.

257 1936 262 1941 x
376 1889 465 1941 Pag
484 1892 579 1934 206.
602 1888 628 1928 l.
649 1890 688 1929 4.
723 1886 822 1939 Εἴγε
844 1879 993 1934 ἀληθὲς
1012 1880 1139 1924 ἐκεῖνό
1173 1897 1298 1934 φησιν
1328 1878 1354 1934 ἦ
1380 1878 1631 1933 διαλεκτικὴ,
1674 1877 1730 1929 ὥς

263 1951 343 1990 τῶν
360 1944 516 1999 ἀμέσων
538 1940 565 1995 ἦ
584 1943 760 1996 θατέρου
784 1938 922 1992 ἄρσις,
955 1939 997 1980 τὸ
1019 1940 1151 1993 ἕτερον
1174 1937 1334 1986 πάντως
1354 1935 1605 1989 ἆντειςάγει)
1638 1937 1727 1975 Ob-

263 2018 383 2043 scure
406 2009 577 2041 vertunt
598 1999 874 2051 interpretes:
906 1995 1077 2043 simodo
1106 2012 1236 2034 verum
1258 2007 1334 2043 est,
1369 1993 1475 2048 quod
1503 1993 1728 2033 Dialectica

266 2059 408 2104 tradit,
442 2059 622 2103 nimirum
640 2071 768 2103 eorum
781 2085 793 2104 ,
825 2056 924 2092 inter
940 2068 1039 2106 quae
1057 2051 1207 2091 nullum
1222 2063 1275 2090 est
1291 2052 1457 2089 medium
1471 2082 1482 2100 ,
1516 2050 1638 2088 aliero
1658 2049 1730 2088 elc-

264 2128 377 2165 vaio,
410 2114 575 2153 alterum
609 2111 795 2165 deprimi:
835 2105 1100 2163 ἅντειςάγειν,
1140 2123 1227 2146 non
1252 2118 1312 2146 est
1336 2108 1558 2160 deprimere.
1621 2107 1731 2144 Ver-

267 2171 442 2212 tendum
463 2179 547 2209 est:
582 2170 887 2215 contrariorum,
920 2168 1019 2204 inter
1039 2182 1140 2219 quae
1163 2163 1265 2203 nihil
1282 2164 1400 2203 mcclii
1420 2161 1643 2211 intercedit,
1676 2160 1732 2199 si-

266 2243 338 2279 ve,
370 2237 419 2265 ut
443 2240 556 2264 nunc
576 2227 814 2276 loquuntur
837 2223 882 2259 in
905 2221 1064 2260 scholis
1088 2221 1431 2268 dialecticorum,
1476 2218 1733 2258 immediato-

266 2301 352 2324 rum
370 2283 526 2323 sublato
553 2297 628 2320 uno
652 2281 865 2319 necessario
885 2281 1044 2331 ponitur
1061 2278 1238 2316 alterum.
1274 2277 1452 2316 Gnanv.
1513 2275 1614 2314 Non
1635 2288 1732 2327 pos-

266 2351 367 2381 sunt
386 2354 433 2379 ea
459 2348 627 2386 notare,
671 2335 786 2390 quod
815 2337 968 2374 volunt
998 2334 1274 2386 interpreteS,
1316 2348 1468 2381 eorum,
1507 2333 1607 2370 inter
1633 2346 1732 2385 quae

268 2396 420 2436 nullum
441 2406 495 2434 est
511 2393 699 2442 medium,
733 2391 855 2431 altero
884 2390 1052 2439 elevato,
1093 2389 1256 2428 alterum
1280 2400 1418 2428 contra
1443 2388 1626 2441 deprimi,
1658 2384 1732 2424 sed

269 2452 391 2492 aliero
411 2451 568 2492 sublato
593 2452 661 2491 vel
679 2458 858 2503 negato,
887 2463 1048 2501 prorsus
1071 2448 1268 2500 reponitur
1287 2448 1356 2485 vel
1379 2444 1651 2484 confirmatur
1671 2440 1731 2480 al-

270 2519 403 2549 ierum.
437 2509 583 2547 GRON.

381 2576 481 2615 Eacl.
503 2578 530 2614 1.
553 2579 592 2619 6.
611 2570 777 2629 ’Ἀρσις)
817 2572 1008 2614 Vertitur
1029 2571 1187 2611 elevato.
1248 2566 1333 2610 Sed
1355 2566 1601 2608 vertendum
1630 2565 1732 2604 sub-

266 2632 364 2672 lato.
399 2633 575 2671 Gur-ma

380 2687 483 2727 Eacl.
509 2692 570 2729 10.
591 2684 750 2736 ”Ὠςτε)
784 2686 835 2725 In
857 2687 919 2727 M.
944 2684 1042 2724 olim
1071 2685 1209 2723 fuerat
1231 2680 1324 2730 ὤςτε
1346 2681 1551 2731 οἰκοδομεῖ
1568 2677 1645 2734 ἤδη
1664 2679 1734 2721 καὶ

270 2740 404 2793 αὐτός.
463 2742 593 2797 Quod
617 2746 746 2797 longe
768 2751 954 2797 praestat
975 2743 1184 2796 vulgatae.
1217 2739 1386 2778 SOLAN.
