1834 3188
437 173 490 204 1N
525 170 689 203 VERAE
726 171 996 204 msToRlAE
1031 174 1125 205 Lm.
1164 177 1214 208 Π.
1462 169 1563 216 693

89 280 225 309 ratum
248 278 332 319 est,
365 278 414 308 ut
434 283 583 322 parum
605 268 776 309 differat
799 269 850 309 ab
873 272 925 313 ἒν,
957 272 1122 314 ΒΕΙΤΖ.
1183 273 1280 313 Etsi
1305 274 1560 335 Francqfitr-

89 329 206 365 nnsis
235 325 314 365 Ed.
336 341 433 366 vere
462 325 614 366 habeat
637 327 781 377 ἔνοικ.,
813 330 903 380 ejus
926 336 1065 367 tamen
1090 329 1247 378 solius,
1282 345 1357 384 per
1375 346 1418 372 se
1440 337 1558 375 nulla

89 393 151 422 est
173 384 419 425 auctoritas,
451 383 542 422 Imo
568 396 648 421 nec
671 397 778 436 opus
805 393 867 423 est
888 385 1150 437 mutatione,
1183 401 1312 441 quum
1333 385 1442 442 χώρα
1460 405 1558 433 συν-

89 441 305 492 οικουμένη
337 439 448 478 nihil
479 439 654 489 habeat,
692 439 744 478 ob
771 439 887 493 quod
917 440 1234 482 condemnetur.
1296 443 1420 484 Certe
1449 462 1557 486 ean..

87 495 181 535 dem
204 499 328 549 plane
351 497 616 535 locutionem
639 497 822 549 reperias
844 496 958 550 apud
977 498 1274 552 Xenophontem
1299 500 1461 541 Oecon.
1478 504 1554 555 IV,

85 557 126 596 8.
160 551 420 603 Εύπροςίτως
450 563 589 591 autem
625 553 871 591 mutandum
895 567 1004 602 esse,
1026 555 1238 609 quidquid
1264 555 1429 596 dubitet
1449 560 1555 600 Rei-

84 611 206 659 ·lzius‚
240 609 472 649 ostendunt
499 613 581 662 jam
605 608 740 650 Codd.
765 610 876 664 Aug.
899 620 941 649 et
965 610 1083 650 Gorl.
1113 612 1210 663 ubi,
1243 612 1358 668 quod
1380 614 1554 657 Solanus

40 688 45 693 ·
86 675 129 704 et
162 665 349 706 Gesnerus
373 669 664 719 conjecerant,
705 680 803 705 vere
825 666 1005 721 legitur,
1043 665 1289 722 εὖπρόςιτος.
1353 669 1552 713 Ceterum

84 721 196 761 hanc
219 723 406 761 virorum
434 722 604 761 illorum
627 721 967 762 emendationem
987 726 1070 776 jam
1101 725 1354 778 probaverat
1388 727 1551 769 Censor

85 777 206 819 Edit.
228 778 357 818 Reitz.
376 779 421 816 in
442 779 586 818 Novv.
607 779 722 817 Actt.
748 777 910 820 Erudd.
931 793 965 820 a.
988 783 1108 824 1745.
1129 796 1170 834 p.
1189 786 1285 825 247.
1343 783 1549 839 Denique

84 834 197 888 quod
221 836 373 875 vitium
408 835 596 874 Gesnerus
624 835 670 872 in
700 834 941 891 προςῄειμεν
974 835 1177 877 odoratus
1210 848 1322 887 erat,
1362 851 1552 894 arguunt

82 906 200 929 nunc
237 900 420 944 quatuor
455 890 590 930 Codd.
625 893 839 930 recentius
872 893 1040 944 collati,
1087 897 1277 949 legentes
1303 894 1549 953 προῄειμεν,

83 946 198 1002 quod
223 957 336 987 recte
357 948 521 1000 recepit
540 947 824 987 Sclzmiederus.
856 949 1014 988 anw.

193 1003 290 1056 Pag.
315 1009 410 1048 317.
433 1007 461 1042 l.
483 1010 522 1048 2.
563 1007 734 1055 Καίτοι)
784 1004 1038 1060 Legendum
1069 1006 1214 1060 potius
1245 1009 1314 1050 καί
1343 1026 1380 1052 τι
1409 1008 1546 1051 Solan.

80 1074 209 1114 marg.
234 1060 341 1099 Junt.
366 1060 603 1107 adleverat3
646 1060 763 1114 quod
787 1076 873 1100 non
902 1061 1147 1115 improbem.
1177 1064 1340 1107 Rm'rz.
1402 1066 1549 1106 Omis-

81 1131 127 1156 so
155 1119 284 1158 καίτοι
304 1118 411 1156 Mss.
431 1117 565 1172 Regg.
589 1121 712 1161 2954.
739 1127 779 1156 et
802 1123 927 1162 3011.
951 1134 1050 1158 mox
1072 1133 1149 1172 pro
1173 1124 1301 1162 σιτίου
1321 1125 1470 1177 legunt
1492 1138 1549 1166 σι-

79 1176 156 1215 τία.
216 1173 298 1212 Sed
317 1176 535 1212 mallemus
562 1188 655 1212 cum
676 1173 812 1213 Solam.
840 1177 909 1216 καί
929 1192 974 1215 τι.
1006 1176 1102 1216 ΒΗ».
1162 1177 1410 1218 Modestior
1434 1190 1548 1220 certe

81 1240 123 1270 et
151 1230 317 1269 cautior
342 1230 603 1284 Bipontinus,
650 1245 774 1284 quam
802 1230 1098 1279 Schneider-us,
1134 1233 1206 1286 qui
1228 1237 1356 1276 καίτοι
1375 1249 1547 1288 prorsus

81 1287 247 1339 abjecto
270 1300 518 1341 quamquam
538 1285 840 1339 praeeuntibus
862 1289 1028 1341 aliquot
1054 1288 1207 1340 Codd„
1242 1300 1283 1329 et
1304 1295 1408 1332 σιτία
1427 1290 1546 1332 edito

80 1358 158 1396 pro
188 1345 340 1391 σιτίου,
383 1346 525 1381 locum
553 1344 687 1398 magis
726 1342 1000 1396 depravasse,
1035 1358 1160 1398 quam
1186 1347 1428 1388 emendasse
1459 1346 1548 1388 dici

77 1408 231 1453 potest.
277 1399 513 1437 Maximam
536 1408 675 1439 tamen
700 1402 849 1452 culpae
871 1410 1031 1453 partem
1051 1403 1234 1442 sustinet
1252 1403 1437 1454 Belinus‚
1470 1405 1546 1458 qui

78 1454 255 1495 scribat:
292 1454 393 1495 Ceae
412 1456 554 1509 plu-ase
587 1457 644 1507 (i.
666 1471 699 1497 e,
725 1457 936 1495 sententia
956 1456 1070 1506 loci)
1102 1460 1167 1498 ηά
1193 1462 1307 1512 point
1339 1460 1469 1510 besoiri
1499 1461 1546 1509 de

78 1511 276 1569 correctis
286 1514 326 1550 ni
347 1511 394 1550 (lc
415 1514 654 1562 restriction,
691 1523 724 1551 et
747 1528 788 1551 ce
807 1515 902 1551 n’est
924 1530 996 1566 (sue
1017 1513 1116 1552 (lans
1147 1531 1208 1554 ces
1229 1515 1336 1555 deum
1361 1533 1446 1556 sens
1474 1534 1546 1572 que

76 1569 157 1609 Z’on
179 1579 270 1622 peut
293 1567 486 1622 employa·
515 1571 693 1610 καίτοι
722 1571 815 1609 καί.
876 1569 1029 1609 Verte:
1069 1587 1306 1625 quamquam
1329 1575 1466 1622 etiam,
1503 1583 1546 1612 et

77 1626 189 1663 senti
211 1625 338 1662 simul
358 1624 541 1673 genitivi
563 1625 761 1679 partitivi
784 1625 1050 1679 elegantiam.
1112 1629 1401 1680 Aquationem
1421 1629 1544 1668 scili-

79 1690 146 1720 cet
167 1690 308 1718 narrat
333 1689 481 1719 auctor
501 1695 588 1719 non
613 1696 741 1719 unam
769 1680 938 1734 quidem
956 1712 968 1733 ‚
1000 1681 1073 1721 sed
1105 1691 1244 1722 tamen
1274 1678 1542 1738 praecipuam

78 1737 213 1775 fuisse
234 1750 442 1786 caussam,
477 1751 550 1775 cur
572 1737 830 1790 appulerint.
876 1738 1198 1777 Frumentorum
1220 1739 1394 1793 inopiae
1417 1742 1541 1780 etiam

78 1794 158 1832 alia
191 1793 303 1832 forte
342 1793 410 1830 via
436 1794 626 1831 succurri
655 1793 814 1844 potuit.
878 1793 1074 1832 Ceterum
1112 1809 1189 1834 nec
1224 1795 1336 1848 quod
1370 1797 1543 1838 Solemus

79 1849 251 1899 maluit,
282 1850 349 1890 καί
365 1867 400 1890 τι
418 1851 483 1891 καὶ
505 1849 722 1903 inelegans
745 1850 856 1888 foret
878 1851 1030 1899 lectio,
1063 1849 1291 1890 dummodo
1314 1866 1456 1892 caussa
1477 1868 1541 1893 es-

77 1916 162 1955 set,
198 1906 249 1944 ob
274 1920 397 1959 quam
421 1908 592 1960 vulgata
614 1915 858 1944 mutaretur.
888 1907 1043 1948 Lmrm.

191 1961 292 2001 End.
312 1965 338 2002 l.
360 1967 423 2005 12.
460 1961 704 2016 Κτείνομεν)
736 1963 792 2000 Et
815 1962 876 2000 sic
900 1977 990 2000 cum
1012 1963 1049 2004 J.
1074 1962 1226 2003 habere
1244 1964 1305 2004 FZ.
1326 1974 1367 2004 et
1387 1965 1444 2006 H.
1465 1980 1540 2006 no-

80 2029 190 2058 rarat
215 2018 415 2072 Solanus5
447 2018 517 2058 sed
546 2019 766 2057 habentet
789 2019 910 2057 aliae.
970 2018 1056 2057 Cur
1089 2029 1227 2059 autem
1258 2022 1539 2062 variationem

81 2075 326 2130 quaesivit?
371 2075 471 2129 quia
491 2073 706 2128 ἐδιώκομεν
733 2084 774 2114 et
795 2078 996 2128 κτείνομεν
1019 2074 1182 2115 diversa
1207 2087 1305 2116 sunt
1323 2087 1536 2132 tempora,

79 2135 263 2185 ideoque
285 2130 479 2185 διώκομεν
498 2133 644 2184 potius
667 2133 751 2186 legi
776 2132 870 2185 quis
894 2132 1034 2180 malit3
1068 2131 1110 2169 id
1130 2132 1242 2184 quod
1269 2147 1345 2172 nec
1367 2149 1443 2188 ego
1463 2135 1538 2173 im-

75 2189 354 2243 ]›zobaverim.
422 2191 573 2227 Verum
596 2189 638 2226 in
663 2188 803 2227 eadem
829 2189 907 2226 hac
928 2188 1040 2229 Hist.
1060 2187 1104 2225 id
1125 2189 1309 2227 occurrit
1333 2189 1436 2230 adeo
1457 2192 1537 2230 fre-

80 2255 282 2300 quanter²
327 2255 374 2282 ut
407 2244 552 2282 studio
582 2254 770 2296 tempora
804 2245 986 2284 variasse
1015 2243 1210 2283 videatur
1238 2255 1407 2286 auctor:
1441 2262 1534 2285 nani

77 2317 151 2340 cur
184 2304 328 2354 paullo
356 2312 453 2339 ante
482 2316 566 2339 non
595 2301 695 2340 item
718 2301 927 2355 quaesivit
951 2302 1220 2350 varietatem,
1264 2317 1356 2340 cum
1377 2305 1536 2358 legeret

77 2360 266 2407 ἐῴίωκον,
297 2359 364 2398 καὶ
386 2355 653 2409 λαμβάνουσι,
688 2367 729 2396 et
755 2361 899 2409 paullo
923 2367 1020 2408 post
1047 2355 1323 2411 λαμβάνομεν,
1362 2361 1428 2400 καὶ
1447 2357 1533 2401 ἅνε-

8 2413 51 2464 ’γ
76 2416 298 2468 στρέφομεν
329 2430 406 2466 pro
439 2412 599 2466 ιῖναστρ.
636 2423 677 2453 et
699 2429 788 2465 cap.
810 2420 877 2458 46.
901 2413 1030 2464 εἶδον,
1063 2415 1129 2456 καὶ
1151 2413 1435 2469 συλλαμβάνω,
1467 2418 1534 2458 καὶ

75 2471 312 2524 ἀνέκρινον·
345 2480 391 2508 ut
418 2472 498 2510 a‘lia
527 2472 702 2509 mittam.
737 2471 1077 2523 Conjunctiones
1104 2470 1215 2510 enim
1243 2472 1400 2511 similia
1430 2481 1531 2512 tem-

73 2544 175 2581 pora
200 2542 283 2565 non
307 2541 470 2581 regere,
503 2541 625 2580 supra
649 2530 728 2578 jam
752 2525 953 2568 diximus.
1013 2528 1071 2566 Et
1092 2542 1143 2566 ex
1162 2527 1335 2567 Latinis
1358 2528 1531 2568 sexcen-

76 2595 117 2622 ta
138 2584 291 2622 similia
314 2585 500 2635 proferre
521 2584 685 2631 liceret,
720 2592 766 2620 ut
786 2582 949 2622 Sallust.
970 2584 1069 2637 Jug.
1096 2599 1130 2623 e.
1155 2589 1247 2628 113·
1265 2590 1304 2627 7·
1336 2584 1530 2639 Jugurllza

78 2639 213 2679 Sullae
230 2643 380 2680 vinctus
404 2640 597 2689 traditur,
629 2651 662 2678 ct
681 2639 730 2678 (ιό
753 2656 794 2678 eo
816 2638 870 2678 acl
891 2640 1069 2680 Il'larium
1091 2639 1288 2680 deductus.
1350 2641 1464 2695 Quin
1490 2652 1530 2679 et

77 2695 225 2736 modus
257 2697 445 2737 diversus·
473 2695 683 2737 interdurn
718 2696 1064 2750 conjunctionem
1098 2698 1309 2753 sequitur,
1348 2708 1396 2738 ut
1417 2698 1528 2752 apud
