1834 3188
432 226 486 256 m
523 225 710 256 znvxm
745 224 837 256 VEL
873 222 1179 255 Anrrocmm.
1457 214 1560 263 499

91 339 186 364 cum
208 337 283 373 eo,
318 337 442 377 quem
465 323 561 377 quis
582 324 792 361 allocutus
814 321 893 370 sit,
927 320 1092 376 generis
1113 329 1228 361 sunt.
1286 321 1362 363 Sic
1377 324 1555 366 Timon·

89 381 162 421 fin.
188 379 242 420 ad
261 381 475 448 Blepsiam
497 379 688 448 pioxime
713 393 940 418 conversus
969 379 1124 417 Timon
1146 377 1250 418 haec
1271 380 1310 418 ei
1337 380 1500 420 verba
1487 395 1553 422 ιιι·

90 441 262 477 clamat.
307 432 408 478 Ἀλλ’
452 434 526 478 οὐκ
557 432 752 489 ἆναιμωτί
778 452 823 489 γε
851 433 1018 488 ὑμεῖς,
1061 431 1154 477 ουδὲ
1184 434 1280 477 ἄνευ
1310 435 1548 490 τοαύματυς,

87 493 335 548 significans
365 493 450 532 hoc
472 492 633 531 Plurali
664 491 818 542 simul,
854 492 927 546 qui
957 506 1049 530 cum
1072 492 1242 544 Blepsia
1265 503 1406 543 erant,
1439 495 1552 535 Gni-

87 550 297 603 phonem,
329 549 582 598 Lachetem,
616 559 659 588 et
690 548 892 601 reliquos.
955 548 1028 587 Sic
1053 549 1187 587 Diall.
1218 549 1373 589 Mortt.
1397 551 1456 591 II.
1489 552 1548 595 in.

88 608 238 670 Pluto,
271 615 494 660 postquam
519 605 701 645 Croesus
720 618 796 643 suo
819 614 861 643 et
881 604 1178 658 Sardanapali,
1210 614 1253 645 et
1273 606 1438 658 Midae,
1472 623 1551 648 no-

85 663 202 701 mine
223 663 484 727 Menippum
506 669 801 707 accusaverat,
833 660 950 700 hunc
973 661 1175 700 Croesum
1211 662 1407 729 proxime
1429 679 1550 704 com-

85 722 240 772 pellat,
277 719 422 787 quasi
431 733 524 756 cum
554 717 730 785 reliquis
762 730 933 771 quoque
963 731 1114 771 agens,
1155 721 1199 758 Ti
1232 713 1272 760 6’
1301 716 1434 772 ὑμᾶς
1461 724 1551 763 δει-

83 773 159 817 νὸν
181 773 380 830 ἐργάζεται.
403 772 624 828 ὁμόνεκρος
645 772 713 815 ὤν.
743 773 835 823 SiC,
866 783 915 812 ut
933 788 1063 812 unum
1087 772 1225 814 adhuc
1245 773 1409 827 addam,
1414 737 1546 820 Sibid.

84 832 220 870 Dian.
243 832 326 882 VI,
346 838 386 876 3
414 845 508 869 cum
544 845 630 870 uno
651 829 887 882 Terpsione
913 829 1161 884 heredipeta
1191 844 1344 885 agens,
1377 834 1549 902 nffemine

84 898 299 941 praeterea
330 887 546 937 adstante,
579 888 708 926 Pluto
738 885 893 926 haecce
922 886 1050 926 dicit:
1100 891 1231 929 Ταῦτα
1255 888 1346 941 μὲν,
1380 890 1410 931 ὦ
1448 896 1548 944 Τερ-

84 947 215 997 ψίων,
247 943 352 986 πολὺ
367 940 613 997 συνετώτεροι
616 945 798 1008 γίνεται,
828 942 929 998 ἤπερ
961 944 1041 985 σοὶ
1074 945 1194 987 δοκεῖ.
1235 946 1304 986 καὶ
1331 943 1475 998 ὐμεῖς
1505 948 1548 989 δὲ

84 1003 191 1052 (jam
222 1001 487 1040 convertitur
519 999 657 1040 oratio
682 999 733 1039 ad
763 1000 948 1054 reliquos
974 998 1159 1052 ejusdem
1191 1014 1283 1039 cum
1308 1003 1546 1056 Terpsione

83 1058 197 1097 vitae
221 1057 414 1110 generis)
443 1058 481 1098 τί
496 1056 699 1106 παθόντες
715 1052 935 1109 ἀλλοτρίοις
956 1057 1193 1110 ἔπιχαίνετες
1255 1057 1371 1110 Quin
1394 1073 1458 1099 res
1480 1061 1547 1113 ip-

79 1128 125 1152 sa
148 1112 257 1152 hanc
287 1112 458 1153 dicendi
487 1114 696 1154 rationem
726 1127 814 1152 non
848 1123 993 1153 tuetur
1018 1116 1180 1162 solum,
1215 1113 1288 1154 sed
1312 1115 1438 1154 etiam
1460 1131 1546 1155 ma·

80 1171 193 1208 xime
225 1169 503 1211 commendat.
572 1171 721 1225 Neque
749 1169 853 1209 adeo
892 1183 1019 1221 opus
1029 1179 1144 1218 erat,
1189 1177 1239 1209 ut
1267 1170 1312 1209 in
1345 1174 1543 1213 versione

80 1225 210 1278 hujus
238 1226 374 1265 nostri
401 1226 488 1266 loci
515 1226 720 1276 Gustu-rus,
754 1239 839 1278 quo
870 1226 1066 1266 transitus
1100 1225 1384 1274 indicaretur,
1418 1228 1544 1269 adde-

80 1292 144 1321 ret
167 1296 312 1321 vocem
348 1298 436 1329 vos,
471 1298 593 1337 quam
626 1285 824 1322 consulto
854 1281 1190 1335 praetermisisse
1207 1283 1424 1337 putandus
1445 1299 1542 1324 auc·

82 1348 161 1380 tor.
221 1339 331 1378 Nam
350 1340 574 1390 sequentia
599 1354 769 1394 quoque
786 1337 837 1376 ad
861 1353 991 1377 unum
1011 1339 1274 1378 Miccivonem
1299 1355 1320 1379 a
1340 1340 1542 1381 Zeuxide

81 1394 344 1435 dicebantur.
407 1395 526 1448 Quae
561 1407 699 1437 autem
724 1410 776 1435 ex
797 1395 1068 1449 Aristophane
1096 1405 1137 1436 et
1165 1396 1339 1436 Aeliano
1364 1396 1543 1443 Reitzius

79 1451 132 1488 ad
159 1450 451 1490 illustrandam
483 1451 594 1490 hanc
626 1451 799 1492 dicendi
826 1453 1003 1490 formam
1035 1453 1209 1504 repetiit
1236 1456 1451 1507 exempla,
1492 1467 1541 1494 ea

76 1509 158 1560 jam
178 1516 322 1559 patere
340 1517 472 1560 puto,
505 1508 680 1547 minime
700 1508 784 1547 huc
804 1509 1030 1561 pertinere.
1075 1509 1235 1550 LmrM.

191 1563 295 1604 Ead.
317 1567 344 1602 1.
359 1569 396 1608 8.
435 1569 522 1606 Των
541 1563 580 1606 6'
600 1567 651 1615 ἐφ
658 1561 794 1631 ’ὅτῳ)
823 1564 924 1604 Νοιι
946 1575 1052 1617 puto
1072 1576 1185 1604 recte
1207 1547 1431 1606 cohaerere
1447 1568 1540 1605 vul·

79 1628 218 1688 gatam
236 1620 464 1660 lectionem
489 1625 568 1662 τῶν
597 1620 636 1663 6’
670 1617 735 1672 ἐφ’
772 1619 872 1671 ότῳ·
907 1620 977 1660 sed
1007 1621 1264 1675 respondere
1283 1622 1364 1660 sibi
1387 1622 1540 1662 debere

74 1680 147 1718 τοῦ
178 1672 218 1732 6
242 1671 311 1727 ἐφ’
343 1674 431 1732 ότῳ.
496 1677 737 1717 Gran-ianae
759 1676 1069 1717 emendationis
1092 1678 1343 1719 sententiam
1368 1689 1538 1718 secutus

77 1747 190 1780 sum3
223 1732 297 1772 sed
329 1747 418 1772 eam
448 1737 588 1773 locum
618 1733 770 1773 habere
799 1748 921 1786 posse
947 1727 1169 1786 putabam,
1202 1744 1244 1773 et
1274 1735 1309 1773 si
1337 1735 1445 1773 illud
1479 1738 1542 1776 δεῖ

75 1803 162 1828 ιιοιι
198 1789 454 1837 inseramus,
495 1789 567 1829 sed
595 1790 897 1843 intelligamus.
957 1791 1098 1829 Decet
1129 1790 1282 1833 iratum
1313 1800 1354 1829 et
1383 1802 1537 1829 stoma-

77 1845 274 1884 chantem
299 1845 475 1898 abrupta
500 1846 651 1885 oratio.
688 1847 823 1887 Gnsn.
894 1845 1009 1884 Illud
1033 1849 1130 1895 ἴσως
1160 1851 1251 1896 τοῦ,
1286 1846 1399 1899 quod
1426 1846 1534 1888 Cod.

73 1903 127 1941 L.
147 1915 247 1955 prae
270 1916 315 1941 se
334 1903 440 1953 fert,
474 1905 650 1957 glossam
685 1905 794 1950 olet,
829 1916 951 1955 quam
986 1903 1081 1955 quis
1112 1905 1355 1955 conjectans
1388 1904 1535 1941 forsan

72 1962 150 2000 τοῦ
168 1971 246 2010 pro
263 1963 342 2000 τῶν
361 1959 612 2012 legendum,
645 1957 791 2012 (quod
815 1972 914 1997 sane
937 1967 1079 1997 verum
1102 1959 1240 2008 foret)
1262 1959 1441 2013 margini
1465 1958 1538 1996 ad-

72 2024 294 2067 posuerat,
338 2029 530 2069 quaeque
558 2015 734 2065 deinde,
768 2014 882 2068 qu9d
914 2028 1038 2067 saepe
1065 2015 1154 2053 fieri
1187 2025 1337 2054 notum
1370 2024 1453 2064 est,
1488 2015 1535 2054 in

71 2079 236 2108 textum
259 2071 310 2108 ab
332 2071 531 2123 imperito
551 2080 613 2111 est
635 2071 828 2112 admissa.
858 2071 1022 2113 Rm‘rz.
1082 2071 1212 2110 Facio
1232 2086 1326 2110 cum
1352 2070 1531 2120 Gesner-o,

75 2124 193 2178 quod
217 2129 282 2167 δεῖ
307 2127 515 2180 intelligi,
547 2142 635 2166 non
664 2128 819 2175 inseri,
852 2130 964 2167 vult:
1005 2141 1092 2166 non
1128 2127 1242 2167 facio
1273 2142 1367 2165 cum
1392 2141 1464 2178 eo,
1494 2127 1532 2166 si

69 2186 147 2224 τοῦ
175 2182 345 2234 potiUS,
369 2196 502 2249 quam
532 2188 612 2225 τῶν
640 2181 692 2234 6,
724 2184 899 2224 rescribi
928 2183 1062 2236 jubet.
1122 2183 1303 2222 Pluralis
1335 2183 1446 2222 enim
1470 2197 1533 2222 re-

71 2238 271 2291 quiritur,
307 2239 382 2291 qui
400 2242 531 2278 varias
559 2240 739 2280 virtutes
760 2240 937 2287 indicet
973 2254 1148 2309 quarum
1175 2240 1335 2279 Zeuxis
1358 2238 1475 2289 dicit,
1508 2254 1531 2278 a

71 2294 384 2348 spectatoribus
412 2298 569 2334 nullam
599 2294 744 2336 haberi
767 2296 989 2336 rationem.
1045 2293 1144 2346 Ἐφ’
1165 2294 1242 2351 ὅτῳ
1273 2305 1412 2334 autem
1437 2309 1527 2334 nou

71 2351 306 2391 arctissime
327 2365 421 2389 cum
449 2356 528 2392 τῶν
550 2349 587 2394 6'
607 2352 822 2401 cohaeret,
857 2351 930 2392 sed
957 2351 1008 2390 ad
1028 2362 1163 2392 totam
1189 2339 1442 2397 sententiam
1464 2366 1528 2390 se·

70 2416 270 2460 quentem
291 2407 583 2456 referendum,
618 2411 654 2450 εἰ
668 2413 800 2456 καλῶς
823 2409 918 2461 ἔχει,
951 2409 1021 2449 καὶ
1040 2406 1140 2450 κατὰ
1157 2406 1230 2461 τὴν
1248 2409 1402 2460 τέχνην.
1445 2409 1528 2445 Ta-

70 2466 132 2503 les
153 2473 291 2502 autem
319 2464 673 2516 transpositiones
701 2464 921 2504 verborum
951 2478 1039 2503 non
1069 2464 1297 2504 abhorrent
1317 2463 1367 2502 ab
1389 2476 1439 2502 eo
1463 2463 1525 2501 af·

71 2519 209 2571 fectu,
242 2521 316 2574 qui
337 2520 376 2558 h.
398 2523 425 2560 1.
449 2521 656 2559 Zeuxidis
679 2530 754 2560 est.
818 2521 886 2559 Cf.
910 2521 978 2559 De
996 2521 1132 2560 Merc.
1155 2518 1291 2559 Cond.
1312 2524 1425 2562 c.41.
1448 2519 1525 2558 ubi

72 2575 199 2614 verba
222 2593 290 2619 και
321 2575 426 2629 μάλα
452 2575 613 2624 εἰκότως
641 2577 796 2615 inserta
826 2578 1049 2630 leguntur,
1081 2586 1123 2616 et
1141 2589 1239 2629 prae
1261 2590 1309 2618 ea
1331 2575 1526 2617 enuntia·

71 2630 191 2670 tione
211 2635 430 2684 collocata,
451 2647 573 2686 quam
594 2632 765 2686 proprie
784 2632 906 2685 sequi
931 2631 1152 2671 debebant.
1199 2633 1388 2685 Sequens
1411 2631 1525 2671 enim

71 2684 150 2743 γὰρ
171 2689 407 2728 necessario
427 2703 520 2728 cum
542 2689 632 2739 his,
666 2690 731 2730 καὶ
753 2687 860 2741 μάλα
884 2686 1065 2738 εἰκότως,
1097 2697 1237 2728 mente
1259 2698 1323 2726 est
1346 2690 1524 2753 conj-un·

72 2742 270 2798 gendum.
332 2744 529 2786 Ceterum
560 2745 611 2785 de
639 2745 825 2786 lectione
859 2743 964 2787 Cod.
984 2745 1040 2785 L.
1062 2747 1157 2793 ἴσως
1184 2749 1263 2787 τοῦ
1289 2744 1523 2785 rectissime

1135 2801 1249 2846 Ii2
