1834 3188
334 153 431 199 104
823 170 1231 204 Lucr=AN1

188 265 426 318 Ρ.8ι6.μὲν,
457 265 628 309 πέλεκυν
656 267 901 326 κατέφερεν,
933 266 960 322 ἡ
989 269 1052 320 δὲ,
1082 266 1230 324 λόγχην
1257 266 1399 322 ἠφίει,
1429 268 1457 323 ἡ
1487 271 1548 322 δὲ,
1582 275 1640 328 τῷ
1658 273 1713 323 ξί-

334 350 404 386 φει
425 333 576 389 ἐχρῆτο.
615 336 682 377 καὶ
702 339 760 385 τίς
778 338 832 379 ἔτι
859 335 910 381 ἂν
933 334 1161 391 οἷπιστήσειε
1179 341 1302 378 ταῦτα
1327 339 1479 394 λέγοντι
1497 336 1630 398 αὕτῷ,·
1661 336 1715 382 ἆ-

331 398 514 443 κὸλουθα
545 400 622 458 γάρ
654 408 702 460 τῇ
732 401 859 462 ἀρχῇ,
890 408 980 461 περὶ
1009 401 1060 459 ἧς
1086 408 1204 461 ἐχρῆν
1232 400 1329 446 εὐθὺ
1347 407 1388 454 z)
1422 414 1585 450 σκοπεῖν
1606 410 1714 462 εἴπερ

332 470 489 519 δεκτέα,
521 472 587 512 καὶ
616 475 653 514 εἰ
674 476 924 529 συγχωρητέα
947 471 1072 524 οὕτως
1092 476 1208 529 ἔχειν.
1256 470 1307 526 ἢν
1325 468 1361 515 δ’
1384 476 1433 525 ει)
1466 474 1569 526 ἅπαξ
1589 478 1715 518 ἐκεῖνα

332 540 434 594 δῷς,
467 539 621 591 ἐπιρῥεῖ
636 538 684 581 τὰ
710 542 853 593 λοιπὰ,
886 543 955 584 καὶ
978 541 1122 584 οὔποτε
1152 538 1352 594 στήσεται,
1384 544 1451 584 καὶ
1472 542 1515 586 τὸ
1536 541 1717 586 (Ξπιστεῖν

332 602 472 655 αὐτοῖς
503 605 578 649 οὐκ
606 608 660 648 ἔτι
686 606 851 664 ῥᾴδιον,
883 611 1037 663 ἐπείπερ
1061 607 1294 662 ἀκόλουθα,
1325 611 1395 652 καὶ
1423 608 1543 664 ὅμοιά
1568 614 1648 654 ἐστι
1666 617 1717 669 τῇ

191 691 227 724 p.
241 684 322 725 817·
334 677 637 729 συγχωρηθείσῃ
660 672 774 733 ἆρχῇ·
804 676 906 733 ὅπερ
926 679 993 720 καὶ
1013 675 1125 731 ὑμεῖς
1144 677 1320 732 πάσχετε.
1351 675 1431 720 ὑπὸ
1455 676 1529 734 γάρ
1550 679 1599 733 δὴ
1622 681 1718 734 ἔρω-

331 759 412 793 τος,
443 744 509 784 καὶ
533 747 781 798 προθυμίας,
808 743 882 789 οὐκ
902 745 1152 797 ἐξετάσαντες
1168 745 1215 788 τὰ
1238 744 1337 788 κατὰ
1355 744 1427 799 τὴν
1449 749 1605 796 εἷ’ςοδον
1630 745 1719 791 ἑκά-

333 823 443 863 στην,
461 808 570 860 ὅπως
585 808 679 864 ὑμῖν
693 814 781 867 ἔχει,
797 821 1037 870 προχωρεῖτε
1054 812 1134 857 ὖπὸ
1152 820 1223 868 τῆς
1236 811 1482 864 οἷκολουθίας
1495 814 1717 870 ἑλκόμενοι,

334 873 409 920 οὐκ
437 879 676 930 ἐννοοῦντες
704 884 744 923 εἷ’
767 899 822 938 πῃ
845 878 892 936 h)
924 881 1069 939 γένοιτ’
1105 881 1156 925 ἂν
1188 878 1422 925 ἀκόλουθόν
1459 900 1496 924 τι
1526 878 1638 941 αὐτῷ
1656 883 1720 936 ⁰),

331 949 401 990 καὶ
423 953 577 1002 ψεῦδος
596 946 656 992 ὅν.
691 947 801 1002 οἷον,
835 954 946 1002 εἴτις
963 954 1070 1008 λέγοι
1093 948 1138 1004 d)
1169 949 1216 993 τὰ
1238 953 1296 1001 δὶς
1318 952 1455 1001 πέντε,
1488 949 1584 992 ἔπτὰ
1606 949 1720 1000 εἶναι,

332 1016 401 1057 καὶ
431 1015 479 1057 σύ
510 1016 758 1067 πιστεύσειας
778 1016 912 1076 αὐτῷ,
945 1019 999 1074 μὴ
1025 1019 1257 1074 ἀριθμήσας
1289 1022 1352 1063 ἐπὶ
1377 1023 1552 1070 σαυτοῦ,
1586 1018 1726 1068 ἐπάξει

335 1082 606 1137 δηλαδή,..ὅτι
638 1087 704 1127 καὶ
734 1084 912 1141 τετράκις
943 1088 1078 1139 πέντε,
1119 1091 1466 1142 τεσσαρεςκαίδεκα
1488 1089 1531 1138 e)
1563 1086 1727 1136 πάντως

333 1150 435 1202 ἐστὶ,
449 1153 517 1195 καὶ
540 1154 671 1208 μέχρις
693 1151 743 1195 ἂν
760 1152 854 1197 ὅτου
874 1151 915 1211 f)
948 1154 1142 1210 ἐθελήσῃ·
1175 1155 1242 1200 οἷα
1263 1158 1331 1199 καὶ
1351 1154 1378 1210 ἡ
1395 1155 1608 1211 θαυμαστὴ
1629 1173 1722 1211 γεω-

382 1254 424 1298 z)
449 1250 598 1295 εὐθύ]
635 1250 753 1295 εὔθῦς
782 1266 882 1301 2954..
912 1263 956 1291 ut
981 1259 1186 1301 lVesseZing.
1214 1259 1323 1301 jussit
1351 1258 1485 1297 scribi,
1513 1264 1549 1291 et
1575 1258 1726 1303 scripsit

426 1301 541 1334 Schm.
581 1301 651 1333 Sed
673 1302 745 1335 vid.
769 1303 904 1336 Adnot.
970 1311 1011 1341 a)
1039 1301 1102 1348 δ’]
1130 1304 1169 1340 δὲ
1188 1315 1287 1349 2954-
1307 1316 1408 1348 5011.
1431 1305 1544 1337 Sclzm.
1609 1305 1656 1343 b)
1683 1305 1731 1339 εἴ

427 1347 508 1392 πῃ]
535 1347 622 1390 „Sic
643 1347 734 1380 Edd.
757 1355 796 1381 et
813 1350 852 1383 P.
886 1349 968 1391 εἴτι
990 1352 1049 1383 W.
1074 1358 1109 1384 et
1136 1353 1199 1384 Ex.
1222 1352 1302 1383 Fl.“
1351 1352 1412 1384 Sic
1433 1357 1470 1384 et
1490 1362 1591 1394 3011.
1621 1350 1720 1396 εἴπερ

430 1392 660 1432 conj..50lcm.
713 1396 754 1436 c)
783 1393 931 1441 αὐτῷ]
958 1397 1341 1440 ‚,1tahabetC0d.M.
1358 1403 1393 1429 et
1414 1397 1506 1431 Edd.
1529 1397 1723 1433 AMPLJ.

426 1438 571 1471 H.B.2.
591 1434 715 1473 αὐτῶν
725 1441 806 1473 Par.
821 1442 1016 1477 S.A1nst.“
1065 1443 1111 1485 d)
1140 1442 1299 1487 λέγοι]
1319 1443 1407 1485 „Sic
1427 1444 1481 1476 M.
1502 1439 1592 1485 λέγει
1604 1443 1725 1475 Edd.“

428 1485 470 1526 e)
496 1496 669 1529 τεσσαρ
683 1488 959 1531 εςκαίδεκα]
987 1490 1042 1521 Ita
1062 1490 1242 1533 scriptum
1261 1489 1447 1532 reperitur
1467 1489 1502 1520 in
1522 1488 1615 1521 Edd.
1633 1495 1724 1522 vett.

428 1535 466 1562 et
487 1530 603 1564 codd.
625 1543 726 1575 2954.
744 1544 847 1576 501¹·
899 1534 969 1567 Sed
989 1537 1107 1569 Reitz.
1126 1535 1271 1577 nescio,
1298 1546 1372 1578 quo
1395 1546 1435 1567 ex
1454 1534 1582 1578 fonte,
1609 1534 1724 1567 edidit

427 1580 758 1621 τεσσαρακαίδεκα,
787 1585 824 1613 et
850 1586 1005 1613 recentt.
1031 1586 1169 1614 temere
1197 1581 1313 1613 secuti
1335 1587 1432 1615 sunt.
1480 1580 1561 1615 Vid.
1586 1581 1723 1613 Adnot.

426 1621 466 1665 f)
495 1619 637 1666 ὅπου]
664 1626 750 1666 „Ita
769 1626 847 1658 sola
871 1626 901 1660 J.
941 1627 1092 1659 Ceterae
1112 1627 1158 1659 ad
1184 1638 1295 1659 unam
1317 1637 1445 1659 omnes
1465 1638 1552 1659 cum
1571 1627 1625 1659 M.
1651 1623 1724 1663 ὅτε.

430 1668 503 1701 Sed
522 1670 562 1703 P.
582 1670 673 1706 Cod.
695 1666 794 1706 ὅτι.“
835 1669 921 1707 ’Ὅτε
941 1673 1054 1706 etiam
1077 1682 1178 1716 2954.
1198 1683 1257 1715 30¹
1271 1685 1299 1705 1.
1349 1672 1418 1705 Sed
1438 1672 1601 1714 Βείιηιιε,
1626 1673 1725 1706 nihil

429 1713 588 1749 istorum
620 1718 805 1761 probans,
843 1718 996 1759 conjicit
1023 1715 1131 1760 ὅποι,
1158 1730 1231 1762 quo
1265 1717 1360 1751 nihil
1389 1728 1482 1764 opus
1508 1724 1582 1764 est,
1610 1730 1728 1764 quum

428 1761 632 1804 genuinam
652 1762 856 1798 lectionem
872 1766 1018 1798 Juntina
1037 1764 1262 1811 suppeditet.

338 1866 465 1892 unam
489 1853 692 1908 dejecisse
711 1858 914 1910 securim,
945 1861 1003 1897 al-

339 1918 470 1948 teram
495 1912 681 1952 emisisse
701 1917 904 1965 lanceam,
922 1925 1002 1954 ter-

338 1964 440 2003 tiam
464 1981 579 2006 usam
600 1969 760 2023 gladio.
821 1972 879 2009 Et
906 1970 1003 2025 quis

339 2019 480 2060 adhuc
500 2023 622 2063 fidem
646 2036 820 2080 negaret
851 2026 1004 2066 dicen-

339 2076 375 2114 ti
406 2078 543 2117 talia?
592 2084 860 2122 conveniunt
889 2083 1002 2122 enim

339 2133 585 2186 principio,
641 2136 691 2175 de
735 2152 820 2192 quo
860 2139 1002 2177 statim

339 2188 573 2229 videndum
623 2203 712 2233 erat
731 2226 742 2244 ,
803 2205 1003 2247 possetne

339 2245 496 2298 recipi,
533 2257 575 2286 et
598 2264 651 2287 an
682 2251 1002 2291 concedendum

338 2300 413 2351 sit,
466 2317 550 2341 rem
583 2305 642 2343 ita
675 2305 844 2347 habere.
915 2306 1003 2346 Ubi

337 2370 438 2395 vero
463 2363 588 2399 semel
610 2361 680 2399 illa
705 2363 897 2413 dederis,
932 2362 1000 2401 ad-

339 2409 479 2452 fluunt
521 2418 642 2470 quasi
679 2419 869 2472 reliqua,
923 2433 1001 2458 nec

337 2481 514 2521 usquam
544 2473 802 2523 subsistent,
838 2476 1005 2527 ipsum-

344 2537 425 2575 que
451 2525 558 2565 illud
587 2543 739 2583 negare
768 2530 891 2569 fidem
916 2545 1005 2569 non

341 2581 423 2642 jam
448 2581 590 2643 facile,
624 2600 716 2624 cum
742 2601 1004 2640 consequen—

341 2644 401 2698 tia
424 2649 509 2699 sint
530 2649 571 2677 et
599 2643 810 2681 concessis
834 2643 1007 2696 princi-

342 2704 425 2742 pns
457 2695 636 2735 snnilia:
685 2697 799 2751 quod
833 2698 1005 2751 quidem

1061 1859 1186 1899 vobis
1215 1856 1385 1899 accidit.
1450 1857 1553 1896 Prae
1583 1871 1725 1897 amore

1061 1916 1173 1955 enim
1216 1924 1257 1954 et
1286 1913 1456 1963 studio,
1508 1927 1595 1951 non
1624 1923 1725 1951 ante

1048 1975 1285 2025 &explorato
1309 1970 1374 2007 uti
1405 1983 1448 2008 se
1479 1969 1607 2011 vobis
1640 1969 1726 2006 ha—

1060 2028 1217 2076 beant,
1282 2039 1390 2079 quae
1448 2034 1548 2063 sunt
1612 2025 1725 2064 circa

1060 2096 1409 2135 unumquemque
1461 2082 1726 2135 ingressum,

1061 2138 1325 2192 proceditis,
1359 2139 1485 2176 tracti
1518 2152 1539 2175 a
1571 2152 1726 2177 conse-

1063 2195 1259 2249 quentia,
1322 2208 1408 2232 non
1459 2193 1726 2233 advertentes

1062 2252 1263 2301 animum,
1298 2251 1434 2304 siqua
1454 2250 1511 2289 sit
1534 2249 1726 2302 quodse·

1063 2317 1217 2359 quatur
1240 2322 1292 2346 ex
1319 2306 1429 2354 illis,
1459 2316 1501 2345 et
1531 2305 1639 2344 idem
1669 2304 1728 2343 sit

1061 2365 1229 2402 falsum.
1292 2363 1354 2401 Ut
1384 2363 1420 2400 si
1457 2361 1549 2414 quis
1581 2360 1721 2410 dicat,

1062 2420 1129 2458 bis
1180 2419 1372 2474 quinque
1410 2426 1570 2469 septem
1611 2430 1723 2465 esse,

1064 2486 1197 2527 tuque
1220 2474 1340 2513 fidem
1363 2473 1427 2511 illi
1447 2472 1613 2522 habeas,
1635 2486 1724 2511 non

1064 2542 1105 2571 et
1126 2532 1216 2583 ipse
1239 2529 1350 2582 apud
1369 2539 1411 2567 te
1430 2527 1723 2578 dinumerans,

1064 2588 1221 2626 inferet
1238 2584 1426 2636 scilicet,
1460 2585 1585 2624 etiam
1619 2598 1726 2637 qua-

1064 2652 1128 2682 ter
1165 2650 1300 2680 sumta
1341 2640 1527 2694 quinque
1561 2638 1726 2680 efficere

1067 2696 1388 2752 quatuordecim
1401 2729 1412 2746 ,
1445 2707 1485 2736 et
1502 2709 1725 2752 quousque
