1834 3188
409 194 509 242 174

306 306 449 360 Ρ.9.ἔκ
482 309 695 356 Μουσῶν,
726 303 807 363 κᾷν
834 307 970 348 ’ἵππων
1001 301 1239 360 ’ὖποπτὲρων
1269 304 1375 362 ὃίρμα
1405 306 1682 365 ζεύξασθαιΡ)
1712 311 1790 354 θέ-

284 394 389 430 p.1o.
403 380 450 432 λῃ
475 375 550 430 q)‚
583 371 663 431 κᾷἶν
695 372 758 427 ἐφ’
793 372 939 424 ὕδατος
967 372 1132 425 ἄλλους,
1175 371 1203 428 ἢ
1230 373 1296 417 ἐπ’
1327 371 1555 432 ἀνθερίκων
1583 378 1720 431 ἄκρων
1740 382 1786 431 ¹')

402 444 678 498 θευσομένους
704 437 1016 495 ἀναβιβάσηται,
1062 442 1224 496 φθόνος
1254 442 1408 496 οὐδεὶς,
1442 444 1535 487 οὐδ’
1557 450 1605 496 ⁵)
1637 443 1788 490 ὁπόταν

402 510 426 554 ὅ
447 510 547 559 Ζεὺς
565 506 697 551 αὐτῶν
715 506 796 552 α’πό
820 507 862 561 t)
892 515 985 563 μιᾶς
1004 516 1142 564 σειροῖς
1161 508 1410 564 ἀνασπάσας,
1442 516 1571 571 αἰωρῇ
1589 510 1694 567 ὁμοῦ
1709 520 1787 570 γῆν

401 582 471 623 καὶ
503 578 732 630 θάλατταν,
763 582 931 630 δεδίασι,
975 578 1026 633 μὴ
1055 575 1352 636 ἇπορῤαγείσης
1383 583 1561 636 ἐκείνης,
1598 587 1790 641 συντριβῇ

402 647 450 690 τὰ
474 645 606 689 πάντα
637 649 997 701 κατενεχθένταιῑ).
1031 644 1129 690 ἀλλὰ
1162 646 1239 706 κᾷν
1271 645 1553 705 Ἀγαμέμνονα
1581 653 1788 694 ἐπαινέσαι

400 717 600 766 θέλωσιν,
632 711 766 763 οὐδεὶς
788 713 809 757 ὁ
829 714 1044 768 κωλύσων,
1076 718 1230 770 Διῒμὲν
1259 713 1382 760 αὐτὸν
1410 715 1550 770 ὅμοιον
1584 717 1687 760 εἶναι
1712 719 1787 773 τὴν

897 207 1303 241 LUCIANI

398 782 580 837 κεφαλὴν
601 785 669 825 καὶ
688 782 734 824 τὰ
756 781 932 837 ὄμματα,
965 784 1007 827 τὸ
1035 790 1198 839 στέρνον
1220 786 1262 827 δὲ
1291 791 1347 843 τῷ
1370 784 1532 841 ἀδελφῷ
1551 782 1696 838 αὐτοῦ,
1729 793 1787 844 τῷ

400 856 654 904 Ποσειδῶνι,
685 850 758 904 τὴν
790 853 831 893 δὲ
853 850 993 905 ζώνην,
1024 851 1240 910 τῷ”Αρει·
1272 857 1338 896 καὶ
1360 853 1484 905 ὅλως,
1519 854 1715 897 σύνθετον
1735 853 1785 911 ³)

396 923 440 965 ἐκ
461 919 623 963 πάντων
653 924 762 961 θεῶν
793 922 977 975 γενέσθαι
1008 925 1070 964 δεῖ
1092 924 1136 971 y)
1170 919 1240 963 τὸν
1268 919 1445 976 Ἀτρέως
1473 924 1543 964 καὶ
1568 920 1785 977 Ἀερόπης.

396 989 446 1033 οὗ
468 989 543 1046 γὰρ
562 986 699 1037 ἱκανὸς
721 986 741 1030 ὅ
762 987 886 1037 Ζεὺς,
922 985 1013 1032 0156’
1044 987 1064 1032 ὅ
1091 993 1319 1041 Ποσειδῶν,
1353 987 1446 1033 οὐδ’
1467 989 1600 1045 ’Ἄρης
1619 995 1636 1012 ²
1651 997 1684 1042 )‚
1715 990 1785 1045 μό-

394 1076 467 1107 νος
486 1060 648 1106 ἕκαστος
669 1053 958 1111 ἀναπληρῶσαι
979 1056 1022 1099 τὸ
1041 1057 1184 1106 κάλλος
1214 1054 1352 1100 αὐτοῦ.
1394 1057 1420 1112 ἡ
1451 1062 1604 1113 ἱστορία
1632 1061 1695 1110 δὲ,
1731 1056 1784 1112 ἤν

392 1144 483 1168 τινα
502 1127 547 1178 a)
590 1128 802 1167 κολακείαν
817 1123 1009 1178 τοιαύτην
1028 1123 1231 1181 προςλάβῃ
1245 1158 1256 1177 ,
1288 1129 1324 1167 τί
1344 1125 1461 1178 ἄλλο,
1493 1126 1522 1180 ἦ
1542 1126 1638 1181 πεζή
1658 1145 1715 1176 τις
1734 1122 1783 1181 b)

393 1192 581 1249 ποιητικὴ
600 1197 773 1249 γίγνεται
796 1196 811 1214 ⁰
825 1198 839 1246 )
855 1226 864 1245 ‚
899 1199 969 1248 τῆς
991 1196 1298 1248 μεγαλοφωνίας
1317 1194 1388 1248 μὲν
1407 1197 1562 1248 ἐκείνης
1581 1196 1786 1251 ἐστερημέ-

484 1309 520 1342 S
540 1308 591 1340 Pl.
610 1314 680 1342 etc.
702 1304 864 1351 ἄκρατος
883 1308 1002 1341 ..Solon
1045 1305 1116 1340 Sed
1140 1306 1210 1340 vid.
1233 1306 1369 1341 Adnot.
1418 1314 1463 1352 p)
1490 1306 1781 1352 ζεύξασθαι]

485 1353 679 1397 ζεύξεσθαι
710 1356 750 1387 Β.
773 1367 805 1398 5
838 1361 878 1388 ut
898 1365 1014 1410 supra
1043 1352 1330 1408 παραδέξεσθαι.
1404 1360 1447 1408 q)
1472 1355 1527 1390 θέ
1514 1359 1613 1401 ελη]
1643 1354 1782 1411 ,,ἑθε’λῃ

483 1403 540 1435 M.
546 1403 570 1419 “
619 1408 659 1440 r)
688 1398 861 1445 ἄκρων]
890 1397 1005 1444 ἀκρον
1027 1411 1128 1454 501¹.
1180 1403 1221 1441 S)
1251 1396 1372 1442 ουδ’]
1400 1397 1489 1436 ουδὲ
1506 1403 1557 1435 id.
1608 1409 1644 1442 t)
1672 1399 1778 1446 ano]

485 1447 576 1489 „Sic
591 1447 698 1491 Angl.
720 1448 879 1481 itemVV.
894 1448 922 1478 J.
937 1447 1024 1479 etL.
1044 1441 1118 1480 vno*
1142 1445 1235 1478 Edd.
1244 1448 1266 1464 “
1318 1447 1365 1484 u)
1391 1460 1444 1481 τα
1468 1446 1630 1483 πάντα
1653 1461 1781 1483 κατε-

477 1481 740 1547 νεχθέντα]
769 1507 798 1527 τ.
819 1505 857 1526 π.
881 1489 980 1536 ὁμοῦ
1000 1491 1262 1544 κατενεχθέντα
1279 1492 1379 1536 2956.
1399 1495 1582 1536 probante
1602 1495 1683 1528 Bel.
1733 1497 1780 1526 At

481 1535 583 1582 ὁμου
605 1550 623 1571 e
643 1539 886 1581 praecedente
909 1550 1012 1571 versu
1030 1539 1102 1570 huc
1123 1538 1315 1581 nrepsisse
1334 1539 1493 1573 wdetur.
1544 1545 1587 1581 x)
1616 1539 1763 1575 σύνθε
1750 1553 1780 1567 -

480 1589 589 1626 τον]
616 1583 796 1619 σύνθεται
824 1585 923 1628 2956.

478 1630 680 1675 rigentium
689 1631 744 1686 δη
768 1633 963 1663 J11c0l›.s.et
988 1633 1142 1663 Creuzen
1196 1630 1275 1663 Vid.
1302 1631 1437 1664 Adnot.
1510 1633 1553 1674 z)
1582 1628 1692 1666 οὐδ’
1691 1658 1709 1671 ,,,
1727 1636 1755 1667 Α
1757 1652 1778 1658 -

480 1678 588 1721 ρης]
623 1674 740 1720 ,,ου’δὲ
776 1673 796 1711 ὁ
814 1673 929 1720 ’Ἄρης
962 1677 1020 1708 W
1028 1677 1050 1694 “
1099 1676 1190 1718 „Sic
1219 1682 1255 1709 et
1282 1676 1382 1720 2956.
1414 1682 1450 1709 et
1478 1678 1585 1710 Gorl.
1621 1684 1656 1711 et
1679 1679 1776 1715 Edd.

476 1726 560 1766 Rip.
582 1729 618 1755 et
638 1725 752 1757 Sc.lzm
784 1729 960 1756 monente
990 1722 1126 1754 Belino.
1177 1723 1245 1755 Sed
1266 1723 1338 1755 vid.
1363 1722 1499 1767 Adnot.
1569 1723 1609 1767 a)
1634 1721 1692 1769 ἥν
1715 1739 1780 1760 τι-

477 1770 557 1812 να]
584 1770 696 1812 „Ach
732 1771 911 1813 (utraque
934 1775 969 1801 et
990 1769 1031 1801 B.
1056 1771 1111 1809 1.)
1143 1769 1241 1801 male
1269 1765 1413 1812 ἥντινα.
1463 1769 1533 1803 Sed
1563 1777 1777 1806 correctum

475 1815 516 1848 in
536 1826 649 1858 marg.
658 1817 680 1834 “
739 1816 789 1857 b)
815 1813 929 1859 πεζή
952 1813 1048 1857 τις]
1075 1815 1219 1859 πεζίτης
1238 1816 1279 1848 Β.
1300 1827 1333 1859 5.
1354 1815 1508 1850 foedum
1527 1817 1675 1851 vitium.
1732 1819 1775 1863 c)

479 1863 720 1906 γίγνεται]
745 1864 882 1906 γίνεται
902 1874 1005 1905 501¹·

380 1958 529 1999 fuerit.
603 1958 710 1998 Cum
750 1959 862 1998 enim
896 1958 1046 1998 divino
1108 1957 1229 1996 illum
1252 1957 1430 1996 similem
1465 1968 1651 2010 caputet
1674 1973 1772 1998 ocu-

381 2013 530 2054 afflatu
562 2018 737 2067 plenus,
787 2025 828 2054 et
860 2030 881 2054 a
903 2017 1045 2054 Musis
1104 2017 1183 2063 los,
1221 2023 1368 2066 pectus
1390 2028 1488 2052 vero
1508 2015 1629 2052 fratri
1651 2015 1769 2055 illius

381 2071 576 2110 obsessus
599 2072 678 2121 sit,
723 2073 889 2111 etiamsi
912 2075 1045 2110 alatos
1103 2071 1335 2122 Neptuno,
1395 2071 1505 2108 circa
1550 2071 1770 2125 cingulum

1104 2141 1206 2166 vero
1222 2128 1368 2177 Marti,
1384 2137 1510 2180 atque
1535 2128 1578 2165 in
1598 2129 1769 2168 univer-

981 1587 1028 1628 y)
1058 1583 1151 1626 δει]
1180 1584 1374 1616 delendum
1406 1586 1551 1618 censuit
1571 1589 1666 1621 le.
1698 1599 1780 1619 cor-
1833 1594 1834 1617 ἱ

381 2142 507 2166 curru
541 2142 672 2180 equos
711 2130 818 2167 velit
845 2132 1042 2182 jungere,

379 2194 421 2224 et
445 2183 481 2221 si
503 2185 608 2222 alios
631 2199 756 2238 super
784 2199 937 2237 aquas,
971 2195 1045 2223 aut

378 2255 455 2294 per
474 2255 654 2278 summas
676 2242 824 2279 aristas
845 2241 1041 2280 decursu-

377 2312 446 2335 ros
466 2297 685 2349 imponat‚
729 2297 892 2335 invidia
925 2300 1042 2336 nulla

376 2363 463 2393 est:
515 2368 675 2406 neque,
732 2369 825 2392 cum
869 2355 1040 2392 illorum

375 2409 547 2460 Jupiter
576 2425 657 2448 una
683 2421 830 2449 catena
860 2420 1040 2448 tractum

376 2467 492 2503 tollit
522 2482 614 2504 cum
651 2477 758 2505 terra
783 2482 914 2516 mare,
948 2481 1040 2506 me-

374 2529 524 2572 tuunt,
560 2538 611 2561 ne
645 2534 767 2576 rupta
801 2524 899 2570 illa,
935 2538 1039 2562 con-

375 2585 567 2616 terantur
591 2578 758 2632 delapsa
783 2582 853 2618 illa
879 2581 1034 2620 omnia.

374 2632 529 2671 Verum
553 2636 715 2674 etiamsi
741 2637 910 2675 laudare
928 2637 1035 2691 Aga·

372 2703 636 2728 memnonem
653 2693 804 2739 velint,
820 2708 941 2732 nemo
956 2703 1032 2741 est,

1103 2197 1191 2222 sum
1215 2185 1496 2236 compositum
1516 2199 1537 2223 e
1558 2185 1657 2222 Diis
1681 2199 1767 2224 om-

1104 2241 1231 2279 nibus
1254 2240 1342 2278 fieri
1379 2250 1549 2292 oportet
1573 2241 1692 2280 Atrei
1723 2251 1766 2281 et

1101 2297 1292 2349 Aeropes
1325 2297 1473 2336 filium.
1533 2297 1686 2349 Neque
1713 2311 1766 2335 e·-

1101 2354 1189 2391 nim
1211 2368 1285 2405 par
1301 2354 1483 2406 Jupiter,
1498 2366 1635 2405 neque
1647 2352 1762 2406 Nep-

1100 2420 1242 2459 tanus,
1278 2424 1413 2463 neque
1430 2410 1569 2458 Mars,
1602 2408 1674 2462 qui
1695 2423 1760 2448 so-

1097 2469 1163 2505 lus
1189 2481 1262 2518 per
1274 2481 1315 2505 se
1330 2464 1693 2517 pulchritudinem
1709 2466 1758 2503 il-

1097 2523 1182 2562 lius
1210 2525 1390 2574 expleat.
1452 2521 1644 2558 Historia
1681 2535 1760 2560 ve.-

1097 2594 1165 2628 ro,
1199 2579 1233 2616 si
1255 2591 1376 2630 quam
1396 2575 1439 2614 id
1460 2591 1592 2629 genus
1616 2577 1757 2616 adula-

1096 2635 1254 2673 tionem
1278 2633 1495 2683 adsciscat,
1512 2633 1612 2687 quid
1638 2634 1756 2673 aliud

1096 2704 1216 2743 quam
1280 2688 1485 2741 pedestris
1553 2690 1755 2742 quaedam

373 2745 448 2799 qui
474 2745 834 2797 intercedat,Jovi
861 2748 1033 2803 quidem
1091 2746 1262 2800 poetica
1285 2744 1380 2796 fiet,
1412 2745 1640 2802 magnifico
1663 2746 1754 2802 qui-
