1834 3188
267 233 368 279 602
624 240 1380 274 ΑΒΝοΤΑΤιοΝΕε

264 341 509 398 permultis.
561 340 606 380 Si
637 354 810 393 quaeras
837 348 995 390 autem,
1029 353 1102 377 cur
1130 338 1181 379 de
1203 339 1400 379 Perdicca
1433 340 1536 378 laec
1567 343 1728 392 praedi-

265 410 360 451 cet,
394 412 501 453 quae
520 396 731 436 Antiochi
765 396 939 461 propri-a
958 405 1080 443 sunt;
1114 396 1175 434 sic
1203 396 1384 435 habeto:
1420 395 1554 436 videri
1578 412 1728 451 nempe

264 458 398 496 fuisse
427 453 615 493 Luciani
644 462 805 502 aetate,
847 453 921 508 qui
955 453 1016 491 ita
1046 452 1299 501 scriberent3
1339 452 1443 492 adeo
1483 462 1532 491 ut
1558 468 1728 494 necesse

263 513 422 563 fuerit,
462 522 637 551 eatenus
665 519 877 561 receptam
904 509 1024 563 sequi
1057 509 1324 561 opinionem.
1384 508 1467 549 Sed
1500 518 1549 547 ut
1580 525 1727 551 verum

262 571 419 620 fatear,
453 568 497 606 in
519 567 602 606 hoc
624 581 710 606 non
733 567 984 631 acquiesco,
1015 575 1056 605 et
1077 568 1218 604 locum
1242 577 1488 618 corruptum
1510 581 1597 607 esse
1621 581 1728 620 pro-

261 626 448 672 nuntio;
481 624 779 674 intrusumque
815 623 861 660 in
891 632 1056 663 textum
1089 622 1277 660 Luciani
1306 622 1550 673 scholium,
1581 623 1632 662 ab
1653 625 1728 664 ali-

263 697 349 738 quo
370 681 598 733 scriptum,
633 680 708 734 qui
726 678 954 718 Pe1diccae
977 693 1129 718 nomen
1152 693 1229 732 pro
1250 679 1495 733 Antigoni'
1484 693 1528 716 m
1547 694 1624 719 suo
1645 680 1728 720 Co-

262 740 359 778 dice
387 738 458 777 hic
487 738 722 778 invenerat
789 737 891 775 Fuit
921 745 964 775 et
994 736 1077 774 alia
1113 736 1353 775 Stratonice
1382 736 1576 786 Maceta,
1616 738 1728 791 regis

259 794 492 834 Perdiccae
520 808 652 833 soror.
711 791 811 834 Vid.
839 792 1015 848 Thucyd,
1035 793 1106 841 ΙΙ,
1140 798 1230 836 101.
1257 792 1334 831 sub
1364 792 1436 832 fin.
1496 792 1577 832 Sed
1607 807 1728 833 soror

260 852 389 900 haec3
424 865 563 905 neque
583 853 675 904 ejus
697 864 838 890 amore
861 860 1028 904 captum
1047 849 1181 890 fuisse
1203 848 1446 890 Perdiccam
1468 848 1530 888 ibi
1549 850 1723 905 legitur.

262 909 431 949 SOLAN.

372 963 568 1006 Ibid.E13
591 962 640 1016 δὴ
672 958 816 1012 οὗτος)
846 965 903 1005 Εἰ
922 961 972 1016 δη
1002 955 1122 1012 ουτός
1150 963 1255 1006 ἐστιν
1284 981 1305 1006 ο
1328 967 1399 1016 τῆς
1421 969 1616 1018 μητρυιᾶς
1637 965 1726 1019 ἔρα-

258 1023 395 1072 σθεὶς,
427 1030 469 1060 et
490 1035 597 1076 quae
622 1029 865 1085 sequunt‘ur
885 1035 1017 1074 usque
1051 1020 1102 1058 ad
1125 1022 1400 1074 Στρατονίκης
1426 1022 1599 1073 ἐκείνης,
1629 1025 1724 1060 nul-

255 1082 323 1119 lus
345 1077 524 1126 dubito,
559 1077 664 1130 quin
685 1077 772 1116 sint
794 1074 1085 1131 ὑποβολιμαῖα,
1119 1087 1162 1116 et
1180 1077 1361 1131 margini
1387 1093 1407 1116 3
1431 1078 1632 1132 magistro
1654 1078 1725 1116 ad-

255 1135 441 1188 scripta
474 1109 527 1172 ad
559 1132 786 1173 Perdiccae
816 1148 998 1183 nomen,
1029 1134 1184 1187 quibus
1217 1134 1486 1189 inquirebat
1521 1150 1622 1172 num
1652 1134 1725 1174 hic

260 1200 369 1231 esset
394 1191 466 1229 ille
487 1189 735 1241 Perdiccas,
760 1190 822 1228 sic
843 1190 956 1228 enim
978 1190 1229 1229 vertendum
1252 1193 1288 1232 εἰ
1308 1188 1358 1242 δὴ
1378 1191 1518 1238 οὗτος,
1545 1200 1593 1228 ut
1613 1191 1726 1243 apud

257 1248 447 1287 Latinos
478 1260 672 1300 quoque,
704 1249 831 1286 visam
857 1249 893 1286 si
920 1246 1028 1286 domi
1048 1249 1122 1296 sit,
1153 1262 1231 1299 pro
1260 1262 1360 1285 num
1391 1246 1507 1285 domi
1538 1247 1617 1290 sit
1649 1248 1726 1301 qui

259 1319 401 1344 amore
422 1317 630 1343 novercae
647 1313 867 1357 correptus
890 1304 1034 1343 fuerit.
1080 1304 1198 1343 Haec
1223 1314 1370 1356 postea
1394 1303 1438 1341 in
1461 1303 1601 1356 ipsum
1622 1318 1727 1342 con—

258 1371 423 1400 textum
449 1359 722 1413 irrepserunt.
783 1360 911 1400 Nihil
942 1361 1053 1399 enim
1074 1361 1243 1399 faciunt
1265 1361 1316 1399 ad
1336 1374 1445 1409 rem,
1478 1360 1530 1399 de
1548 1374 1629 1415 qua
1651 1361 1726 1400 hic

256 1417 467 1470 loquitur.
539 1416 644 1470 Agit
671 1418 789 1456 enim
821 1416 873 1457 de
908 1416 1108 1456 Perdicca
1141 1419 1218 1456 illo
1250 1427 1439 1470 tempore
1474 1427 1604 1468 noto,
1648 1417 1725 1471 qui

254 1482 431 1528 propter
456 1472 816 1519 imbecillitatem,
863 1484 936 1513 aut
965 1473 1081 1512 aliud
1122 1475 1313 1528 corporis
1348 1473 1528 1523 vitium,
1574 1488 1723 1527 parum

255 1540 345 1569 erat
369 1539 492 1583 aptus
516 1529 569 1568 ad
599 1539 706 1569 artes
730 1530 967 1570 athleticas.
1029 1530 1192 1580 Verba,
1227 1546 1334 1584 quae
1359 1530 1403 1568 in
1434 1529 1578 1570 eadem
1602 1531 1721 1585 pagi-

253 1600 308 1625 na
335 1585 620 1656 praecedunt,
655 1587 880 1625 obscurius
903 1601 1020 1626 versa
1041 1597 1165 1626 sunt:
1197 1585 1295 1628 ἄλλά
1314 1604 1395 1629 που
1416 1586 1460 1628 τὸ
1479 1591 1551 1638 τῆς
1571 1589 1723 1640 τέχνης,

253 1644 321 1685 καὶ
339 1640 383 1684 τὸ
411 1647 484 1696 τῆς
514 1646 744 1711 συμβουλῆς
766 1640 982 1697 χρήσιμον,
1018 1639 1093 1684 οὐκ
1121 1644 1160 1690 ἐς
1183 1646 1346 1696 ποίησιν
1371 1648 1452 1683 τῶν
1471 1642 1721 1694 ποοςόντων,

254 1697 343 1741 ἄλλ’
377 1700 416 1747 ἐς
447 1703 589 1753 χρῆσιν
617 1695 753 1741 αὐτῶν
777 1698 853 1753 τὴν
879 1698 1193 1754 προς-ἥκουσαν,
1225 1716 1354 1739 verum
1385 1702 1482 1738 artis
1502 1711 1536 1738 et
1565 1700 1722 1740 concilii

253 1757 351 1796 haec
372 1767 426 1794 est
446 1755 618 1805 utilitas,
651 1767 693 1795 ut
711 1772 790 1796 non
818 1756 1059 1811 suppedilent
1079 1773 1147 1805 ea
1180 1773 1280 1810 quae
1300 1757 1461 1804 adsunt,
1494 1756 1562 1794 sed
1583 1768 1624 1795 ut
1640 1757 1723 1796 illis

253 1815 520 1852 convenienter
539 1815 597 1851 uti
615 1811 794 1852 doceant.
856 1814 993 1852 Nemo
1017 1812 1249 1866 intelligit,
1285 1812 1387 1865 quid
1410 1811 1512 1851 haec
1536 1813 1619 1851 sibi
1646 1828 1722 1853 ve·-

252 1869 360 1920 lint,
391 1880 434 1907 ut
456 1885 535 1908 non
562 1885 680 1923 supp:
668 1869 804 1909 ditent
830 1886 896 1919 ea,
929 1885 1028 1923 quae
1047 1868 1205 1908 adsunt.
1263 1869 1426 1909 Melius
1459 1878 1619 1908 vertas:
1650 1886 1723 1908 ve·-

251 1943 338 1965 rum
357 1927 455 1965 artis
474 1936 509 1964 et
530 1926 688 1966 consilii
702 1927 800 1967 lzaec
818 1938 873 1966 est
890 1927 1062 1974 utilitas,
1085 1941 1162 1964 non
1180 1936 1222 1964 ut
1240 1927 1388 1982 efficiat
1407 1924 1502 1974 illa,
1536 1941 1635 1980 quae
1652 1929 1723 1965 in·-

250 1994 360 2032 sunt‚
391 1981 460 2022 sed
485 1993 529 2020 ut
549 1984 600 2021 iis
629 1994 730 2022 recte
751 1986 839 2038 quis
860 1993 1011 2032 utatur,
1045 1982 1128 2020 hoc
1151 1991 1236 2028 est,
1270 1997 1374 2037 quae
1406 1981 1455 2019 ab
1477 1991 1564 2021 arte
1584 1982 1720 2034 profi—

253 2039 359 2077 cisci
383 2047 566 2104 possunt
594 2049 636 2078 et
669 2040 879 2089 consilio,
913 2039 1038 2077 utilia
1064 2048 1165 2076 sunt
1195 2051 1283 2077 non
1316 2037 1367 2075 ad
1391 2038 1461 2075 illa
1485 2036 1722 2087 efficienda,

256 2109 364 2147 quae
388 2096 433 2133 in
455 2094 631 2135 homine
658 2096 741 2134 sita
766 2110 855 2136 esse
883 2095 1061 2145 debent,
1097 2094 1296 2133 nimirum
1320 2094 1539 2148 ingenium
1563 2105 1605 2133 et
1623 2109 1723 2147 pru·

255 2151 468 2191 dentiam:
501 2151 663 2190 nullius
688 2152 799 2190 enim
821 2167 884 2191 ars
905 2161 946 2191 et
970 2150 1198 2202 disciplina
1220 2159 1362 2204 potest
1384 2150 1598 2190 hominem
1625 2161 1723 2189 stu-

254 2207 404 2260 pidum
428 2217 470 2248 et
503 2206 697 2247 hebetem
730 2209 1000 2263 ingeniosum
1030 2206 1228 2255 reddere3
1261 2206 1334 2247 sed
1356 2217 1404 2246 ut
1426 2207 1521 2261 quis
1542 2208 1722 2247 faculta-

256 2264 396 2316 tibus,
429 2278 531 2318 quas
555 2274 703 2302 natura
726 2263 773 2302 in
797 2265 917 2303 illum
940 2265 1147 2314 contulit,
1180 2275 1292 2303 recte
1310 2273 1465 2306 utatur.
1526 2263 1633 2304 Inde
1652 2279 1723 2303 se-

255 2321 401 2374 quitur
425 2322 496 2360 illa
519 2320 761 2360 similitudo
781 2321 831 2360 de
854 2320 1124 2374 palaestritis,
1148 2321 1221 2373 qui
1245 2320 1487 2359 Perdiccam
1509 2320 1720 2359 imbellem

253 2378 509 2429 promittant
531 2390 573 2416 se
598 2378 1056 2431 arte-Olympionicam
1082 2376 1322 2416 reddituros
1346 2391 1485 2430 parem
1506 2386 1718 2430 praestan-

254 2433 433 2472 tissimis
456 2444 498 2474 et
522 2433 830 2472 robustissimis
854 2434 1039 2473 athletis.
1074 2434 1250 2472 GnAnv.

364 2491 469 2532 Eacl.
490 2493 519 2532 l.
542 2494 589 2533 4:
606 2488 805 2543 Ἀντίοχος
829 2488 850 2533 ὁ
872 2495 943 2532 τοῦ
965 2489 1162 2533 Σελεύκου
1184 2496 1279 2544 Στρ.
1308 2491 1390 2541 ἐκ.)
1421 2490 1576 2528 Iterum
1602 2488 1715 2527 infra

253 2544 428 2588 Icarum.
456 2562 490 2589 e.
517 2548 583 2590 15.‹
607 2557 650 2586 et
667 2549 739 2586 De'
756 2549 848 2586 Dea
873 2548 965 2600 Syr.
990 2563 1023 2586 c.
1049 2553 1112 2591 17.
1139 2557 1265 2600 atque
1288 2547 1404 2585 alibi.
1435 2547 1602 2586 SOLAN.

367 2596 518 2642 Ball-1·
543 2605 585 2648 5
621 2608 737 2658 Θεαγ.
765 2627 822 2634 --
857 2607 1040 2652 Πολυδ.)
1073 2603 1196 2642 Prior
1222 2603 1373 2641 horum
1403 2603 1446 2640 in
1482 2602 1715 2652 Olympio-

255 2657 442 2697 nicarum
474 2659 524 2698 ab
565 2660 735 2699 erudito
769 2660 860 2701 Gul.
895 2660 1023 2716 Loysl.
1063 2658 1363 2711 (eruditissimi
1395 2657 1714 2711 &vigorniensis

255 2713 462 2766 Episcopi
494 2715 606 2764 filio)
634 2716 751 2756 edito
782 2732 937 2769 nuper,
973 2733 1065 2755 cum
1096 2716 1200 2754 haec
1226 2715 1468 2760 scriberem
1504 2718 1711 2767 catalogo,

257 2781 473 2823 comparet
504 2770 556 2810 ad
589 2773 658 2812 01.
676 2773 881 2814 LXXVI.
903 2773 978 2812 ubi
1008 2789 1060 2814 ex
1081 2770 1407 2813 Pansan.E1iac.
1431 2746 1496 2819 ΙΙ,
1523 2777 1623 2822 188,
1649 2776 1713 2815 18.
