1834 3188
347 222 402 252 1N
437 221 678 260 Quomono
714 221 955 253 fflsromA
992 221 1070 253 si'r
1106 222 1304 256 consen.
1464 213 1566 262 635

98 318 228 360 minis
250 328 527 371 potestatem,
560 319 732 359 disertis
752 318 891 360 verbis
915 329 1146 362 testantur:
1177 320 1252 360 hic
1268 321 1470 373 XXXVI,
1497 330 1563 370 12,

97 378 172 417 ille
198 376 339 417 XVII.
363 391 456 431 pag·
477 379 574 420 791.
601 377 663 417 D.
722 375 834 416 Vide
850 408 861 426 ,
894 377 930 415 si
954 377 1098 425 lubet,
1131 377 1186 419 Is.
1211 378 1328 418 Voss.
1347 379 1398 417 ad
1422 381 1562 436 Pomp.

97 432 255 474 Melam
285 433 354 483 II,
387 438 425 476 7.
458 442 500 472 et
529 433 706 472 Luciam·
736 432 873 473 Schol.
910 432 962 472 ad
994 434 1169 477 Icarom,
1193 448 1263 474 no.
1286 441 1352 480 48.
1395 438 1565 481 SOLAN.

97 490 253 528 Utrum
280 504 376 529 vera
407 489 464 528 sit
486 490 590 529 haec
614 490 828 539 narratio,
875 504 960 529 non
982 490 1140 542 liquet:
1171 505 1312 545 pugna
1332 507 1433 533 vero
1456 495 1566 534 mihi

98 556 210 585 certe
236 560 322 584 non
355 545 526 585 videtur
551 545 707 585 adesse.
740 547 861 586 Run.
929 546 1174 587 Wielandius
1207 559 1353 587 contra
1386 564 1462 601 pro
1497 552 1567 590 fa-

96 602 197 641 bula
218 602 313 640 ficta
330 601 481 642 habere
506 617 592 641 non
613 601 805 651 dubitat,
847 603 949 643 licet
983 617 1105 642 secus
1138 614 1352 645 statuente
1380 607 1496 646 Ber-n.
1520 607 1567 647 cle

95 659 372 716 Mongf'aucon
400 659 582 697 Dissert.
616 673 686 697 sur
709 662 748 698 le
773 658 910 698 Phare
938 658 1250 701 d'Alexandrie
1271 671 1351 703 etc.
1392 664 1437 701 in
1465 665 1567 703 Me-

95 716 253 755 moires
277 715 327 755 de
347 714 518 754 l’Acad.
545 715 616 754 des
640 716 772 754 Inscr.
800 715 886 765 VI,
909 721 1004 760 576.
1023 730 1081 771 sq.
1113 718 1273 758 meM.

209 771 370 811 Ead.1.
394 778 434 816 3.
480 775 582 814 Τοῦ
609 769 720 814 τότε
749 770 1153 826 βασιλεύοντος]
1193 774 1298 814 Ρῖὶη.
1326 777 1356 815 l.
1388 778 1417 815 1.
1451 777 1563 826 (vid.

100 829 245 869 Solani
263 837 407 867 notam
431 829 720 880 superiorem)
752 828 948 867 nominat
969 830 1272 869 Ptolemaeum.
1319 831 1400 871 Sed
1422 832 1565 873 Schol.

96 886 176 942 (ad
197 886 372 924 Icarom.
393 899 428 924 c.
452 884 549 940 12.)
572 885 860 924 Alexandrum
880 884 1179 926 Macedonem.
1212 887 1334 929 Rnn,

207 940 312 980 Ead-
331 944 358 982 l.
381 946 419 984 6·
456 945 571 989 Θεοῖς
592 944 817 994 σωτῆρσιν)
860 941 1126 981 Ptolemaeum
1156 953 1191 980 et
1210 943 1419 984 Berenicen
1440 945 1567 985 intel·

93 999 240 1052 ligunt
273 997 356 1036 viri
389 995 506 1036 docti
529 997 633 1038 bene
654 998 794 1039 multi.
855 998 1046 1038 Consule
1066 998 1214 1051 Spanlz.
1237 1004 1332 1044 415.
1375 1001 1565 1041 Eandem

95 1053 424 1107 inscriptionem
448 1053 575 1093 habet
596 1054 739 1094 Strabo
755 1058 784 1094 1.
808 1068 843 1094 c.
875 1055 1044 1093 SOLAN.
1078 1055 1212 1094 Immo
1235 1057 1430 1111 intellige
1451 1058 1569 1111 Nep·

95 1120 272 1159 tunam,
306 1110 524 1150 Castorem
559 1121 601 1150 et
633 1113 849 1153 Pollucem
876 1112 1072 1165 aliosque
1092 1111 1394 1166 navigantium
1424 1124 1568 1167 patro-

96 1181 189 1206 nos.
251 1167 319 1208 Cf.
347 1167 498 1220 Spanlz.
525 1181 565 1219 p.
589 1172 685 1211 416.
718 1169 840 1209 Run.

208 1222 311 1262 Ead.
333 1225 360 1264 1.
385 1228 424 1266 8.
456 1219 555 1265 Ἀλλ’
586 1227 640 1272 εἰς
669 1223 739 1266 τὸν
766 1229 864 1275 νῦν,
895 1220 1055 1266 καὶτὸν
1075 1227 1151 1266 νῦν
1169 1222 1326 1267 καὶτὸν
1346 1222 1433 1278 ciel)
1459 1223 1567 1269 'AM’

98 1281 156 1329 εἷς
171 1277 241 1322 τὸν
264 1285 363 1329 νῦν,
396 1281 461 1322 καὶ
482 1279 551 1322 τὸν
569 1281 715 1323 ἔπειτα.
740 1298 779 1322 κ.
801 1298 833 1322 τ.
859 1278 896 1322 ἆ.
928 1282 1140 1321 MAncu„

209 1337 309 1390 Pag.
330 1341 427 1380 228.
449 1339 477 1375 l.
504 1343 540 1380 1.
575 1337 817 1383 Κεκύλισται
847 1335 867 1380 ὅ
889 1340 1005 1386 λίθος
1036 1339 1077 1378 ἒν
1099 1337 1292 1394 Κρανίῳ)
1326 1338 1568 1383 Κεκῦλισται

96 1389 120 1436 ἆ
137 1395 265 1441 λίθος.
325 1394 477 1433 Refert
496 1393 546 1433 ad
572 1393 735 1433 dolium
757 1395 986 1448 Diogenis.
1018 1395 1232 1435 MAncrt..

207 1448 311 1491 Ibid.
345 1448 511 1504 Πίθος)
549 1450 617 1489 Sic
637 1451 813 1490 omnino
835 1450 1063 1504 legendum
1090 1465 1183 1490 cum
1206 1452 1272 1491 M.
1295 1461 1337 1491 et
1360 1450 1567 1491 editioni-

95 1505 176 1545 bus
199 1507 438 1544 nunnullis.
501 1506 553 1545 In
571 1507 624 1546 L.
643 1517 685 1547 et
705 1508 800 1546 aliis
826 1510 967 1556 λίθος,
1001 1521 1143 1560 prave.
1205 1508 1305 1548 Vid.
1327 1522 1454 1562 supra
1477 1524 1510 1551 c.
1526 1516 1565 1554 3.

95 1561 148 1602 ad
174 1576 297 1617 quam
325 1562 549 1601 historiam
576 1562 741 1605 alludit.
776 1565 941 1603 SOLAN.

209 1618 313 1664 Ead,
331 1621 357 1658 1.
376 1624 416 1664 2.
450 1621 652 1676 Κρανίῳ)
688 1619 916 1668 Lucianus,
957 1628 1183 1673 praecepta
1213 1618 1420 1663 historica
1451 1626 1567 1663 clau.

97 1674 220 1724 dens,
253 1676 337 1725 ait,
371 1690 413 1715 se
435 1674 681 1717 exhibuisse
702 1690 890 1716 normam
909 1687 950 1716 et
967 1676 1166 1716 amussim
1186 1678 1322 1730 justae
1343 1677 1564 1731 historiae,

98 1746 224 1786 quam
252 1731 385 1785 siqui
409 1731 659 1784 observent,
688 1731 798 1772 bene
818 1747 862 1772 se
883 1747 970 1772 rem
999 1732 1180 1782 habere,
1213 1742 1255 1772 et
1286 1734 1416 1774 alicui
1448 1735 1566 1777 bono

98 1803 220 1827 suum
245 1786 328 1826 hoc
350 1788 443 1826 fore
465 1788 692 1841 scriptum;
723 1789 790 1827 sin
812 1789 976 1838 minus,
1008 1791 1248 1829 volutatum
1277 1804 1366 1829 esse
1388 1791 1431 1829 in
1467 1792 1569 1831 Cra..

99 1845 176 1883 nio
197 1843 358 1884 dolium
383 1845 451 1898 (εἰ
472 1845 512 1885 δὲ
532 1843 611 1896 μὴ,
643 1842 872 1887 κεκύλισται
895 1842 916 1886 ὅ
937 1847 1062 1893 πίθος
1084 1844 1125 1886 ἐν
1149 1847 1314 1901 Κρανίῳ
1326 1847 1357 1897 ).
1397 1847 1568 1891 Alludit

98 1901 244 1943 ,Νοετεν
265 1900 315 1939 ad
341 1899 410 1950 id,
445 1900 560 1954 quod
583 1916 709 1955 supra
731 1915 765 1942 c.
786 1908 825 1946 3.
849 1900 899 1940 de
917 1901 1116 1955 Diogene
1140 1901 1241 1939 satis
1262 1902 1404 1955 lepide
1428 1919 1567 1944 narra·

99 1967 242 2004 verat;
275 1957 474 1996 nimirum
496 1972 546 1997 eo
567 1967 780 2011 tempore,
812 1972 895 2012 quo
926 1957 1153 2010 Philippus
1187 1958 1375 1998 Macedo
1407 1959 1568 2000 dicere-

101 2023 173 2052 tur
197 2013 454 2053 Corinthum
480 2014 725 2063 invasurus,
759 2013 884 2055 valde
909 2014 1101 2052 turbatos
1129 2014 1262 2053 fuisse
1291 2015 1566 2068 Corinthios,

106 2079 150 2108 et
174 2069 225 2108 ad
248 2084 356 2123 opus
379 2085 422 2110 se
452 2071 714 2122 accinxisse3
745 2071 852 2110 alios
877 2069 990 2109 aliud
1011 2084 1203 2123 parasse;
1238 2070 1352 2109 hunc
1375 2086 1484 2111 arma
1506 2075 1570 2113 fa·

104 2125 313 2165 bricatum
354 2141 467 2178 esse3
517 2127 637 2166 illum
669 2126 834 2180 lapides
868 2127 1086 2174 attulisse;
1138 2126 1348 2170 neminem
1381 2128 1568 2183 denique

103 2182 238 2224 fuisse
273 2184 475 2223 otiosum.
537 2183 637 2236 Quo
669 2184 783 2234 viso,
826 2184 1070 2237 Diogenem
1087 2215 1097 2232 ,
1142 2197 1235 2222 cum
1271 2184 1406 2233 nihil,
1450 2185 1568 2239 quod

103 2247 273 2292 ageret,
321 2239 521 2289 haberet,
571 2254 648 2291 nec
679 2255 702 2279 a
730 2254 944 2295 quoquam
973 2239 1025 2278 ad
1056 2238 1233 2293 aliquod
1270 2239 1566 2293 adhiberetur,

101 2298 238 2334 multo
257 2294 402 2335 studio
425 2298 638 2336 volutasse
659 2311 822 2337 sursum
843 2311 890 2337 ac
915 2295 1106 2336 deorsum
1126 2310 1200 2349 per
1221 2296 1422 2336 Granium
1443 2313 1566 2341 suum

103 2350 289 2402 dolium,
321 2351 738 2406 interrogatumque,
773 2352 878 2407 quid
903 2353 973 2391 illa
994 2361 1159 2407 ageret,
1192 2352 1489 2405 respondisse,
1521 2369 1567 2395 se

104 2421 301 2461 quoque,
343 2422 397 2447 ne
429 2411 545 2446 solus
581 2408 691 2448 inter
723 2418 791 2448 tot
823 2408 1064 2448 laborantes
1100 2418 1340 2448 cerneretur
1375 2411 1563 2462 otiosus,

104 2466 303 2504 volutare
335 2477 454 2504 suum
486 2464 660 2507 dolium.
720 2464 774 2503 Id
804 2479 905 2520 ergo
928 2468 1020 2504 vult
1042 2464 1125 2504 hoc
1150 2464 1194 2503 in
1216 2467 1311 2503 loco
1337 2465 1564 2513 Lucianus,

107 2533 250 2559 omnes
270 2519 349 2558 hac
374 2530 644 2572 tempestate,
676 2531 900 2574 tantopere
921 2520 1176 2579 πολυφώνῳ,
1210 2521 1373 2573 aliquid
1396 2522 1568 2563 histori-

104 2576 149 2614 ci
173 2576 477 2616 lucubrantur:
511 2591 588 2630 ego
613 2592 714 2617 vero
732 2608 744 2627 ,
776 2592 828 2617 ne
848 2581 962 2615 solus
993 2577 1103 2615 nihil
1134 2577 1250 2615 dicar
1279 2578 1452 2631 fecisse,
1495 2580 1568 2618 hi-

110 2633 257 2671 storici
281 2642 419 2686 partes
443 2643 688 2686 persecutus
712 2648 828 2674 sum:
862 2635 897 2672 si
921 2632 971 2671 ad
995 2633 1175 2674 aliorum
1196 2632 1242 2672 id
1270 2634 1411 2675 fecero
1439 2636 1569 2675 utili-

109 2696 260 2738 tatem,
308 2703 459 2742 operae
485 2689 708 2728 habiturus
739 2705 829 2728 sum
859 2688 1070 2742 pretium;
1113 2689 1203 2739 sin,
1244 2704 1336 2728 cum
1368 2692 1567 2747 Diogene

112 2744 278 2801 aliquid
297 2748 442 2788 saltem
462 2760 599 2802 egero.
659 2745 882 2786 Caeterum
900 2745 1117 2799 Granium,
1150 2746 1195 2786 in
1217 2759 1303 2803 quo
1322 2749 1566 2804 Diogenem
