1834 3188
251 210 351 262 536
608 225 1360 259 AnNo‘rA‘rroNEs

360 325 599 396 Ball-1312·
624 323 869 380 Ἀνέφυσεν)
900 323 1027 365 Conf.
1050 323 1164 362 infra
1182 323 1332 362 Abdic.
1353 338 1388 363 c.
1415 327 1484 367 27.
1534 325 1702 369 Sonin,

362 382 467 423 Ibid.
495 380 611 425 Τπό
632 388 703 438 μιᾷ
720 388 769 438 τῇ
785 383 947 438 πληγῇ)
976 380 1100 433 Angl.
1125 377 1240 437 ὁρμῇ.
1270 381 1448 423 ΒουΜ).
1501 376 1699 438 ΟρμῇΑ.

248 440 322 482 W.
346 440 394 479 P.
415 449 457 478 et
481 440 536 480 L.
593 425 766 494 Reliqui
789 442 944 495 πληγῇ,
976 446 1024 476 ut
1049 439 1204 490 Tyran
1236 452 1269 475 c
1295 443 1331 480 1.
1371 439 1539 478 Sozm.
1600 440 1703 479 Cim

250 509 394 536 omnes
423 495 531 538 Edd,
561 495 765 536 haberent
792 500 924 550 πλτῃῇ
955 508 1032 548 pro
1065 491 1188 549 ὅρμῆ,
1232 493 1404 534 Solemus
1434 492 1703 549 adscripscrat

251 551 556 595 conferendum
577 551 857 620 Tyrannicid.
884 566 917 590 c.
947 556 983 594 1.
1043 550 1113 589 Ibi
1144 560 1283 589 autem
1313 554 1451 605 legas.
1480 556 1610 609 πληγῇ
1639 557 1704 608 μᾷ

251 607 327 651 δύο
351 608 556 661 πονηροὺς
585 604 965 662 ἆποσκευασαμενος
991 608 1059 649 καὶ
1090 621 1304 660 φονευσας.
1365 606 1417 646 Id
1436 621 1539 647 vero
1562 623 1702 661 parum

249 665 359 705 facit
377 664 429 704 ad
450 664 846 716 demonstrandum,
869 675 909 705 et
929 664 998 703 hic
1016 669 1147 720 πληγῃ
1164 662 1415 719 legendum3
1449 678 1542 703 cum
1563 664 1636 704 hic
1660 666 1702 706 de

249 723 475 771 nativitate,
507 722 599 760 illic
622 720 674 761 de
692 733 814 762 morte
836 736 884 761 ac
905 719 1031 760 caede
1051 735 1186 761 sermo
1211 722 1281 762 sit.
1342 721 1380 762 V
1383 735 1497 761 erum
1518 720 1618 776 quia
1639 720 1705 761 hc

250 778 302 817 de
328 777 428 818 bello
452 793 586 818 sermo
610 787 695 830 est,
727 780 864 819 facete
888 775 1018 832 πληγὴ
1041 776 1200 817 dixisse
1220 777 1356 818 videri
1380 777 1539 831 possit,
1570 786 1621 816 ut
1641 789 1726 818 vt-'

252 834 449 873 cabulum
481 835 594 875 bello
627 835 847 889 proprium
880 844 1077 875 servaret.
1137 833 1219 874 Sed
1252 844 1294 874 et
1322 831 1426 888 ὁρμὴ
1457 833 1701 874 vocabulum

251 890 453 930 bellicum
473 901 558 940 est;
591 890 775 946 ideoque
796 892 879 931 hoc
899 891 1085 945 praetuli
1106 901 1282 945 propter
1301 890 1598 930 auctoritatem
1623 890 1705 931 Co-

253 946 409 988 dicum.
470 948 528 987 At
550 947 679 1003 πληγὴ
710 957 849 989 tamen
882 950 1075 1003 generale
1098 947 1202 1002 quid
1229 958 1316 996 est,
1350 957 1392 987 et
1414 945 1466 986 ad
1483 950 1624 1000 plures
1647 962 1702 988 re·

251 1006 364 1042 solet
393 1003 590 1053 extendi,
623 1015 673 1044 ut
699 1004 814 1058 apud
842 1005 1026 1044 Latinos
1055 1021 1131 1044 uno
1161 1007 1264 1054 ictu,
1301 1004 1330 1044 i.
1352 1018 1386 1044 e.
1407 1003 1549 1055 simul,
1580 1003 1703 1043 eaden.

250 1075 391 1114 opera,
428 1075 553 1114 quare
576 1036 622 1100 id
642 1076 730 1100 non
757 1063 883 1114 plane
905 1060 1115 1112 improbo.
1146 1061 1307 1103 me'rz.

364 1117 466 1157 Eacl.
488 1120 516 1160 1.
543 1122 608 1161 14.
646 1119 876 1167 Φίλιππος)
906 1115 1018 1158 Vide
1039 1118 1177 1157 Paras.
1202 1132 1238 1157 c,
1261 1122 1328 1161 42.
1376 1115 1445 1157 Ad
1465 1116 1705 1171 Philippum

255 1171 464 1213 adductus
499 1174 584 1213 fuit
616 1183 716 1228 post
752 1188 941 1228 pugnam
974 1173 1312 1213 Chaeronensem
1318 1203 1420 1215 .....
1465 1173 1517 1214 V.
1545 1175 1700 1213 Arrian

254 1230 396 1282 Epict.
418 1245 460 1284 p.
483 1235 581 1275 302.
615 1229 670 1286 (i.
691 1245 724 1272 e.
747 1231 839 1281 ΙΙΙ,
862 1236 938 1280 22,
958 1233 1025 1273 24.
1046 1231 1101 1269 cf.
1122 1229 1167 1277 I,
1189 1235 1268 1280 24,
1289 1235 1327 1275 6,
1354 1229 1504 1285 ibique
1527 1230 1704 1284 Uptonus

254 1286 443 1337 LEHM.)
475 1298 518 1326 et
535 1288 654 1341 Diog.
673 1287 809 1327 La'c'rt.
833 1292 924 1332 148.
948 1288 998 1328 B.
1030 1287 1200 1327 SoLAN.

368 1343 465 1397 Pag.
492 1349 585 1388 168.
607 1347 634 1383 1.
657 1348 696 1388 4.
738 1343 816 1386 Τὸν
842 1347 998 1396 πίθον)
1030 1343 1159 1384 Conf.
1196 1356 1310 1397 supr.
1343 1342 1464 1383 Dial.
1488 1343 1624 1383 Mort.
1643 1344 1709 1384 XI

256 1403 296 1449 ss.
320 1405 360 1444 3.
407 1401 576 1443 SOLAN.

368 1456 471 1497 Eacl.
493 1461 522 1496 1.
543 1460 581 1502 5.
615 1458 845 1511 Κρανείου)
887 1457 1076 1498 Craneum
1101 1456 1275 1508 schola,
1308 1471 1383 1497 seu
1414 1457 1711 1510 Gymnasium

257 1511 302 1550 in
328 1527 411 1566 quo
435 1515 655 1568 Diogenes
677 1513 855 1582 degebat
874 1524 971 1554 ante
1002 1514 1287 1563 Corinthum,
1319 1524 1368 1552 ut
1403 1513 1553 1552 scribit
1579 1514 1710 1554 Lazrt.

256 1568 328 1610 lib.
350 1575 390 1613 6.
414 1572 572 1624 (segm-
595 1574 663 1614 77.
676 1571 694 1622 )
725 1569 915 1626 ἐτύγχανε
936 1588 1016 1624 μην
1037 1571 1087 1612 αὐ
1109 1569 1297 1624 διάγων’
1281 1587 1323 1612 εν
1346 1575 1402 1624 τῷ
1431 1573 1613 1634 Κρανείῳ
1639 1568 1711 1624 πρί

257 1631 331 1667 τοῦ
355 1628 566 1681 Κορίνθου
604 1630 825 1684 γυμνασίῳ.
867 1628 1010 1667 COGN.
1078 1629 1284 1682 Κρανείου
1317 1613 1386 1665 edi
1417 1626 1587 1672 curavi,
1638 1641 1707 1680 pro

258 1686 436 1735 vulgato
456 1685 653 1739 Κρανίου.
713 1685 780 1723 Ita
799 1683 913 1724 enim
940 1684 1078 1725 Εαὲιτ.
1115 1698 1239 1737 quem
1275 1682 1397 1736 Cogn.
1426 1656 1631 1733 adduxit,
1674 1683 1710 1722 id

257 1738 426 1790 scribit,
460 1750 502 1779 et
522 1741 582 1779 ita
601 1743 683 1795 jam
705 1740 897 1780 editum
885 1755 931 1779 m
950 1740 1222 1783 Dia1.Mort.
1244 1740 1290 1786 I,
1314 1746 1351 1784 1.
1385 1739 1455 1778 Sic
1477 1738 1589 1781 Suid.
1613 1737 1712 1794 Κροῖν

257 1807 385 1836 νειον·
418 1794 560 1847 φυτὸν,
593 1798 658 1839 καὶ
679 1796 724 1838 vd
746 1794 989 1851 γυμνάσιον·
1020 1811 1116 1835 nam
1138 1798 1305 1848 κρανίον
1326 1810 1373 1835 os
1394 1795 1550 1847 capitis
1569 1806 1654 1845 est,
1685 1812 1708 1836 s.

259 1851 462 1892 calvaries.
521 1853 619 1896 vid.
644 1853 801 1894 Pollae.
821 1854 977 1895 Onom.
1007 1853 1045 1892 si
1077 1852 1180 1909 quid
1211 1866 1348 1906 opus.
1391 1852 1497 1905 quin
1528 1861 1571 1890 et
1606 1852 1712 1905 apui

257 1907 446 1948 Nostrum
468 1908 681 1949 interdum
702 1919 817 1950 recte
839 1910 1040 1950 scribitur
1063 1911 1289 1962 Κρανείου,
1319 1907 1447 1948 modo
1469 1910 1652 1960 Κρανίου
1676 1908 1714 1949 in

260 1964 455 2003 omnibus
479 1965 587 2008 Edd,
612 1976 660 2004 ut
683 1981 774 2020 cap.
795 1970 873 2009 ult
905 1966 1051 2006 vocab.
1080 1969 1158 2006 ult.
1192 1964 1319 2018 hujus
1352 1968 1604 2033 προςλαλιᾶς.
1664 1965 1720 2003 At

261 2034 355 2059 cum
378 2021 525 2062 suidas
541 2026 687 2075 paullo
712 2032 810 2063 ante
838 2023 966 2063 etiam
1000 2022 1159 2061 dixerit
1191 2024 1383 2075 κρανίον,
1412 2018 1558 2072 τόπος,
1585 2019 1726 2061 videri

258 2077 397 2130 possit
413 2079 578 2118 utrovis
594 2078 722 2119 modo
740 2079 885 2122 scribi.
944 2080 1135 2118 Praestat
1155 2088 1294 2117 tamen
1319 2077 1586 2117 differentiae
1606 2091 1727 2117 caus-

261 2147 307 2172 sa
326 2137 533 2188 Κρανείου
554 2136 627 2175 hic
648 2145 691 2176 et
712 2135 816 2175 alibi
833 2134 1039 2186 seribere,
1072 2133 1245 2187 quando
1280 2133 1331 2174 de
1365 2133 1602 2186 Gymnasio
1630 2148 1727 2174 ser-1

260 2203 329 2229 mo
352 2200 429 2231 est.
489 2192 573 2233 Sed
599 2201 644 2233 et
676 2194 859 2246 Κρανίον
878 2193 1004 2233 sacra
1029 2190 1184 2231 aedes
1173 2205 1217 2229 m
1238 2199 1383 2230 monte
1404 2189 1589 2231 calvaria
1607 2189 1724 2230 dicto

262 2245 508 2300 aedificata,
553 2258 603 2289 ut
631 2262 684 2288 ex
726 2247 871 2302 Cyrillo
897 2249 1081 2301 aliisque
1111 2256 1234 2287 notat
1263 2246 1398 2286 nobil.
1435 2246 1489 2286 du
1505 2247 1646 2286 Fresne
1678 2245 1727 2284 in

265 2302 451 2344 Glossar.
477 2306 624 2348 Graec.
654 2305 817 2346 Rnrrz.
878 2305 1075 2344 Ceterum
1099 2303 1315 2356 posterior
1336 2303 1441 2342 haec
1462 2301 1725 2364 comparatio

262 2358 406 2399 minus
430 2361 599 2402 videtur
621 2371 731 2414 apta.
788 2362 900 2402 Nam
931 2360 1155 2414 Diogenes
1178 2359 1281 2399 illud
1304 2359 1369 2412 (si
1393 2358 1565 2412 quidem
1589 2355 1719 2409 fecitJ

264 2413 433 2470 inepte,
481 2418 705 2458 Lucianus
740 2418 816 2459 hoc
850 2415 1094 2471 prudenter.
1155 2416 1236 2455 Sed
1276 2425 1426 2456 auctor
1458 2415 1639 2454 fortasse
1666 2403 1714 2452 iti

264 2472 455 2524 scripsit,
485 2484 536 2513 ut
564 2474 651 2514 vim
676 2474 1010 2539 comparationis
1037 2472 1270 2526 superioria
1297 2471 1536 2525 mitigaret,
1578 2480 1621 2509 et
1650 2469 1718 2508 hi-

266 2528 448 2569 storicos
469 2534 679 2584 placaret3
710 2532 892 2571 fortasse
914 2540 963 2569 ut
982 2530 1204 2578 innueret,
1238 2529 1392 2567 frustra
1413 2541 1456 2566 se
1478 2525 1715 2565 hominibis

266 2587 497 2626 temerariis
519 2597 743 2641 praecepta
764 2603 852 2628 esse
873 2587 1081 2628 daturum.
1140 2583 1238 2624 Vid.
1263 2599 1354 2638 cap.
1372 2586 1450 2622 ult.
1482 2582 1600 2624 Run

378 2640 480 2680 Ead.
502 2645 528 2682 1.
549 2648 588 2686 9.
624 2644 815 2698 Κωμικόν
835 2640 1132 2710 δορυφόρημα)
1160 2642 1376 2681 Praeclare
1395 2637 1622 2679 satellitium
1640 2637 1716 2679 hoe

267 2697 458 2737 comicum
484 2699 742 2752 illustravit,
772 2711 813 2741 et
839 2715 933 2743 cum
962 2696 1209 2753 προςχήματι
1237 2700 1408 2751 τραγικῷ
1437 2697 1716 2748 comparavit,

271 2750 529 2803 spanhemius
551 2755 604 2796 ad
635 2758 897 2816 Aristophan.
923 2757 1030 2798 Rau.
1055 2760 1150 2801 944.
1182 2753 1319 2794 ΟΜΝ.
1382 2752 1601 2796 Hcmsierh
1630 2764 1718 2792 orae
