1834 3188
303 227 404 273 494
658 240 1410 272 ADNorstrroNEs

301 347 366 388 et,
397 351 482 391 quo
512 350 556 376 se
579 337 821 391 expediret,
855 338 1088 392 conjecisse
1119 337 1409 389 scribendum,
1441 340 1477 382 εἰ
1495 336 1569 393 τὴν
1595 336 1689 394 ’ὅλην
1718 338 1758 383 δ’-

299 412 384 449 μως
404 403 486 433 etc.
549 394 685 448 Quam
711 395 979 448 asperrimam
1010 395 1218 434 orationis
1242 395 1352 434 viam
1375 410 1484 447 non,
1517 395 1662 446 credo,
1696 398 1760 434 in-

299 452 420 491 iisset
438 451 505 490 vir
527 451 631 490 alias
654 451 767 489 haud
793 451 1198 515 inelegantissimus‚
1232 452 1267 489 si
1287 455 1353 491 vel
1370 453 1606 492 versionem
1622 452 1759 492 Gesne-

300 511 355 558 νὶ,
387 521 640 562 quamquam
670 507 784 545 illam
815 522 893 561 pro
921 508 1095 562 linguae
1124 508 1311 547 Latinae
1339 509 1467 562 genio
1498 509 1755 554 liberiorem.

297 574 412 603 recte
434 563 730 616 consuluisset,
761 568 831 603 vel
852 565 978 603 etiarn
1000 578 1159 603 comma
1185 564 1308 612 illud,
1337 564 1487 618 quod
1475 580 1518 603 m
1541 566 1756 619 plerisque

296 619 408 659 Edd.
431 630 528 673 post
545 618 642 673 ἡμῖν
654 620 851 674 positum
877 631 985 666 exat,
1016 624 1143 674 plane
1163 620 1382 660 abfuisset.
1424 621 1516 660 Nos
1539 622 1755 660 infelicem

296 678 420 716 istam
448 677 671 728 offensam,
695 687 927 745 praeeunte
949 678 995 719 Β.
1019 683 1082 723 3.
1103 676 1332 716 tollendam
1356 677 1570 716 duximus.
1600 678 1756 716 me.

409 732 510 775 Εαᾶ,
534 736 562 772 1.
586 735 624 778 5.
657 730 855 787 Σκιασαι)
886 734 969 783 At,
1002 734 1037 773 si
1062 735 1273 772 Perraltos
1298 733 1466 785 audias,
1501 733 1584 773 hoc
1605 733 1757 786 picto—

293 789 410 829 ribus
436 790 626 842 antiquis
648 805 700 830 ne
729 790 774 828 in
807 800 989 829 mentem
1012 790 1182 843 quidem
1211 799 1395 830 venerat.
1452 789 1550 829 Vid.
1567 789 1754 830 Philostr.

291 860 333 900 p.
357 851 424 889 71.
447 855 489 886 et
521 846 612 886 Jun.
640 846 691 885 de
717 847 822 889 Pict.
853 856 937 888 vet.
968 847 1062 894 III,
1092 853 1131 891 3.
1175 847 1343 887 SOLAN.
1404 846 1618 900 Imprimis
1652 850 1690 896 0.
1713 851 1752 889 6.

291 903 367 941 ubi
390 902 531 942 Junius
551 918 572 942 e
594 903 903 956 probatissimis
926 903 1205 956 scriptoribus
1230 903 1374 953 docet,
1407 903 1585 941 luminis
1605 912 1647 941 et
1664 917 1752 940 um-

290 959 389 998 brae
417 959 739 998 distinctionem
760 974 847 999 non
873 974 972 998 sane
993 959 1228 1012 pictoribus
1252 960 1467 1023 antiquis,
1502 959 1683 998 maxime
1708 959 1754 996 in

288 1014 537 1056 sedentibus
578 1015 863 1069 imaginibus,
912 1016 1175 1068 incognitam
1212 1018 1278 1055 vel
1322 1015 1568 1054 inusitatam
1601 1013 1750 1053 fuisse.

287 1073 419 1111 Hunc
441 1081 579 1111 autem
602 1072 782 1111 Luciani
793 1075 946 1111 locum
981 1086 1002 1110 a
1025 1071 1176 1112 Junio
1163 1086 1207 1110 in
1242 1086 1336 1111 eum
1363 1072 1488 1111 finem
1513 1085 1601 1111 non
1623 1071 1752 1109 adhi-

287 1128 424 1167 bitum
453 1142 540 1168 esse
561 1142 694 1180 paene
712 1123 854 1169 miror.
896 1129 1055 1167 meM.

401 1184 506 1224 Ibid.
542 1186 621 1226 Και
642 1188 713 1226 τοῦ
733 1185 929 1239 μεγέθους
943 1183 1013 1226 τὸν
1031 1183 1176 1239 λόγον)
1207 1185 1312 1224 Cum
1325 1183 1545 1224 Lucianus
1567 1182 1751 1237 descrip-

288 1241 415 1281 sisset
439 1241 698 1280 Centaurum
719 1242 921 1280 feminam
948 1203 1111 1279 duobuys
1135 1241 1374 1280 infantibus
1393 1240 1521 1279 ubera
1543 1240 1751 1292 praeben-

287 1307 370 1337 tem
395 1312 416 1336 a
439 1296 634 1337 Zeuxide
659 1296 838 1336 mirifice
869 1297 1144 1349 descriptam,
1179 1301 1298 1348 cujus
1323 1297 1488 1336 tabulae
1511 1299 1748 1348 exemplu'm'

282 1354 502 1394 visebatur
522 1353 732 1404 Athenis,
767 1368 861 1392 cum
888 1353 1025 1406 ipsum
1062 1353 1268 1392 Zeuxidis
1289 1352 1551 1407 πρωτότυπον
1577 1367 1599 1391 a
1628 1354 1746 1392 Sulla

282 1411 457 1449 missum
476 1411 653 1449 Romam
691 1410 740 1448 ad
765 1411 948 1449 lVIaleam
974 1410 1198 1463 naufragio
1221 1409 1535 1460 intercidisset,
1565 1409 1748 1462 plurima

282 1467 366 1505 alia
388 1467 522 1505 fuisse
547 1467 591 1504 in
612 1467 683 1504 ina
706 1466 849 1505 tabula
870 1466 1016 1505 divina
1047 1469 1174 1519 plane
1199 1475 1240 1505 et
1264 1464 1525 1516 admiranda,
1557 1479 1662 1519 quae
1685 1480 1747 1503 ar-

282 1523 336 1560 tis
369 1522 494 1561 rudes
522 1522 718 1577 fugiant,
751 1526 963 1577 elegantes
996 1533 1133 1560 autern
1170 1531 1448 1573 spectatores,
1483 1520 1743 1560 eteruditos

283 1581 433 1617 oculos
458 1578 681 1617 advertant
700 1579 907 1626 maxime,
938 1588 979 1617 et
1000 1579 1044 1616 in
1065 1577 1386 1617 admirationem
1411 1577 1601 1629 rapiant,
1625 1591 1743 1629 prae·

282 1635 409 1688 cipue
434 1649 533 1673 vero
557 1634 761 1687 pictores,
797 1635 870 1688 qui
894 1637 1025 1672 multa
1046 1633 1243 1679 videant,
1278 1647 1384 1686 quae
1407 1647 1484 1672 nos
1506 1647 1592 1672 non
1616 1633 1743 1672 vide-

279 1704 395 1735 mus,
426 1708 490 1732 και
518 1695 590 1732 τοῦ
609 1692 808 1760 μεγέθους
830 1689 899 1733 τὸν
925 1689 1069 1745 λόγον,
1102 1691 1182 1731 καὶ
1198 1708 1271 1743 την
1292 1707 1370 1730 των
1397 1690 1550 1756 μέτρων
1573 1688 1673 1741 πρὸς
1693 1687 1736 1731 τὸ

282 1744 378 1788 όλον
397 1744 558 1800 ἰσότητα
577 1749 644 1795 καὶ
664 1745 860 1802 ἁρμονίαν
874 1780 884 1798 ,
917 1748 1104 1802 γραφέων
1121 1747 1291 1795 παῖδες’
1274 1742 1565 1795 επαινοῦντων,
1598 1750 1659 1793 ὀἱς
1680 1747 1742 1796 8¹9-

278 1819 354 1857 γον
387 1804 531 1844 εἰδέναι
562 1801 611 1844 τὰ
640 1809 814 1845 τοιαῦτα,
878 1803 949 1842 Sic
982 1803 1026 1840 in
1049 1803 1254 1841 Latinum
1284 1804 1592 1841 transtulerunt
1623 1802 1739 1840 hunc

277 1862 443 1899 locum:
474 1861 535 1899 At
557 1860 838 1912 magnitudinis
865 1861 1173 1914 proportionem,
1207 1870 1240 1897 el
1260 1875 1412 1897 mensur
1413 1873 1528 1899 atum.
1539 1857 1594 1897 acl
1614 1869 1738 1897 totum

276 1916 554 1970 aequalitatem
578 1928 694 1970 atque
714 1933 936 1970 compaffem
952 1919 1121 1970 pictores
1141 1915 1422 1964 commendent,
1455 1923 1617 1968 quorum
1643 1931 1738 1952 mit-

274 1975 376 2012 neris
392 1985 447 2013 est
467 1973 567 2013 talia
588 1975 697 2015 scira
763 1979 829 2014 Τω
855 1975 934 2015 (ilco
959 1972 1102 2024 inepte
1125 1981 1165 2009 et
1194 1973 1352 2010 insulse
1373 1980 1650 2023 opponuntur
1669 1971 1737 2022 μὲ-

272 2048 357 2088 τρα.
412 2030 529 2070 Novi
561 2029 743 2098 quidem·
751 2032 892 2084 μέτρα,
927 2042 1001 2067 seu
1025 2041 1238 2066 mensuras
1264 2027 1309 2065 in
1332 2026 1522 2080 pictura,
1557 2025 1608 2065 de
1632 2027 1735 2080 qui-

273 2088 353 2128 bus
370 2087 663 2129 Philostratus·
652 2087 798 2141 junior
820 2086 863 2125 in
889 2084 1110 2139 prooemio
1129 2084 1330 2130 leonum,
1364 2091 1406 2121 et
1422 2081 1589 2121 Plinius.
1649 2082 1734 2122 Sed

272 2145 410 2200 ἰσότης
437 2163 503 2188 και
535 2142 708 2199 ἇομονία
739 2142 994 2196 simpliciter
1026 2149 1087 2179 est
1118 2139 1382 2192 symmetria,
1415 2153 1555 2192 neque
1582 2139 1732 2191 μέτρων

271 2202 409 2256 ἰσότης
429 2202 655 2256 quicquam
678 2198 794 2238 aliud
826 2212 914 2238 esse
937 2206 1103 2250 potest,
1136 2210 1258 2249 quam
1282 2197 1508 2247 συμμετρία.
1569 2195 1613 2234 Si
1632 2209 1732 2263 ergo

271 2263 487 2314 vulgatam
510 2268 699 2296 tenemus
720 2257 964 2303 lectionem,
993 2255 1111 2305 cujus
1138 2253 1197 2290 rei
1220 2252 1299 2291 erit
1320 2253 1394 2290 illa
1415 2252 1563 2306 μέτρων
1583 2249 1734 2303 ἰσότης.

270 2315 464 2355 Membra
485 2328 585 2354 vero
603 2322 644 2353 et
663 2322 800 2365 partes
824 2319 936 2350 recte
958 2318 1245 2373 opponuntur·
1253 2308 1348 2347 toti.
1389 2308 1561 2346 Illarum
1580 2321 1729 2359 aequa-

270 2372 368 2410 litas
392 2371 516 2410 debet
537 2367 790 2422 respondere
814 2367 908 2406 toti.
970 2364 1245 2419 Legendum
1234 2365 1365 2419 igitur
1386 2373 1471 2410 est,
1502 2367 1580 2404 τῶν
1598 2367 1728 2414 μεοῶν

269 2427 372 2482 πρὸς
395 2426 440 2470 τό
464 2426 560 2470 ὅλον
591 2425 771 2478 ἰσότητα,
801 2425 973 2478 partium
998 2439 1083 2462 cum
1104 2433 1182 2461 toto
1208 2423 1497 2474 congruentiam
1517 2431 1553 2458 et
1573 2434 1727 2473 aequa—-

269 2483 430 2525 litatem.
488 2483 681 2552 Dionysio
717 2481 833 2535 Long
814 2483 900 2519 nino
937 2481 1025 2532 περὶ
1059 2476 1191 2531 ὕψους
1222 2477 1378 2516 dicitur
1407 2477 1618 2530 συμμετρία
1645 2492 1726 2515 των

268 2545 397 2591 μελῶν
432 2538 534 2594 πρὸς
561 2537 677 2588 όλον,
712 2552 805 2576 cum
837 2537 919 2575 ait:
948 2536 992 2579 τὸ
1022 2535 1145 2576 καλὸν
1174 2539 1249 2576 τοῦ
1282 2530 1460 2586 σώματός
1479 2533 1556 2573 ἐστι
1580 2544 1723 2582 συμμε-

268 2599 357 2646 τρία
376 2601 456 2637 ταῖν
470 2600 609 2649 μελων
644 2593 904 2636 καθεστώτων
926 2590 1031 2649 αυτῷ
1055 2589 1155 2644 πρὸς
1176 2588 1319 2642 ἄλληλα
1347 2605 1386 2630 τε
1407 2605 1470 2630 και
1490 2586 1591 2641 πρὸς
1614 2586 1719 2629 όλον.

268 2651 528 2692 Pulchrimclo
549 2654 722 2705 corporis
743 2661 797 2690 est
826 2650 1083 2707 corformilas
1106 2648 1359 2687 membrorum
1383 2655 1480 2683 recte
1495 2647 1721 2683 constitnit)-

270 2724 355 2745 rum
377 2707 431 2745 acl
452 2724 490 2746 se
511 2710 692 2758 invicem,
725 2719 758 2746 ct
777 2707 832 2745 ad
848 2718 984 2746 iorum.
1042 2704 1152 2742 Aliis
1174 2713 1235 2742 est
1255 2701 1454 2753 dvalost'a.
1517 2699 1717 2738 Ciceroni

268 2762 305 2802 I.
332 2762 381 2801 (le
406 2763 679 2816 off.pmn11m
712 2765 991 2811 εοητειιίσηίὶα,
1025 2773 1057 2799 cl
1079 2771 1171 2812 apta
1199 2757 1453 2796 membrorum.
1476 2758 1715 2809 co‘mp‹›si‘.lzo
