1834 3188
367 217 435 262 42
857 222 1260 256 LUCIANI

224 343 260 375 p.
274 331 352 376 768.
367 324 416 367 λα
437 321 650 380 παραπολῦ
675 323 801 365 ἐκεῖνο
821 320 1087 378 εὐλογώτερον
1113 326 1192 364 τῶν
1211 327 1369 365 πολλῶν
1388 321 1676 379 τρωθήσεσθαι
1692 320 1744 376 h)

222 408 258 441 p.
272 397 352 443 769.
367 395 431 436 καὶ
448 398 746 447 περιπεσεῖσθαι
764 396 820 448 τῷ
834 389 1039 445 τοξεύματι
1060 392 1237 442 ἐλπίζειν,
1267 389 1295 444 ἦ
1311 391 1471 442 πάντως
1492 395 1617 435 ἐκεῖνο
1636 392 1679 434 τὸ
1696 395 1744 434 ἓν

367 464 405 512 ἐξ
426 458 627 503 ἁπάντων.
661 457 683 501 ὁ
703 460 743 501 δὲ
758 462 946 507 κίνδυνος
970 457 1029 502 ὅτι
1049 457 1096 501 οῦ
1120 458 1275 514 μικρὸς,
1311 462 1345 501 εἰ
1360 458 1447 516 ἀντὶ
1463 467 1535 514 τῆς
1554 457 1615 502 ἐπ’
1639 456 1742 502 εὗθῦ

365 526 566 586 ἀγούσης,
601 530 641 577 ε’ς·
666 533 746 576 τῶν
777 529 1088 581 πεπλανημένων
1110 530 1205 581 μίαν
1227 524 1467 583 ἀγνοοῦντες
1487 530 1744 583 ἐμπέσοιμεν,

364 599 586 647 ἐλπίζοντες
603 596 766 650 ἄμεινον
797 593 1034 649 αἱρήσεσθαι
1056 593 1128 648 τὴν
1147 593 1269 650 τύχην
1290 593 1388 648 ὑπὲρ
1407 593 1545 650 ἡμῶν,
1578 595 1746 646 εἰκάζειν

364 665 487 720 οἶμαι.
521 663 614 708 οὐδὲ
642 663 715 719 γὰρ
744 659 992 719 ἀναστρέψαι
1018 666 1091 715 ἔτι,
1122 665 1189 706 καὶ
1220 661 1486 717 ἀνασωθῆναι
1517 662 1642 707 ὀπίσω
1669 665 1747 722 ῥᾴ-

366 737 481 784 διον,
512 731 564 787 ἦν
596 731 698 783 ἅπαξ
730 735 854 790 ἐπιδῷ
884 737 932 788 τῇ
960 731 1137 785 πνεούσῃ
1157 731 1198 783 i)
1232 750 1290 781 τις
1322 729 1470 781 αὑτὸν,
1499 731 1547 775 τὰ
1574 730 1745 789 ἀπόγεια

362 799 586 854 λυσάμενος
601 813 609 822 ·
643 798 729 842 ἄλλ’
754 796 908 855 ἀνάγκη
929 802 970 842 ἐν
988 806 1044 857 τῷ
1062 799 1219 856 πελάγει
1237 802 1525 854 διαφέρεσθαι,
1553 807 1747 843 ναυτιῶν-

362 887 411 911 τα
435 866 488 917 ὧς
509 866 552 910 τὸ
575 868 701 919 πολὺ,
735 871 800 911 καὶ
830 868 1009 920 δεδιότα,
1040 871 1107 911 καὶ
1139 873 1448 924 καρηβαροῦντα
1476 867 1555 911 ὖπό
1584 874 1655 911 τοῦ
1678 867 1746 911 σά-

362 943 459 988 λου,
501 940 592 978 δέον
619 938 657 987 ἐξ
688 933 834 991 ἀρχῆς,
876 938 972 992 πρὶν
1001 938 1229 989 ἐκπλεῦσαι,
1270 936 1476 991 ἀναβάντα
1503 939 1565 980 ε’πὶ
1593 936 1748 990 σκοπήν

361 1024 472 1056 τινα,
507 1006 734 1058 σκέψασθαι
765 1009 800 1048 εἰ
829 1004 1029 1059 ἐπίφορόν
1061 1007 1139 1047 ἐστι
1161 1007 1228 1047 καὶ
1251 1003 1395 1059 οῦριον
1419 1004 1462 1047 τὸ
1487 1010 1643 1059 πνεῦμα
1663 1011 1748 1054 τοῖς

218 1087 345 1123 12-770·
361 1077 417 1123 εἰς
446 1071 656 1127 Κόρινθον
676 1069 726 1130 ¹5)
761 1077 994 1116 διαπλεῦσαι
1023 1075 1229 1116 ἐθέλουσι·

357 1142 482 1196 νήτην
517 1143 586 1184 ἕνα
619 1140 688 1183 τὸν
717 1139 879 1195 ἄριστον
911 1143 1166 1193 ἐκλέξασθαι,
1201 1143 1270 1184 καὶ
1307 1147 1407 1183 ναῦν
1438 1139 1614 1197 εὐπαγῆ,
1654 1142 1745 1183 οἵαν

1267 1075 1356 1122 καὶ,
1388 1072 1438 1126 νὴ
1468 1076 1568 1123 Δία,
1601 1077 1746 1128 κυβερ-

358 1213 563 1267 διαρκέσαι
581 1209 685 1264 πρὸς
702 1214 937 1262 τηλικοῦτον
955 1207 1154 1251 κλύδωνα.

474 1284 613 1321 ΕΡΜ.
650 1276 762 1319 Οῦτω
793 1295 835 1332 γε
859 1275 1049 1331 ἄμεινον,
1092 1272 1124 1320 οἶ
1149 1283 1327 1328 Λυκῖνε,
1371 1273 1599 1330 παραπολῦ.
1642 1274 1749 1330 πλὴν

276 1285 336 1329 29·

388 1346 404 1363 σς
443 1345 453 1360 p
555 1344 576 1357 et
653 1343 674 1357 (ν
861 1347 871 1361 ,
955 1344 963 1358 ι
1258 1344 1266 1358 x
1385 1343 1395 1358 7
1453 1344 1474 1359 ,ι
1622 1341 1641 1356 Ἃ
1707 1342 1730 1357 el

361 1351 454 1391 οιδα
485 1364 527 1403 γε
555 1363 616 1388 οτι
647 1363 827 1394 απαντας
854 1363 896 1387 εν
914 1351 1049 1387 κυκλω
1070 1351 1317 1402 περιελθων,
1350 1363 1424 1387 ουκ
1447 1351 1593 1394 αλλους
1616 1362 1666 1387 αν
1685 1362 1749 1387 ευ-

449 1473 517 1505 μεν
534 1461 593 1492 W.
601 1459 637 1478 “
664 1458 725 1491 Sic
747 1464 784 1491 et
801 1469 903 1500 3011.

449 1506 565 1539 Pellf

950 1458 998 1501 h)
1025 1456 1186 1514 τρωθή
1198 1461 1346 1494 σεσθα
1360 1459 1395 1503 ι]
1426 1455 1746 1502 ,,τιτροθήσεσθαι

598 1505 682 1538 Τῶν
698 1506 846 1538 πολλῶν
870 1517 916 1539 τι
939 1504 1204 1548 τρωθήσεσθαι
1225 1507 1321 1547 conj.
1349 1507 1469 1548 (έν-»ειη
1518 1505 1552 1546 i)
1579 1517 1690 1539 πνεο
1703 1519 1746 1539 v-

449 1552 523 1597 σῃ]
551 1551 660 1594 Vulg.
680 1549 851 1594 πλεούσῃ.
888 1551 968 1583 Vid.
991 1552 1124 1583 Adnot.
1152 1551 1337 1595 Deinceps
1355 1563 1421 1595 pro
1443 1552 1557 1591 τιςΒ·
1578 1563 1610 1593 3.
1632 1551 1745 1584 habet:

447 1611 581 1678 {git-J.
598 1644 644 1677 Η.
671 1645 754 1678 Par.
778 1649 848 1678 etc.
855 1644 879 1661 “

338 1750 492 1790 ,fuisse
519 1747 715 1787 arbitror.
776 1745 857 1786 Sed
882 1750 1017 1786 multo

354 1805 656 1846 rationabilius
678 1813 740 1843 est
758 1817 929 1855 sperare
952 1804 1018 1840 fu·

354 1873 519 1912 turum,
552 1871 600 1899 ut
633 1861 683 1898 de
717 1860 862 1897 multis
894 1859 1021 1914 quisl-

356 1919 448 1958 dczm
477 1917 763 1973 [quodcunque
783 1917 861 1968 sit]
894 1916 1018 1954 feria-

355 1985 446 2026 tur⁷
480 1986 522 2012 et
543 1975 586 2011 in
617 1977 747 2011 telum
770 1973 890 2025 quasi
912 1972 1018 2010 inci-

356 2031 450 2077 dat,
484 2045 607 2083 quarn
633 2044 763 2067 unum
795 2027 901 2066 illud
933 2042 1019 2066 om-

354 2088 462 2125 nino
484 2102 535 2125 ex
560 2086 770 2123 omnibus.
806 2085 905 2123 Non
926 2099 1020 2137 par-

354 2159 454 2182 vum
485 2152 621 2181 autem
659 2155 746 2180 esse
767 2141 1018 2193 periculum,

356 2201 391 2238 si
415 2214 487 2251 spe
506 2199 578 2236 illa
601 2197 792 2246 inducti,
826 2198 1018 2235 futurum

354 2266 402 2294 ut
423 2255 572 2294 melius
601 2255 772 2292 fortuna
793 2267 868 2306 pro
894 2253 1017 2291 nobis

355 2313 506 2365 eligat,
541 2324 615 2363 pro
640 2320 752 2348 tecta
784 2311 852 2348 via
884 2310 927 2346 in
959 2323 1018 2347 er-

354 2383 580 2407 ronearum
604 2367 789 2419 aliquam
821 2366 1019 2419 ignoran-

355 2425 415 2462 tia
443 2424 701 2472 incidamus,
736 2425 794 2460 ita
825 2437 887 2460 me
914 2432 1017 2474 puto

357 2481 579 2532 colligere:
613 2494 751 2532 neque
777 2478 889 2518 enim
912 2477 1019 2515 redi-

355 2551 399 2575 re
421 2539 499 2587 jam
527 2545 565 2574 et
597 2546 709 2574 retro
733 2536 934 2588 navigare
967 2534 1019 2571 ad

357 2595 531 2630 salutem
562 2592 688 2630 facile
721 2601 809 2638 est,
861 2591 896 2629 si
926 2591 1020 2643 quis

357 2651 482 2687 semel
505 2648 685 2700 spiranti
714 2661 755 2685 se
781 2664 921 2696 aurae,
956 2661 1020 2685 so-

357 2705 459 2742 lutis
512 2703 782 2753 retinaculis,
826 2703 1023 2756 permise-

359 2760 446 2813 rit3
479 2758 550 2799 sed
573 2773 737 2798 necesse
760 2770 822 2798 est
847 2760 890 2796 in
911 2762 1023 2812 pela-

585 1576 647 1639 k)0
660 1598 730 1637 εἰς
756 1596 1032 1640 Κόρινθον]
1052 1593 1279 1641 ,,Κόρινθόν
1303 1598 1341 1632 δε
1365 1598 1424 1636 W
1443 1598 1485 1634 P.
1534 1597 1640 1630 Nihil
1661 1609 1745 1631 mu-

937 1644 1015 1676 Nec
1040 1648 1082 1676 A.
1106 1656 1137 1678 1.
1156 1656 1187 1678 2.
1209 1644 1253 1677 B.
1277 1655 1306 1678 1.
1329 1655 1363 1688 5.

1077 1762 1132 1801 go
1165 1746 1313 1800 jactari
1345 1757 1619 1787 nauseantem
1652 1751 1743 1802 ple-

1077 1817 1281 1856 rumque,
1353 1814 1638 1855 metuentem,
1699 1813 1744 1844 et

1078 1870 1252 1914 gravato
1286 1859 1338 1898 ob
1371 1861 1650 1913 agitationem
1673 1875 1746 1899 ca-

1078 1917 1192 1969 pite:
1249 1930 1343 1954 cum
1389 1917 1654 1968 oportuisset
1693 1916 1745 1955 ab

1079 1972 1226 2021 initio,
1242 1983 1338 2010 ante
1359 1973 1605 2025 aliquando,
1617 1987 1744 2026 quam

1077 2039 1205 2081 portu
1227 2043 1377 2079 exures,
1401 2043 1628 2067 conscensa
1645 2044 1743 2092 spe·

1079 2088 1171 2122 cula
1194 2084 1365 2134 viderffe
1397 2086 1595 2124 ferensne
1619 2086 1676 2123 sit
1702 2095 1746 2123 et

1078 2140 1289 2179 secundus
1311 2151 1464 2179 ventus
1486 2141 1745 2180 Corinthum

1078 2197 1280 2251 navigare
1341 2197 1613 2245 volentibus;
1679 2206 1745 2250 et,

1077 2267 1152 2307 per
1196 2253 1372 2299 Jov‚em
1416 2253 1743 2307 gubernatorem

1077 2323 1209 2347 unum
1262 2311 1470 2361 optimum
1531 2309 1742 2362 deligere,

1078 2375 1119 2405 et
1148 2366 1289 2404 navim
1320 2366 1428 2404 bene
1457 2376 1741 2417 compactam,

1078 2436 1186 2474 quae
1209 2421 1358 2461 durare
1382 2421 1432 2459 ad
1457 2430 1621 2459 tantum
1639 2420 1742 2461 fluc-

1076 2488 1165 2516 tum
1191 2479 1340 2530 possit.

1137 2534 1273 2573 PIerm.
1318 2535 1383 2572 Ita
1410 2533 1604 2587 quidem,
1647 2535 1740 2587 Ly-

1081 2591 1196 2639 cine,
1249 2594 1384 2629 multo
1424 2591 1586 2629 melius.
1647 2591 1742 2630 Ve—

1081 2661 1170 2685 rum
1204 2646 1307 2685 novi
1339 2646 1561 2698 equidem,
1604 2657 1671 2697 te,
1705 2648 1742 2685 si

1083 2702 1242 2741 circulo
1283 2717 1424 2741 omncs
1467 2703 1619 2752 obeas‚
1664 2717 1742 2742 nec

1086 2757 1211 2797 duces
1233 2759 1425 2798 meliores
1450 2759 1740 2810 inventurum,
