1834 3188
272 188 374 238 544
630 199 1382 233 ADNo'rA'rroNEs

272 316 399 359 quam
430 298 545 366 quod
569 297 786 354 Rudolplzo
809 297 989 352 placuit.
1049 296 1112 352 Δὴ
1142 299 1188 338 in
1217 299 1356 339 ironia
1388 299 1575 354 positum
1608 314 1732 342 nemo

271 360 377 411 erit,
408 357 515 413 quin
547 364 760 412 agnoscat.
821 355 1087 419 Quamquam
1117 355 1315 410 equidem
1344 355 1423 398 h.1
1409 355 1516 411 1.δὴ
1547 369 1646 411 post
1664 359 1734 400 τὸν

264 413 466 470 Ἀτρέως,
508 428 632 468 quam
667 421 787 462 ante,
829 411 1072 451 maluissem
1104 415 1374 452 collocatum.
1427 386 1578 468 'Quod
1604 430 1733 469 quum

269 487 360 513 non
382 472 466 519 sit,
497 480 539 511 et
563 484 693 524 quum
717 471 783 510 δεῖ
809 482 887 507 nec
911 481 982 519 per
1002 482 1044 507 se
1075 466 1321 520 damnetur,
1353 483 1432 510 nec
1453 473 1537 509 ulla
1558 481 1733 510 externa

269 528 530 568 auctoritate
562 533 804 580 suspectum
839 523 1065 573 reddatur,
1104 525 1336 566 retinuisse
1365 525 1411 565 id
1443 526 1577 566 satius
1612 526 1732 568 duxi.

267 587 426 627 LEnM.

382 641 537 682 Ead.1.
561 644 627 684 11.
653 636 708 682 Ο
723 635 880 694 ”Αρης)
909 638 983 679 W.
1015 647 1057 679 et
1076 639 1163 680 Ms.
1196 639 1248 679 R.
1272 642 1397 685 2956.
1425 639 1538 680 Edd.
1568 640 1735 680 articu—

267 702 359 741 lum
381 712 471 738 non
496 705 745 752 agnoscunt.
786 697 884 736 Bu‘.
944 695 1157 750 Agnoscit
1180 697 1306 735 etiam
1329 697 1447 736 Gorl.
1496 696 1735 736 Nihilomi-

267 769 352 795 nus
384 769 480 794 eum
512 754 709 794 omittere
738 752 923 807 placuit,
957 752 1073 806 quod
1103 752 1297 806 putidam
1328 752 1438 792 hanc
1465 752 1734 807 diligentiam

268 812 317 850 in
342 811 524 851 articulo
558 810 726 864 saepius
749 807 979 862 repetendo
1010 823 1097 848 non
1124 810 1282 848 amavit
1298 810 1474 851 Luciam:
1498 810 1732 865 ingenium.

270 869 341 910 Cf.
369 882 403 908 c.
422 870 461 913 5.
484 868 543 906 in.
567 876 609 907 et
633 868 855 906 innumera
876 865 958 904 alia
976 868 1179 918 exempla.
1210 866 1370 908 Lnnm.

384 924 486 978 Pag.
511 926 606 968 175.
628 925 657 964 1.
684 928 722 966 1.
756 923 857 965 Καὶ
887 918 954 963 δι’
985 919 1129 971 αὐτὸ)
1163 922 1277 962 Scita
1299 933 1361 964 est
1381 923 1570 963 Luciani
1595 922 1736 963 obser·

269 980 401 1023 vatio.
465 981 557 1019 Usu
579 980 692 1019 enim
715 980 835 1020 venit
892 988 941 1016 ut
968 978 1135 1031 ineptas
1159 980 1415 1031 sententias,
1446 981 1627 1033 pessime
1650 979 1737 1018 dic-

268 1048 356 1084 tas,
388 1039 512 1077 metri
533 1035 765 1076 lenociniis
798 1038 916 1076 velut
938 1035 1180 1087 consopiti,
1211 1038 1398 1089 legamus
1417 1037 1653 1090 patienter,
1685 1045 1735 1074 ut

266 1095 452 1135 libenter
476 1091 720 1143 audiamus,
751 1092 787 1132 si
811 1092 930 1132 vocis
958 1100 1000 1131 et
1021 1089 1330 1132 modulationis
1352 1092 1575 1134 illecebrae
1597 1106 1735 1133 acces-

270 1151 418 1192 serint.
449 1151 572 1190 Run.

381 1206 486 1246 Ead.
506 1210 535 1247 l.
552 1210 592 1250 4.
618 1201 880 1259 Ἐπειςάγοι)
922 1203 1011 1243 Ubi
1041 1207 1171 1274 vulgo
1205 1205 1384 1259 legitur,
1430 1206 1554 1261 Μέγα
1582 1207 1735 1256 τοίνυν,

267 1269 419 1319 μᾶλλον
439 1264 481 1306 δὲ
498 1261 699 1333 υπέρμεγα
726 1267 844 1304 τοῦτο
864 1260 1015 1313 κακὸν,
1048 1264 1083 1303 εἰ
1112 1281 1165 1315 μη
1189 1265 1307 1329 ειὸείη
1326 1280 1384 1311 τις
1397 1265 1577 1317 χωρίζειν
1597 1263 1645 1305 τὰ
1666 1268 1739 1316 τῆς

268 1323 463 1376 ἱστορίας,
494 1322 559 1362 καὶ
582 1318 630 1361 τὰ
657 1324 729 1373 τῆς
751 1322 986 1371 ποιητικῆς,
1020 1315 1107 1360 ἀλλ’
1140 1316 1333 1374 ἐπειςᾶγει
1352 1324 1401 1374 τῇ
1419 1321 1575 1377 ἱστορία
1598 1319 1646 1361 τὰ
1666 1325 1737 1372 τῆς

268 1379 404 1433 ἑτέρας
428 1393 688 1433 κομμωτατα,
723 1389 798 1429 per
828 1389 871 1414 se
898 1378 1074 1443 planum
1103 1385 1191 1423 est,
1224 1376 1260 1414 si
1282 1363 1582 1429 praecedentia
1604 1377 1736 1430 respi-

269 1435 463 1485 ciantur,
495 1433 722 1488 legendum
757 1446 847 1472 esse
880 1428 1091 1487 ἐπειςᾶγοι.
1151 1432 1385 1487 Magnum,
1416 1433 1477 1472 ait
1505 1433 1734 1483 Lucianus,

267 1493 399 1530 immo
421 1491 652 1529 maximum
676 1499 740 1529 est
759 1488 926 1539 vitium,
951 1503 987 1527 ει
1010 1490 1106 1542 quis
1128 1488 1352 1528 historiam
1370 1489 1621 1543 scripturus,
1646 1504 1734 1529 non

266 1547 441 1587 noverit
471 1546 755 1610 distinguere
775 1544 888 1584 inter
918 1558 991 1595 ea,
1032 1559 1140 1598 quae
1174 1544 1403 1596 historiae,
1446 1555 1488 1585 et
1515 1561 1586 1595 ea,
1627 1560 1736 1600 quae

267 1603 460 1658 poetices
482 1612 583 1642 aunt
610 1601 811 1656 propria3
842 1599 952 1640 sed
938 1616 983 1639 m
1008 1600 1232 1640 historiam
1255 1603 1484 1642 transferat
1502 1576 1612 1642 aliiis
1633 1603 1735 1641 artis

269 1668 542 1710 ornamenta,
572 1659 664 1700 sive
694 1659 925 1712 pigmenta.
984 1657 1132 1697 Simile
1164 1656 1364 1697 mendum
1400 1658 1513 1698 infra
1545 1673 1635 1713 cap.
1663 1663 1734 1703 27.
1766 1706 1775 1715 .

269 1716 444 1755 sustulit
469 1714 657 1756 Graevius
686 1715 733 1758 iu
763 1713 903 1754 verbis
935 1711 1061 1768 ὥςπερ
1092 1710 1143 1756 ἂν
1178 1716 1215 1756 εἷ’
1240 1731 1299 1763 τις
1329 1719 1407 1756 τοῦ
1435 1714 1558 1784 Διὸς,
1588 1720 1663 1758 τοῦ
1691 1717 1734 1758 ἐν

264 1769 492 1843 Ὀλυμπίᾳ,
522 1770 566 1815 τὸ
589 1773 660 1826 μὲν
682 1768 778 1815 όλον
808 1767 954 1820 κάλλος
973 1774 1165 1820 τοςοῦτον
1185 1772 1251 1812 καὶ
1269 1775 1453 1814 τοιοῦτον
1477 1769 1548 1823 ὂν,
1578 1771 1630 1827 μὴ
1650 1774 1736 1827 βλέ-

239 1844 360 1879 ’ποι,
392 1827 487 1883 μηδ’
525 1830 707 1879 ἐπαινοῖ,
739 1827 837 1883 μηδὲ
864 1834 948 1876 τοῖς
976 1825 1052 1870 οὐκ
1086 1825 1274 1870 εἰδόσιν’
1256 1830 1451 1896 εξηγεΐτο,
1480 1831 1650 1884 legens
1689 1829 1733 1868 id

268 1885 387 1941 quod
407 1901 508 1927 sane
534 1886 792 1940 requiritur,
822 1885 1017 1938 ἐξηγοῖτο.
1049 1885 1174 1925 ΙΕΝε.
1232 1882 1469 1940 'Emis-aym
1498 1900 1550 1925 ex
1585 1886 1658 1926 W.
1691 1895 1732 1925 et

263 1942 343 1984 Ed.
378 1943 417 1985 J.
450 1953 528 1984 est.
587 1943 796 1996 Reliquae
824 1940 1025 1981 mendose
1054 1939 1277 1996 ἐπειςάγεις
1328 1940 1445 1995 quod
1475 1950 1589 1981 recte
1619 1941 1733 1981 vidit

265 1999 420 2039 Jensius
449 1998 774 2040 emendandum
812 1996 1306 2050 SOLAN.Optativu1n
1334 1997 1484 2038 lubens
1510 1999 1728 2049 expressi,

263 2070 355 2095 non
375 2065 459 2095 tam
486 2055 539 2095 ob
563 2055 669 2095 duos
691 2064 845 2103 testes,
879 2068 1002 2108 quam
1022 2053 1147 2092 etiam
1169 2053 1222 2092 ob
1254 2068 1438 2108 sequens
1460 2052 1667 2108 περιβάλοι
1689 2065 1731 2094 et

263 2114 455 2166 ἐντρίβοι.
486 2114 651 2152 Rm'iz.
711 2111 896 2165 Vulgata
920 2108 1034 2147 haud
1062 2118 1124 2148 est
1154 2109 1324 2162 inepta,
1370 2124 1499 2163 quum
1535 2121 1730 2150 auctores

264 2170 437 2223 saepius
455 2169 603 2208 modos
620 2168 797 2208 varient.
860 2166 928 2205 Cf.
946 2166 999 2204 D’
1019 2165 1158 2204 Orvill.
1181 2166 1234 2206 ad
1263 2166 1412 2206 Charit.
1431 2182 1471 2220 p.
1488 2172 1583 2210 279.
1603 2168 1729 2220 Lips.

263 2226 385 2268 Run,
444 2226 545 2265 Non
569 2235 707 2265 tamen
727 2233 879 2263 temere
898 2221 942 2260 id
972 2221 1232 2276 judicaverit
1253 2224 1348 2278 qm's
1373 2222 1467 2264 fieri
1498 2238 1521 2263 a
1538 2224 1727 2278 probatis

264 2281 561 2336 scriptoribus.
590 2282 750 2321 Lnnm.

378 2338 482 2380 Ead.
507 2342 535 2381 l.
556 2341 596 2383 5.
624 2335 817 2391 Ετέρας)
848 2336 975 2390 Angl·
995 2337 1162 2387 ἑταίρας.
1194 2335 1375 2377 Boxum.
1429 2333 1611 2390 Ἑτέρας,
1643 2351 1727 2375 ma-

265 2409 347 2433 nus
372 2395 464 2449 ipsa
494 2395 691 2445 Luciani3
724 2391 848 2459 ‘quod
880 2401 1021 2431 autem
1052 2393 1307 2463 praeferunt
1322 2392 1449 2447 Angl.
1473 2394 1559 2436 Ms
1585 2395 1657 2433 Gr.
1685 2405 1729 2433 et

264 2451 314 2492 P.
334 2453 513 2507 ἑταίρας,
544 2451 764 2516 corruptio
790 2462 911 2488 mera.
971 2449 1024 2487 In
1049 2450 1115 2488 M.
1138 2449 1267 2488 etiam
1288 2450 1445 2504 ἑταίρας
1464 2449 1622 2499 fuerat,
1653 2450 1726 2489 sed

266 2521 416 2546 :manus
436 2509 650 2548 recentior
673 2506 870 2546 mutavit.
931 2503 1029 2559 (De
1052 2504 1298 2558 Κομμώματ.
1323 2521 1362 2545 v.
1382 2505 1556 2560 Hesyclz
1580 2505 1724 2570 Saia..)

267 2562 439 2616 Longol.
482 2565 651 2604 SOLAN.
710 2564 812 2604 Non
839 2564 947 2601 male
973 2563 1141 2615 ἑταίρας.
1201 2561 1384 2617 Reliqua
1415 2562 1475 2599 ita
1510 2572 1649 2602 essent
1676 2563 1723 2602 in

267 2621 564 2671 appositione;
598 2631 640 2662 et
659 2624 795 2675 μῦθον
814 2628 855 2658 et
875 2617 1016 2687 ἐγκώμ
1040 2632 1066 2657 v
1071 2627 1213 2658 ocaret
1230 2620 1387 2669 ἑταίρας
1404 2614 1582 2671 κομμώμ.
1601 2620 1720 2660 Run.

268 2674 468 2727 Sequitur
503 2678 630 2717 etiam
661 2693 762 2717 mox
792 2672 945 2727 κόσμος
974 2693 994 2717 ο
1010 2673 1236 2746 ’ἑταιρικάς
1295 2673 1621 2714 Nihilomninus
1653 2676 1723 2713 ni-

267 2730 395 2770 mium
419 2742 525 2784 puto
545 2733 587 2774 h.
607 2737 634 2773 l.
654 2732 910 2787 leolplmm
933 2731 1022 2770 ab‘
1004 2733 1139 2787 evalem
1158 2739 1322 2783 captum
1346 2729 1491 2772 fuisse.
1551 2732 1721 2772 Articu-
