1834 3188
436 141 489 170 ix
527 139 691 169 varum
732 138 995 169 HlsToRlAE
1031 139 1123 170 Lm.
1163 140 1211 170 Η.
1460 128 1557 174 679

90 246 236 278 tratur.
300 236 393 275 Etsi
421 237 484 279 ἐπὶ
515 234 620 287 δεξιά
641 245 681 277 et
711 234 775 279 ἐπ’
799 232 986 290 ιῖριστερᾶ
1009 246 1124 276 recte
1145 235 1323 284 (licitus,
1359 246 1407 276 ut
1428 238 1552 279 Hom.

87 295 139 333 Il.
170 294 278 341 VII,
309 299 404 338 238.
456 303 500 333 et
534 293 657 345 alibi3
708 308 802 332 nam
834 293 896 331 ibi
923 292 1038 332 aliud
1072 293 1244 332 verbum
1286 293 1550 347 adjungitur.

88 351 220 390 Conf.
249 364 327 389 nos
361 364 487 403 supra
512 349 563 389 ad
589 365 624 390 c.
646 355 715 394 28.
744 349 901 403 Quom.
933 363 1094 389 conscr.
1121 349 1224 388 hist.
1281 350 1340 389 Et
1359 350 1550 402 videbis,

83 421 173 446 non
199 406 409 446 immerito
430 410 573 445 locum
594 406 686 448 Ad,
710 407 773 448 ἐπὶ
795 404 974 460 Δήλιον,
1008 417 1251 460 suspectum
1281 420 1452 462 quoque
1475 407 1552 447 So-

84 462 178 503 ἷαηο
197 462 349 503 videri.
381 464 542 505 Rnrrz.

196 518 299 558 Eacl
320 523 432 563 1.10.
472 517 779 573 Τούςὲτέρους)
813 519 883 559 Sic
905 519 1012 574 legit
1036 519 1259 572 interpres.
1291 519 1350 559 At
1372 534 1451 575 ego
1471 535 1549 573 pu·

85 585 131 614 to
168 574 394 629 legendum
425 577 626 630 ἓταίοους,
669 591 764 614 nam
797 586 840 615 et
863 577 976 614 infra
1000 576 1044 613 in
1067 577 1336 617 Demonacte
1361 576 1548 630 discipu

82 634 149 671 los
170 632 381 682 Socratis,
415 632 466 672 de
486 647 569 686 quo
590 633 660 672 hic
678 634 886 686 loquitur,
917 633 1099 686 ἑταίρους
1122 642 1268 681 vocat,
1303 631 1486 683 εἰπόντος
1507 636 1550 676 δέ

82 705 193 737 τινος
214 694 292 730 τῶν
312 690 491 743 ἑταίρων·
515 699 556 729 et
577 704 731 739 rursuS,
748 694 827 730 τῶν
844 692 1009 743 ἑταίρων
1032 707 1090 738 τις
1113 685 1217 740 ὁρῶν
1238 694 1374 731 ταῦτα
1396 691 1544 730 PALM.

81 744 324 784 Admodum
346 749 490 799 jocose
509 756 649 785 narrat
671 746 900 795 Ladmus,
933 747 1022 792 uti,
1056 760 1147 784 cum
1166 756 1275 785 esset
1299 745 1412 800 apud
1438 747 1546 786 infe·

81 815 165 851 ros,
181 802 304 853 impii
323 803 463 856 ruptis
483 802 668 841 vinculis
692 802 929 841 invaserint
959 802 1126 855 piorum
1158 803 1399 855 regionem3
1431 803 1545 841 Rha-

81 857 342 909 damauthyn
368 867 505 898 autem
526 858 676 897 heroas
699 858 896 897 eduxisse
915 859 961 896 in
986 858 1115 897 aciem
1132 890 1143 907 ,
1176 860 1403 911 praefectis
1426 859 1544 898 The-

79 928 176 961 seo,
208 914 402 964 Achille,
435 925 477 953 et
498 915 627 967 Ajace
647 916 924 965 Telamonio,
959 915 1032 968 qui
1066 925 1236 953 strenue
1263 916 1546 968 represserint

80 971 251 1022 impios.
312 970 425 1010 Ante
467 985 612 1010 omnes
651 981 788 1011 tamen
818 971 1018 1011 virtutem
1054 971 1263 1020 Socratis,
1318 972 1363 1010 in
1391 971 1542 1011 dextro

78 1040 212 1066 cornu
235 1028 495 1081 pugnantis,
535 1028 783 1075 emicuisse3
826 1043 952 1082 quare
982 1027 1164 1066 donatus
1196 1027 1330 1067 fuerit
1360 1027 1542 1081 pulchro

78 1093 120 1122 et
143 1084 333 1135 spatioso
357 1083 510 1134 horto,
543 1084 588 1122 in
609 1098 730 1138 quem
755 1085 1005 1123 convocarit
1024 1083 1120 1132 τούς
1139 1085 1317 1134 ἑτέρους,
1358 1085 1540 1139 reliquos,

76 1139 228 1178 heroas
254 1153 428 1193 nempe,
461 1151 509 1178 ut
529 1155 607 1195 ego
628 1140 798 1194 quidem
821 1155 1004 1194 expono.
1064 1141 1122 1179 At
1143 1141 1362 1180 Palmcrius
1378 1155 1419 1193 p.
1443 1147 1539 1186 678.

75 1196 183 1251 legit
213 1196 406 1251 ἑταίρους.
468 1198 623 1237 Verum
659 1196 853 1250 quidem,
884 1199 941 1238 ἕετ
946 1215 1016 1250 ρος
1040 1211 1163 1251 saepe
1187 1212 1402 1250 perperam
1427 1199 1541 1250 apud

76 1253 306 1305 scriptores
327 1253 503 1306 reperiri
524 1268 600 1306 pro
625 1255 801 1301 ἕταΐοος,
834 1263 875 1293 et
901 1264 1070 1293 contra:
1104 1258 1222 1303 (nam
1246 1264 1287 1292 et
1311 1255 1445 1303 ἕταῖοα
1461 1269 1538 1306 pro

73 1309 200 1363 ἑτέρα,
215 1309 260 1347 in
282 1322 361 1348 suo
384 1309 495 1350 libro
513 1310 668 1364 legisse
688 1310 912 1349 Brodaeum
935 1310 1046 1364 apud
1061 1312 1246 1350 Mamm
1271 1311 1315 1348 iu
1339 1309 1388 1350 de
1403 1312 1537 1349 Mero

75 1364 201 1405 cond.
225 1366 334 1404 circa
367 1366 436 1408 fin
458 1368 618 1422 liquet,
661 1369 757 1421 quia
787 1367 849 1404 ibi
880 1382 957 1419 pro
981 1369 1114 1423 ἑταίρα
1141 1366 1366 1421 legendum
1395 1376 1541 1406 monet

72 1422 208 1478 ἓτέοα,
238 1432 288 1460 ut
306 1437 420 1461 nunc
440 1433 553 1463 recte
574 1438 618 1461 m
641 1424 827 1477 vulgatis
853 1411 1119 1462 editionibus
1138 1424 1307 1477 legitur
1322 1427 1335 1472 )
1368 1423 1455 1461 Hic
1479 1433 1539 1461 ta

68 1494 166 1518 men
190 1481 304 1517 nulla
341 1478 512 1518 videtur
541 1479 733 1519 mutandi
755 1480 1008 1526 necessitas;
1044 1495 1160 1530 cum,
1193 1489 1241 1517 ut
1261 1478 1373 1528 dixi,
1404 1490 1538 1518 caete-

67 1535 105 1574 ri
126 1534 274 1574 heroes
296 1534 384 1573 sint
407 1536 702 1589 intelligendi:
745 1549 817 1574 eos
839 1536 952 1576 enim
973 1536 1034 1574 ibi
1060 1535 1173 1589 apud
1195 1535 1406 1576 Socratem
1433 1536 1539 1573 fuis-

72 1605 138 1642 se,
173 1601 216 1631 et
248 1593 422 1633 ἐπινίκια
449 1591 704 1639 celebrasse,
751 1601 869 1662 patet
896 1606 948 1631 ex
977 1606 1089 1646 seqq.
1122 1593 1244 1632 JENS.
1301 1590 1539 1645 Ἑταίρους)

71 1648 125 1687 In
148 1647 346 1686 omnibus
366 1648 486 1687 libris
509 1648 763 1703 legebatur
746 1665 804 1689 ετε
796 1649 929 1699 ὀους·
961 1647 1033 1687 sed
1055 1648 1185 1713 proba
1205 1659 1265 1687 est
1289 1648 1479 1688 Palma-ii
1499 1659 1541 1687 et

78 1705 233 1744 Vorstii
253 1704 518 1755 emendatio,
553 1720 676 1759 quam
698 1705 752 1744 L.
774 1703 880 1745 Coc]
902 1705 1132 1743 auctoritas
1153 1705 1280 1744 etiam
1305 1705 1538 1743 confirmat.

76 1762 245 1800 SOLAN.
283 1758 495 1814 Εταίρους
514 1761 752 1814 legendum.
785 1761 858 1798 LA
883 1761 1049 1800 Cnozr..
1113 1761 1224 1814 Quia
1249 1761 1440 1813 quinque
1467 1761 1537 1798 do

75 1817 255 1857 ctissimi
275 1817 383 1866 viri,
424 1817 590 1857 Palmer.
616 1817 748 1858 Vorfflst
780 1815 972 1866 Solemus,
1012 1817 1079 1855 La
1104 1818 1222 1857 (jn-oze
1251 1826 1292 1856 et
1327 1817 1535 1865 Gesner-us,

73 1874 119 1913 id
143 1877 210 1912 vel
229 1877 475 1928 conjectura
498 1874 686 1913 adsecuti
711 1882 835 1921 sunt,
868 1876 937 1911 vel
958 1876 1218 1926 praetulere,
1252 1872 1366 1927 quod
1389 1872 1538 1912 Codex

75 1930 263 1982 optimae
285 1941 414 1970 notae
432 1931 486 1971 L.
508 1930 750 1979 confirmat,
785 1944 872 1968 non
891 1929 1099 1968 haesitavi
1119 1928 1161 1967 id
1183 1930 1369 1982 recipere
1391 1939 1536 1967 contra

73 1986 240 2025 turbam
263 1988 441 2027 aliorum
467 1986 773 2041 exemplarium
798 1985 942 2024 minus
970 1994 1070 2039 apte
1099 1987 1260 2040 ἑτέρους
1287 1985 1535 2040 legentium.

69 2043 233 2082 Rssrrz.

187 2100 284 2154 Pag.
304 2105 400 2144 296.
421 2103 447 2141 l.
469 2105 507 2144 2.
535 2097 655 2153 Ἀρχὴ
678 2104 752 2142 τοῦ
772 2096 1021 2153 ποιήματος)
1051 2098 1249 2137 Imitatus
1274 2098 1344 2137 bic
1370 2097 1539 2138 videtur

73 2157 278 2196 Lucianus
309 2157 483 2194 initium
519 2157 726 2208 poematis
755 2155 1014 2210 Epigon6n‚
1063 2153 1112 2193 de
1147 2168 1232 2208 quo
1265 2154 1463 2209 Bentlejus
1493 2155 1536 2192 iu

74 2213 216 2266 Epist.
239 2213 291 2251 ad
311 2213 373 2253 Jo.
397 2213 639 2265 ΖΠίῖΖιιυηΡ.
663 2218 730 2257 62.
751 2218 817 2257 63.
849 2213 921 2251 LA
948 2211 1115 2251 CROZL.

190 2269 292 2311 Ead
314 2273 341 2309 1
362 2274 400 2311 7.
437 2268 885 2321 ᾖῙυσα-ηόμενος]
918 2270 987 2308 De
1015 2266 1261 2322 Pythagora
1283 2267 1402 2305 fabas
1422 2280 1536 2305 aver·

77 2335 197 2365 sante
221 2325 310 2366 vid.
332 2327 465 2364 Dian.
492 2327 644 2366 Mortt.
666 2326 770 2376 XX,
794 2331 834 2370 3.
853 2334 894 2363 et
914 2325 999 2368 Vit
1021 2325 1146 2363 Auct
1171 2338 1206 2363 c.
1221 2329 1260 2368 6.
1284 2322 1431 2376 ibique
1453 2321 1535 2360 Ad-

78 2391 226 2422 notata
249 2385 368 2422 Tom.
392 2383 453 2423 II.
475 2397 516 2434 p.
538 2387 635 2426 602.
659 2397 720 2435 sq.
751 2392 793 2421 et
817 2382 1040 2434 T.111.p
1062 2383 1157 2423 506.
1180 2394 1239 2449 sq.
1273 2380 1432 2418 Lmrm.

190 2438 292 2479 Ead.
309 2442 335 2478 l
360 2444 425 2482 12.
456 2434 626 2504 Επιμαι
632 2442 708 2488 ως)
742 2442 921 2488 Κίιυρος
947 2435 1027 2491 ἤοα
1048 2435 1173 2478 πολὺν
1199 2435 1278 2489 ἤδη
1298 2434 1445 2505 χρόνον
1467 2438 1538 2487 τῆς

70 2493 256 2549 Ελένης,
289 2514 357 2537 και
375 2494 473 2548 αὕτη
497 2496 538 2538 ὁὲ
562 2492 636 2538 οὖν.
661 2492 683 2535 (ἶ
674 2494 823 2548 φανὴς
842 2514 895 2547 ⁷1²
917 2497 1119 2546 ἐπιμανως
1145 2490 1339 2546 αγαπῶσα
1359 2490 1430 2534 τὸν
1449 2509 1534 2533 isa-

75 2554 228 2595 νίσκον.
277 2553 387 2592 Satis
414 2561 523 2591 cette
546 2552 700 2591 usitato
722 2551 930 2605 loquendi
951 2550 1078 2588 modo
1102 2548 1261 2588 dieitur
1282 2549 1352 2587 hic
1372 2549 1533 2587 Helena

75 2610 275 2661 ἐπιμανῶς
307 2607 496 2662 sirasirim
568 2607 650 2648 Sed
681 2623 777 2647 ecce
807 2607 1067 2646 Scholiastes
1095 2620 1182 2644 non
1211 2607 1432 2656 ἐπιμανῶς,
1464 2604 1534 2643 sed

79 2666 240 2717 imvuig,
275 2667 360 2721 hgi
395 2669 505 2715 vult,
540 2664 668 2719 idque
702 2664 883 2718 exponit
916 2666 1230 2717 ἐφελκυστικώς,
1263 2662 1420 2703 addens
1452 2662 1537 2703 ἐπιν
