1834 3188
450 181 1256 215 [NHERMOTIMUM.
1488 203 1590 251 377

128 280 257 326 ελθῶν
281 283 319 330 ἒς
351 277 499 332 αὐτὴν,
527 274 748 335 ἆναγκασει
773 277 848 331 τὴν
868 284 1036 334 γυναῖκα
1061 280 1171 335 ἕρᾷν.
1230 279 1280 318 In
1309 279 1377 319 his
1409 276 1590 317 manife-

130 339 311 379 stissime
344 335 444 385 όλως
476 336 613 386 idem,
647 335 762 389 quod
786 334 900 386 όλος,
935 339 1060 374 valet.
1124 336 1214 375 Nec
1245 337 1368 375 aliter
1394 333 1438 371 in
1468 333 1588 372 Dial.

127 398 305 435 Meretr.
329 394 383 434 X.
407 400 437 442 ἕ.
473 398 538 437 13.
567 390 668 442 όλως
690 389 853 444 περὶτὰ
864 390 1072 445 μειράκιόν
1097 394 1190 435 ἐστι
1254 393 1407 432 Giaeci
1441 390 1587 441 itaque

129 466 205 504 pro
229 450 454 503 adjectivis
474 459 655 488 utuntur
676 463 983 500 nonnunquam
1009 448 1245 497 adverbiis,
1278 460 1325 488 ut
1345 452 1425 502 jam
1450 460 1502 484 ex
1523 449 1589 484 al-

125 508 222 546 latis
245 507 447 560 exemplis
474 515 602 558 patet.
661 506 814 544 Minus
844 505 885 541 id
919 505 1180 557 perspexisse
1213 505 1384 544 videtur
1419 505 1590 558 Cuperus

124 565 205 604 III.
228 563 404 602 Observ.
435 578 470 601 c.
496 568 556 605 12.
580 561 656 599 ubi
678 561 723 598 in
745 560 912 599 Aeliani
934 566 1091 603 Ποικιλ.
1114 561 1184 599 lib.
1207 561 1289 601 ΙΙΙ.
1314 577 1348 603 c.
1372 567 1412 605 9.
1435 567 1590 605 δέδοικε

127 621 167 661 δὲ
183 619 252 661 τὸν
271 620 327 660 ἓέτ
314 637 427 672 ρον,
460 616 526 660 α’τε
545 620 586 659 ἐκ
603 623 709 659 θεοῦ
724 616 902 669 κατόχως
917 618 1213 667 ἐνθουσιῶντα,
1245 618 1470 672 legendum
1491 635 1589 660 cen-

129 686 191 715 set
211 674 396 728 κάτοχον.
459 673 810 714 Commodissime
830 672 1008 726 κατόχως
1036 673 1097 711 ibi
1122 689 1197 726 pro
1229 673 1400 727 κάτοχον
1427 677 1589 729 exponi

126 742 266 786 potest
288 747 338 770 ex
359 747 438 770 usu
457 732 728 775 Graecorum,
763 727 959 768 adverbia
980 745 1065 769 non
1087 745 1179 768 raro
1198 731 1254 768 ita
1276 731 1586 783 adhibentium,

126 799 174 826 ut
195 791 272 839 jam
294 788 504 836 vidimus,
537 795 578 825 et
601 800 700 824 mox
724 788 833 823 ultra
855 785 1109 826 videbimus.
1145 786 1265 826 Adde
1288 788 1346 825 ibi
1366 788 1585 839 Καῆηιίιητ,

125 845 250 882 istius
269 844 462 882 Aelianei
483 842 569 882 loci
592 841 822 882 vindicem.
883 841 950 879 Ad
971 842 1052 881 hoc
1075 842 1183 881 idem
1206 843 1398 882 adhaesit
1417 860 1589 899 quoque

125 901 213 940 Jac.
241 900 417 949 Tollius,
449 898 517 954 (p.
540 901 631 949 75.)
663 898 736 951 qui
767 897 879 950 apud
909 898 1168 938 Lucianum
1156 913 1202 936 ln
1223 901 1293 938 De
1321 915 1408 939 non
1434 912 1590 942 temere

125 955 236 995 cred.
263 956 456 994 Caluum·
483 960 521 1005 5
547 960 612 998 14-
635 969 679 992 11¹
706 953 869 1004 verbis,
909 957 976 996 καὶ
1007 973 1032 1007 η
1060 959 1305 1010 Στρατονίκη
1336 956 1438 1010 πρὸς
1466 955 1590 1000 αὐτὸν

123 1029 170 1053 ου
193 1010 298 1081 μάλα
319 1008 473 1065 ἆηδῶς,
503 1013 569 1053 καὶ
588 1009 689 1059 όλως
708 1009 897 1063 ἐρωτικὴ,
927 1011 1032 1064 legit
1053 1026 1091 1063 p,
1111 1017 1205 1055 416.
1227 1012 1289 1054 ed
1310 1014 1441 1054 Amst.
1465 1011 1592 1066 ἇηδής

121 1082 199 1121 pro
225 1088 243 1108 ι
236 1065 371 1120 ἠδως
431 1068 550 1107 Jdem
574 1082 673 1121 ergo
697 1067 787 1106 fieri
807 1067 1055 1134 oportebit'
1045 1083 1087 1106 in
1108 1068 1173 1107 his
1193 1068 1378 1121 ejusdem
1397 1071 1587 1120 Luciani,

120 1125 164 1162 in
191 1124 355 1167 Phalar
379 1139 412 1166 c.
436 1125 526 1163 sive
547 1129 585 1174 5.
609 1128 649 1168 5.
672 1123 736 1165 ότε
755 1121 999 1176 ἀφυλάκτως
1018 1119 1152 1180 ὅλίγου
1178 1128 1260 1166 δεῖν
1276 1129 1470 1178 ληφθεὶς,
1501 1127 1589 1179 ἐζή-

119 1198 218 1222 τουν
240 1199 330 1222 τινα
354 1183 554 1234 σωτηρίαν
574 1182 666 1233 περὶ
691 1185 769 1221 τῶν
788 1179 1022 1231 παρόντων·
1064 1181 1162 1234 quia
1192 1195 1343 1233 nempe
1372 1184 1484 1222 sicut
1514 1183 1588 1224 hic

123 1235 365 1288 ἀφυλάκτως
383 1238 580 1289 ληφθεὶς,
614 1237 673 1274 ita
696 1236 741 1274 in
773 1238 905 1275 citato
936 1238 1007 1275 De
1044 1251 1131 1276 non
1169 1248 1324 1277 temere
1358 1239 1468 1278 cred.
1497 1240 1590 1279 Ca-

120 1296 251 1335 lumn
275 1292 420 1332 libello
450 1308 484 1333 c.
506 1299 572 1336 12.
593 1294 754 1347 legitur
779 1294 872 1347 quis
896 1291 1128 1346 αφύλακτος
1155 1297 1349 1346 ληφθείς·
1383 1297 1590 1349 quemad-

121 1349 290 1388 modum
318 1349 430 1402 apud
451 1350 704 1403 Xenophont.
727 1349 764 1388 I.
794 1354 948 1404 Κυροπ-
977 1353 1018 1392 οῖ
1042 1347 1081 1391 δ’
1106 1353 1372 1401 ἐξαπατῶντες
1391 1351 1486 1400 τούς
1506 1371 1588 1395 πο-

119 1409 301 1457 λεμίους·
345 1405 538 1447 δύνανται
567 1407 633 1446 καὶ
661 1411 866 1459 θαρσῆσαι
889 1421 1127 1456 ποιησαντες
1151 1405 1409 1457 αφυλακτους
1433 1409 1588 1463 λαμβα-

118 1479 216 1504 νειν.
289 1462 417 1515 Apud
446 1462 648 1500 Demosth.
678 1476 851 1515 quoque
878 1464 913 1503 I.
948 1473 1095 1501 contra
1127 1463 1318 1530 Philipp
1354 1460 1588 1516 ἇφύλακτος

116 1523 283 1574 ληφθῇ,
317 1519 360 1556 in
379 1518 567 1572 margine
590 1527 763 1556 notatur
785 1519 829 1556 in
852 1520 936 1557 alio
957 1518 1069 1557 libro
1090 1520 1176 1573 legi
1196 1515 1451 1570 αφυλάκτως.
1486 1523 1586 1562 Pro-

117 1576 279 1614 miscue
310 1576 454 1627 itaque
484 1574 620 1613 locuti
651 1584 750 1613 sunt
782 1576 949 1614 Graeci.
1020 1575 1178 1614 Iterum
1208 1577 1351 1616 Noster
1381 1578 1584 1618 adve1bi0

120 1633 179 1670 ita
205 1631 342 1668 utitur
365 1631 408 1668 in
442 1630 492 1670 de
512 1631 761 1684 Astrologia
784 1632 823 1702 5.
848 1637 911 1676 18.
932 1634 998 1671 vel
1022 1636 1086 1673 19
1125 1634 1297 1674 Φαέθων
1315 1634 1377 1683 δὲ,
1410 1639 1485 1676 τοῦ
1509 1630 1587 1687 ἦε-

115 1691 204 1729 λίου
228 1685 415 1739 δρόμον’
400 1705 468 1728 ετε
459 1704 657 1741 πμηρατο,
691 1685 738 1728 οὗ
761 1690 830 1737 μέν
849 1706 890 1742 γε
913 1685 1127 1754 ἆτρεκέως,
1174 1686 1257 1730 ἀλλ’
1283 1685 1417 1732 ἀτελέα
1435 1689 1504 1733 τὸν
1522 1690 1587 1734 λό-

118 1761 191 1798 γον
214 1741 448 1790 απολιπων,
480 1740 670 1784 ἀπέθανε.
730 1745 788 1782 Et
806 1744 875 1783 hic
897 1740 1090 1798 α’τρεκὲως
1108 1760 1183 1797 pro
1207 1743 1388 1798 ἀτρεκέα,
1422 1747 1511 1786 sive
1532 1748 1585 1787 ad

121 1799 296 1854 δρόμον,
331 1800 422 1839 sive
441 1798 562 1852 λόγον
585 1800 754 1839 referas.
817 1801 939 1840 Clare
973 1815 1145 1867 quoque
1175 1802 1297 1843 Isocr.
1328 1803 1373 1841 in
1404 1804 1584 1844 Panath.

117 1871 159 1910 p.
184 1862 278 1900 262
303 1858 354 1896 E,
384 1854 453 1896 Ἐν
474 1855 558 1910 ὀλί]
563 1873 625 1904 αις
643 1873 717 1907 ημε
709 1858 807 1906 ’ραις
833 1857 969 1910 εώρων
989 1855 1081 1907 τούς
1099 1874 1137 1898 τε
1161 1857 1314 1912 νόμους
1341 1876 1587 1914 αναγεγραμ-

121 1914 287 1967 μένους,
322 1908 392 1965 0734
425 1910 575 1964 ομοίως
603 1918 685 1960 τοῖς
717 1917 790 1954 νῦν
817 1915 1033 1967 κειμένοις,
1077 1910 1167 1955 οὐδὲ
1194 1914 1387 1967 τοςαύτης
1414 1921 1588 1968 ταραχῆς

120 1972 189 2011 καὶ
204 1967 404 2016 τοςούτων
429 1967 697 2010 ἐναντιώσεων
722 1968 864 2021 μεστοί
872 1982 907 2018 ς·
949 1969 1094 2009 Paucis
1113 1970 1246 2009 [liebus
1266 1971 1364 2025 leges
1394 1974 1435 2010 in
1462 1973 1588 2011 mbu-

120 2027 181 2065 Zas
204 2026 370 2074 relatas,
403 2037 436 2064 et
452 2025 609 2078 publice
631 2029 855 2079 propositas
883 2027 1085 2077 zicler‚·un1
1125 2044 1202 2066 non
1232 2028 1314 2077 his,
1357 2044 1454 2082 quas
1482 2045 1586 2068 nunc

120 2082 326 2128 hahemus,
359 2082 525 2130 similes,
557 2098 675 2135 neque
695 2084 940 2137 consitsionis
956 2059 1112 2134 plenajs,
1146 2095 1179 2122 et
1197 2086 1295 2122 inter
1313 2101 1391 2123 sese
1406 2102 1586 2138 pugnan-

120 2149 188 2177 ies.
249 2138 390 2182 Patet,
426 2135 574 2204 ὁμοίως
597 2137 668 2176 hic
690 2141 815 2191 plane
838 2154 916 2194 pro
947 2137 1113 2192 ὁμοίους
1142 2141 1352 2194 positum:
1391 2141 1586 2194 sequitur

118 2207 290 2247 quoque
315 2191 495 2245 μεστούς.
526 2194 650 2234 JENS.

234 2259 371 2300 Ibiclf
371 2259 550 2314 Ὀλον)
549 2260 667 2309 Ὀλος.
689 2262 733 2300 in
756 2263 827 2301 W.
850 2272 892 2302 et
909 2263 961 2304 B.
985 2269 1024 2307 2.
1053 2264 1146 2303 Nos
1176 2262 1270 2306 ὅλον
1290 2279 1342 2303 ex
1363 2264 1417 2305 L.
1450 2264 1585 2303 resti-

121 2316 281 2355 tuimus
309 2331 384 2369 pro
406 2320 579 2370 vulgato
603 2316 714 2366 ὅλως.
750 2320 915 2361 SOLAN.
965 2318 1096 2362 ΓὈλον
1119 2320 1179 2358 ait
1204 2321 1374 2360 Solemus
1397 2334 1439 2360 se
1464 2320 1584 2359 resti-

123 2374 274 2420 tuisse;
309 2372 381 2411 sed
404 2374 497 2426 quis
521 2374 689 2412 restitui
725 2373 957 2425 desiderat,
1002 2376 1076 2414 ubi
1106 2377 1285 2429 pristina
1320 2386 1419 2414 sunt
1449 2377 1582 2416 sana?

122 2443 251 2481 quare
274 2429 311 2468 ei
336 2443 420 2468 non
449 2429 762 2468 obsecundavi:
795 2430 1040 2470 adve1bium
1066 2447 1175 2470 enim
1204 2447 1247 2472 se
1272 2442 1382 2471 recte
1406 2431 1581 2484 habere,

120 2485 222 2523 satis
245 2485 393 2524 docuit
411 2487 573 2526 Jensius.
608 2487 662 2523 Et
683 2487 717 2524 si
738 2486 841 2539 quid
863 2487 911 2525 ab
936 2487 1137 2526 adverbio
1158 2487 1435 2527 recedendum
1456 2503 1583 2542 prop·

119 2551 182 2579 ter
217 2541 524 2593 cacophoniam
562 2541 688 2589 οὕτως
725 2540 848 2590 όλως,
914 2545 1059 2595 potius
1095 2547 1176 2593 jam
1220 2547 1452 2597 amplector
1491 2543 1582 2594 όλος

123 2597 288 2635 duobus
313 2599 492 2637 testibus
517 2611 555 2637 et
577 2599 793 2650 irequenti
817 2613 896 2636 usu
921 2600 1156 2647 munitum,
1191 2614 1313 2653 quam
1339 2599 1486 2639 durius
1520 2603 1582 2640 il-

123 2651 196 2689 lud
217 2650 332 2702 ὅλον,
366 2653 522 2708 quod
511 2654 605 2696 όιτα
638 2655 783 2706 potius
811 2656 1064 2709 requireret,
1102 2671 1224 2719 quain
1258 2662 1372 2698 εἰναι.
1434 2657 1582 2712 Eligat

127 2709 317 2756 interim,
351 2710 464 2765 quod
487 2712 666 2767 quisque
692 2712 898 2750 voluerit:
930 2712 1097 2766 singula
1126 2713 1236 2751 enim
1259 2728 1356 2752 suos
1376 2724 1580 2768 patronos
