<?xml version="1.0" encoding="UTF-8"?>
<!DOCTYPE html PUBLIC "-//W3C//DTD XHTML 1.0 Transitional//EN"
    "http://www.w3.org/TR/xhtml1/DTD/xhtml1-transitional.dtd">
<html xmlns="http://www.w3.org/1999/xhtml" xml:lang="en" lang="en">
 <head>
  <title>
</title>
<meta http-equiv="Content-Type" content="text/html;charset=utf-8" />
  <meta name='ocr-system' content='tesseract 3.04.00' />
  <meta name='ocr-capabilities' content='ocr_page ocr_carea ocr_par ocr_line ocrx_word'/>
</head>
<body>
  <div class='ocr_page' id='page_1' title='image "./operagraecaetlat04luciuoft/operagraecaetlat04luciuoft_0608.png"; bbox 0 0 1834 3188; ppageno 0'>
   <div class='ocr_carea' id='block_1_1' title="bbox 295 199 1400 248">
    <p class='ocr_par' dir='ltr' id='par_1_1' title="bbox 295 199 1400 248">
     <span class='ocr_line' id='line_1_1' title="bbox 295 199 1400 248; baseline -0.001 0"><span class='ocrx_word' id='word_1_1' title='bbox 295 199 396 248; x_wconf 83' lang='lat'><strong>560</strong></span> <span class='ocrx_word' id='word_1_2' title='bbox 646 214 1400 247; x_wconf 68' lang='lat' dir='ltr'><strong>AnNo’rA&#39;rroers</strong></span> 
     </span>
    </p>
   </div>
   <div class='ocr_carea' id='block_1_2' title="bbox 268 313 1752 2792">
    <p class='ocr_par' dir='ltr' id='par_1_2' title="bbox 287 313 1752 861">
     <span class='ocr_line' id='line_1_2' title="bbox 406 313 1750 371; baseline 0.003 -19"><span class='ocrx_word' id='word_1_3' title='bbox 406 313 509 355; x_wconf 77' lang='lat' dir='ltr'><strong>Eacl.</strong></span> <span class='ocrx_word' id='word_1_4' title='bbox 526 316 551 355; x_wconf 92' lang='lat' dir='ltr'><strong>l.</strong></span> <span class='ocrx_word' id='word_1_5' title='bbox 568 318 631 357; x_wconf 89' lang='lat'><strong>10.</strong></span> <span class='ocrx_word' id='word_1_6' title='bbox 667 318 850 365; x_wconf 81' lang='grc' dir='ltr'><strong><em>Παρακ</em></strong></span> <span class='ocrx_word' id='word_1_7' title='bbox 866 313 1017 364; x_wconf 78' lang='grc' dir='ltr'>αλῶν]</span> <span class='ocrx_word' id='word_1_8' title='bbox 1049 313 1247 367; x_wconf 84' lang='lat' dir='ltr'><strong>Ineptum</strong></span> <span class='ocrx_word' id='word_1_9' title='bbox 1272 324 1360 354; x_wconf 84' lang='lat' dir='ltr'><strong>erat</strong></span> <span class='ocrx_word' id='word_1_10' title='bbox 1381 313 1603 355; x_wconf 79' lang='lat' dir='ltr'><strong>exordium</strong></span> <span class='ocrx_word' id='word_1_11' title='bbox 1626 331 1750 371; x_wconf 88' lang='lat' dir='ltr'><strong>prop-</strong></span> 
     </span>
     <span class='ocr_line' id='line_1_3' title="bbox 294 372 1747 425; baseline 0.003 -17"><span class='ocrx_word' id='word_1_12' title='bbox 294 379 428 421; x_wconf 86' lang='lat' dir='ltr'><strong>terea,</strong></span> <span class='ocrx_word' id='word_1_13' title='bbox 462 372 663 424; x_wconf 90' lang='lat' dir='ltr'><strong>quoniam</strong></span> <span class='ocrx_word' id='word_1_14' title='bbox 687 375 838 422; x_wconf 67' lang='lat' dir='ltr'><strong>poetae</strong></span> <span class='ocrx_word' id='word_1_15' title='bbox 855 383 939 407; x_wconf 89' lang='lat' dir='ltr'><strong>non</strong></span> <span class='ocrx_word' id='word_1_16' title='bbox 965 380 1048 408; x_wconf 84' lang='lat' dir='ltr'><strong>tam</strong></span> <span class='ocrx_word' id='word_1_17' title='bbox 1075 384 1199 409; x_wconf 89' lang='lat' dir='ltr'><strong>voces</strong></span> <span class='ocrx_word' id='word_1_18' title='bbox 1233 380 1275 409; x_wconf 88' lang='lat' dir='ltr'><strong>et</strong></span> <span class='ocrx_word' id='word_1_19' title='bbox 1297 372 1516 410; x_wconf 84' lang='lat' dir='ltr'><strong>metricum</strong></span> <span class='ocrx_word' id='word_1_20' title='bbox 1538 385 1747 425; x_wconf 84' lang='lat' dir='ltr'><strong>ornatum,</strong></span> 
     </span>
     <span class='ocr_line' id='line_1_4' title="bbox 295 426 1749 480; baseline 0.001 -15"><span class='ocrx_word' id='word_1_21' title='bbox 295 440 418 480; x_wconf 88' lang='lat' dir='ltr'><strong>quam</strong></span> <span class='ocrx_word' id='word_1_22' title='bbox 439 442 501 466; x_wconf 85' lang='lat' dir='ltr'><strong>res</strong></span> <span class='ocrx_word' id='word_1_23' title='bbox 527 427 636 479; x_wconf 87' lang='lat' dir='ltr'><strong>ipsas</strong></span> <span class='ocrx_word' id='word_1_24' title='bbox 659 440 678 464; x_wconf 89' lang='lat' dir='ltr'><strong>a</strong></span> <span class='ocrx_word' id='word_1_25' title='bbox 710 426 851 464; x_wconf 85' lang='lat' dir='ltr'><strong>Musis</strong></span> <span class='ocrx_word' id='word_1_26' title='bbox 873 435 1134 477; x_wconf 77' lang='lat' dir='ltr'><strong>exspectant.</strong></span> <span class='ocrx_word' id='word_1_27' title='bbox 1197 427 1264 466; x_wconf 87' lang='lat' dir='ltr'><strong>Cf.</strong></span> <span class='ocrx_word' id='word_1_28' title='bbox 1288 427 1410 467; x_wconf 87' lang='lat' dir='ltr'><strong>Hom.</strong></span> <span class='ocrx_word' id='word_1_29' title='bbox 1436 428 1559 467; x_wconf 86' lang='lat' dir='ltr'>Iliad.</span> <span class='ocrx_word' id='word_1_30' title='bbox 1582 432 1628 480; x_wconf 77' lang='grc' dir='ltr'><strong>β,</strong></span> <span class='ocrx_word' id='word_1_31' title='bbox 1652 435 1749 474; x_wconf 85' lang='grc'><strong>485.</strong></span> 
     </span>
     <span class='ocr_line' id='line_1_5' title="bbox 291 483 1752 536; baseline 0.001 -11"><span class='ocrx_word' id='word_1_32' title='bbox 291 498 353 536; x_wconf 82' lang='lat' dir='ltr'><strong>sq.</strong></span> <span class='ocrx_word' id='word_1_33' title='bbox 379 483 523 536; x_wconf 67' lang='lat' dir='ltr'><strong>Vir-gil.</strong></span> <span class='ocrx_word' id='word_1_34' title='bbox 549 485 653 522; x_wconf 88' lang='lat' dir='ltr'><strong>Aen.</strong></span> <span class='ocrx_word' id='word_1_35' title='bbox 677 483 721 531; x_wconf 91' lang='lat' dir='ltr'><strong>I,</strong></span> <span class='ocrx_word' id='word_1_36' title='bbox 746 488 810 524; x_wconf 75' lang='lat'><strong>12.</strong></span> <span class='ocrx_word' id='word_1_37' title='bbox 830 484 979 531; x_wconf 80' lang='lat' dir='ltr'><strong>Musa,</strong></span> <span class='ocrx_word' id='word_1_38' title='bbox 1012 483 1118 520; x_wconf 83' lang='lat' dir='ltr'><strong>mihi</strong></span> <span class='ocrx_word' id='word_1_39' title='bbox 1149 499 1290 523; x_wconf 81' lang='lat' dir='ltr'><strong>causas</strong></span> <span class='ocrx_word' id='word_1_40' title='bbox 1307 499 1500 524; x_wconf 83' lang='lat' dir='ltr'><strong>memora.</strong></span> <span class='ocrx_word' id='word_1_41' title='bbox 1563 485 1680 526; x_wconf 64' lang='lat' dir='ltr'><strong>Ouid.</strong></span> <span class='ocrx_word' id='word_1_42' title='bbox 1700 486 1752 526; x_wconf 84' lang='lat' dir='ltr'><strong>de</strong></span> 
     </span>
     <span class='ocr_line' id='line_1_6' title="bbox 289 539 1750 593; baseline 0.003 -16"><span class='ocrx_word' id='word_1_43' title='bbox 289 541 394 578; x_wconf 89' lang='lat' dir='ltr'><strong>Arte</strong></span> <span class='ocrx_word' id='word_1_44' title='bbox 423 539 605 577; x_wconf 85' lang='lat' dir='ltr'><strong>Amandi</strong></span> <span class='ocrx_word' id='word_1_45' title='bbox 627 539 672 589; x_wconf 90' lang='lat' dir='ltr'><strong>I,</strong></span> <span class='ocrx_word' id='word_1_46' title='bbox 708 543 776 582; x_wconf 83' lang='lat'><strong>25.</strong></span> <span class='ocrx_word' id='word_1_47' title='bbox 809 553 868 591; x_wconf 85' lang='lat' dir='ltr'><strong>sq.</strong></span> <span class='ocrx_word' id='word_1_48' title='bbox 897 553 1022 590; x_wconf 88' lang='lat' dir='ltr'><strong>quum</strong></span> <span class='ocrx_word' id='word_1_49' title='bbox 1055 551 1249 593; x_wconf 77' lang='lat' dir='ltr'>negasset</span> <span class='ocrx_word' id='word_1_50' title='bbox 1279 541 1451 579; x_wconf 88' lang='lat' dir='ltr'><strong>numina</strong></span> <span class='ocrx_word' id='word_1_51' title='bbox 1478 540 1559 579; x_wconf 88' lang='lat' dir='ltr'>sibi</span> <span class='ocrx_word' id='word_1_52' title='bbox 1587 543 1750 581; x_wconf 81' lang='lat' dir='ltr'><strong>auxilio</strong></span> 
     </span>
     <span class='ocr_line' id='line_1_7' title="bbox 289 594 1749 651; baseline 0.001 -16"><span class='ocrx_word' id='word_1_53' title='bbox 289 597 448 642; x_wconf 84' lang='lat' dir='ltr'><strong>fuisse,</strong></span> <span class='ocrx_word' id='word_1_54' title='bbox 480 595 623 635; x_wconf 85' lang='lat' dir='ltr'>addit:</span> <span class='ocrx_word' id='word_1_55' title='bbox 655 612 746 634; x_wconf 83' lang='lat' dir='ltr'><strong>usus</strong></span> <span class='ocrx_word' id='word_1_56' title='bbox 763 611 858 649; x_wconf 84' lang='lat' dir='ltr'><strong>opus</strong></span> <span class='ocrx_word' id='word_1_57' title='bbox 875 606 995 634; x_wconf 78' lang='lat' dir='ltr'><strong>movet</strong></span> <span class='ocrx_word' id='word_1_58' title='bbox 1015 597 1100 644; x_wconf 76' lang='lat' dir='ltr'><strong>lzoc,</strong></span> <span class='ocrx_word' id='word_1_59' title='bbox 1135 594 1178 633; x_wconf 90' lang='lat' dir='ltr'><strong>id</strong></span> <span class='ocrx_word' id='word_1_60' title='bbox 1201 596 1312 650; x_wconf 85' lang='lat' dir='ltr'><strong>quod</strong></span> <span class='ocrx_word' id='word_1_61' title='bbox 1332 596 1383 634; x_wconf 89' lang='lat' dir='ltr'><strong>ad</strong></span> <span class='ocrx_word' id='word_1_62' title='bbox 1401 607 1622 651; x_wconf 86' lang='lat' dir='ltr'><strong>praecepta</strong></span> <span class='ocrx_word' id='word_1_63' title='bbox 1643 600 1749 651; x_wconf 87' lang='lat' dir='ltr'><strong>ipsa,</strong></span> 
     </span>
     <span class='ocr_line' id='line_1_8' title="bbox 290 652 1748 707; baseline 0.003 -17"><span class='ocrx_word' id='word_1_64' title='bbox 290 662 332 691; x_wconf 90' lang='lat' dir='ltr'><strong>et</strong></span> <span class='ocrx_word' id='word_1_65' title='bbox 357 662 491 701; x_wconf 81' lang='lat' dir='ltr'><strong>artes,</strong></span> <span class='ocrx_word' id='word_1_66' title='bbox 525 662 571 690; x_wconf 89' lang='lat' dir='ltr'><strong>ut</strong></span> <span class='ocrx_word' id='word_1_67' title='bbox 595 663 744 703; x_wconf 77' lang='lat' dir='ltr'><strong>vocat,</strong></span> <span class='ocrx_word' id='word_1_68' title='bbox 776 652 908 705; x_wconf 80' lang='lat' dir='ltr'><strong>magis</strong></span> <span class='ocrx_word' id='word_1_69' title='bbox 935 653 1140 703; x_wconf 84' lang='lat' dir='ltr'><strong>pertinet,</strong></span> <span class='ocrx_word' id='word_1_70' title='bbox 1184 668 1304 707; x_wconf 85' lang='lat' dir='ltr'><strong>quam</strong></span> <span class='ocrx_word' id='word_1_71' title='bbox 1339 652 1390 691; x_wconf 88' lang='lat' dir='ltr'><strong>ad</strong></span> <span class='ocrx_word' id='word_1_72' title='bbox 1419 655 1748 705; x_wconf 84' lang='lat' dir='ltr'><strong>expositionem.</strong></span> 
     </span>
     <span class='ocr_line' id='line_1_9' title="bbox 288 708 1751 762; baseline 0.001 -15"><span class='ocrx_word' id='word_1_73' title='bbox 288 709 431 747; x_wconf 88' lang='lat' dir='ltr'><strong>Facile</strong></span> <span class='ocrx_word' id='word_1_74' title='bbox 451 717 587 747; x_wconf 91' lang='lat' dir='ltr'><strong>autem</strong></span> <span class='ocrx_word' id='word_1_75' title='bbox 613 718 807 762; x_wconf 84' lang='lat' dir='ltr'><strong>apparet,</strong></span> <span class='ocrx_word' id='word_1_76' title='bbox 850 708 1099 747; x_wconf 86' lang='lat' dir='ltr'><strong>historicum</strong></span> <span class='ocrx_word' id='word_1_77' title='bbox 1121 710 1232 747; x_wconf 87' lang='lat' dir='ltr'><strong>facta</strong></span> <span class='ocrx_word' id='word_1_78' title='bbox 1259 724 1344 747; x_wconf 89' lang='lat' dir='ltr'><strong>non</strong></span> <span class='ocrx_word' id='word_1_79' title='bbox 1378 709 1526 749; x_wconf 87' lang='lat' dir='ltr'><strong>debere</strong></span> <span class='ocrx_word' id='word_1_80' title='bbox 1557 723 1581 748; x_wconf 79' lang='lat' dir='ltr'><strong>a</strong></span> <span class='ocrx_word' id='word_1_81' title='bbox 1608 711 1751 749; x_wconf 89' lang='lat' dir='ltr'><strong>Musis</strong></span> 
     </span>
     <span class='ocr_line' id='line_1_10' title="bbox 288 763 1749 821; baseline 0.004 -19"><span class='ocrx_word' id='word_1_82' title='bbox 288 774 456 817; x_wconf 86' lang='lat' dir='ltr'><strong>petere,</strong></span> <span class='ocrx_word' id='word_1_83' title='bbox 489 765 516 807; x_wconf 87' lang='lat' dir='ltr'><strong>i.</strong></span> <span class='ocrx_word' id='word_1_84' title='bbox 538 780 572 804; x_wconf 89' lang='lat' dir='ltr'><strong>e.</strong></span> <span class='ocrx_word' id='word_1_85' title='bbox 599 763 779 820; x_wconf 81' lang='lat' dir='ltr'><strong>fingere,</strong></span> <span class='ocrx_word' id='word_1_86' title='bbox 822 763 895 804; x_wconf 90' lang='lat' dir='ltr'><strong>sed</strong></span> <span class='ocrx_word' id='word_1_87' title='bbox 919 778 941 803; x_wconf 88' lang='lat' dir='ltr'><strong>a</strong></span> <span class='ocrx_word' id='word_1_88' title='bbox 965 766 1145 805; x_wconf 80' lang='lat' dir='ltr'><strong>testibus</strong></span> <span class='ocrx_word' id='word_1_89' title='bbox 1170 776 1281 805; x_wconf 86' lang='lat' dir='ltr'><strong>certe</strong></span> <span class='ocrx_word' id='word_1_90' title='bbox 1305 765 1385 806; x_wconf 85' lang='lat' dir='ltr'><strong>fide</strong></span> <span class='ocrx_word' id='word_1_91' title='bbox 1409 765 1551 821; x_wconf 83' lang='lat' dir='ltr'><strong>dignis</strong></span> <span class='ocrx_word' id='word_1_92' title='bbox 1574 781 1749 809; x_wconf 86' lang='lat' dir='ltr'><strong>sumere.</strong></span> 
     </span>
     <span class='ocr_line' id='line_1_11' title="bbox 287 822 409 861; baseline 0.008 -1"><span class='ocrx_word' id='word_1_93' title='bbox 287 822 409 861; x_wconf 76' lang='lat' dir='ltr'><strong>Run.</strong></span> 
     </span>
    </p>

    <p class='ocr_par' dir='ltr' id='par_1_3' title="bbox 270 876 1751 2438">
     <span class='ocr_line' id='line_1_12' title="bbox 399 876 1751 933; baseline 0.001 -17"><span class='ocrx_word' id='word_1_94' title='bbox 399 877 502 916; x_wconf 72' lang='lat' dir='ltr'><strong>Ead.</strong></span> <span class='ocrx_word' id='word_1_95' title='bbox 524 881 553 918; x_wconf 88' lang='lat'><strong>1.</strong></span> <span class='ocrx_word' id='word_1_96' title='bbox 578 882 643 921; x_wconf 89' lang='lat'><strong>11.</strong></span> <span class='ocrx_word' id='word_1_97' title='bbox 679 883 747 920; x_wconf 78' lang='grc' dir='ltr'><strong>Πα</strong></span> <span class='ocrx_word' id='word_1_98' title='bbox 751 876 945 933; x_wconf 76' lang='grc' dir='ltr'>ράπόδα)</span> <span class='ocrx_word' id='word_1_99' title='bbox 977 879 1109 917; x_wconf 81' lang='lat' dir='ltr'><strong>Recte</strong></span> <span class='ocrx_word' id='word_1_100' title='bbox 1130 878 1611 932; x_wconf 65' lang='lat' dir='ltr'><strong>Ang1.Cod.mpi.Sic</strong></span> <span class='ocrx_word' id='word_1_101' title='bbox 1634 879 1751 932; x_wconf 90' lang='lat' dir='ltr'><strong>Apo-</strong></span> 
     </span>
     <span class='ocr_line' id='line_1_13' title="bbox 285 933 1749 1001; baseline 0.001 -27"><span class='ocrx_word' id='word_1_102' title='bbox 285 937 371 989; x_wconf 82' lang='lat' dir='ltr'><strong>log.</strong></span> <span class='ocrx_word' id='word_1_103' title='bbox 392 933 442 974; x_wconf 88' lang='lat' dir='ltr'><strong>de</strong></span> <span class='ocrx_word' id='word_1_104' title='bbox 464 935 654 976; x_wconf 87' lang='lat' dir='ltr'><strong>Merced.</strong></span> <span class='ocrx_word' id='word_1_105' title='bbox 675 936 796 977; x_wconf 93' lang='lat' dir='ltr'><strong>cond</strong></span> <span class='ocrx_word' id='word_1_106' title='bbox 859 937 928 975; x_wconf 92' lang='lat' dir='ltr'><strong>De</strong></span> <span class='ocrx_word' id='word_1_107' title='bbox 953 935 1033 974; x_wconf 89' lang='lat' dir='ltr'><strong>hoc</strong></span> <span class='ocrx_word' id='word_1_108' title='bbox 1058 935 1249 987; x_wconf 82' lang='lat' dir='ltr'><strong>proverb.</strong></span> <span class='ocrx_word' id='word_1_109' title='bbox 1269 936 1441 990; x_wconf 58' lang='lat' dir='ltr'><strong>IItsyclz.</strong></span> <span class='ocrx_word' id='word_1_110' title='bbox 1461 934 1640 1001; x_wconf 45' lang='lat' dir='ltr'><strong>Pollam,</strong></span> <span class='ocrx_word' id='word_1_111' title='bbox 1676 936 1749 977; x_wconf 85' lang='lat' dir='ltr'><strong>Ca·</strong></span> 
     </span>
     <span class='ocr_line' id='line_1_14' title="bbox 286 990 1752 1049; baseline 0.001 -19"><span class='ocrx_word' id='word_1_112' title='bbox 286 992 396 1030; x_wconf 73' lang='lat' dir='ltr'><strong>serub.</strong></span> <span class='ocrx_word' id='word_1_113' title='bbox 428 990 479 1029; x_wconf 91' lang='lat' dir='ltr'><strong>ad</strong></span> <span class='ocrx_word' id='word_1_114' title='bbox 511 990 1108 1047; x_wconf 69' lang='lat' dir='ltr'><strong>Charact.lee0plc.B0U1m.</strong></span> <span class='ocrx_word' id='word_1_115' title='bbox 1169 992 1236 1030; x_wconf 86' lang='lat' dir='ltr'><strong>An</strong></span> <span class='ocrx_word' id='word_1_116' title='bbox 1262 991 1545 1041; x_wconf 82' lang='lat' dir='ltr'><strong>conveniens,</strong></span> <span class='ocrx_word' id='word_1_117' title='bbox 1579 992 1609 1032; x_wconf 90' lang='lat' dir='ltr'><strong>i.</strong></span> <span class='ocrx_word' id='word_1_118' title='bbox 1635 1008 1671 1033; x_wconf 80' lang='lat' dir='ltr'><strong>e.</strong></span> <span class='ocrx_word' id='word_1_119' title='bbox 1695 998 1752 1049; x_wconf 76' lang='grc' dir='ltr'><strong>τῷ</strong></span> 
     </span>
     <span class='ocr_line' id='line_1_15' title="bbox 284 1045 1744 1103; baseline -0.001 -15"><span class='ocrx_word' id='word_1_120' title='bbox 284 1049 379 1089; x_wconf 80' lang='grc' dir='ltr'><em>ποδὶ</em></span> <span class='ocrx_word' id='word_1_121' title='bbox 399 1045 651 1101; x_wconf 73' lang='grc' dir='ltr'><em>ἆρμόζουσα;</em></span> <span class='ocrx_word' id='word_1_122' title='bbox 685 1049 861 1089; x_wconf 79' lang='lat' dir='ltr'><strong>GUYET.</strong></span> <span class='ocrx_word' id='word_1_123' title='bbox 925 1054 983 1089; x_wconf 77' lang='grc' dir='ltr'><strong>Πε</strong></span> <span class='ocrx_word' id='word_1_124' title='bbox 989 1051 1024 1101; x_wconf 85' lang='grc' dir='ltr'><strong>οὶ</strong></span> <span class='ocrx_word' id='word_1_125' title='bbox 1047 1046 1151 1089; x_wconf 77' lang='grc' dir='ltr'><em>πόδα</em></span> <span class='ocrx_word' id='word_1_126' title='bbox 1174 1066 1219 1103; x_wconf 81' lang='grc' dir='ltr'><strong>τη</strong></span> <span class='ocrx_word' id='word_1_127' title='bbox 1240 1051 1308 1089; x_wconf 82' lang='grc' dir='ltr'><strong>ἷστ</strong></span> <span class='ocrx_word' id='word_1_128' title='bbox 1322 1045 1338 1101; x_wconf 85' lang='grc'>)</span> <span class='ocrx_word' id='word_1_129' title='bbox 1369 1048 1437 1085; x_wconf 76' lang='lat' dir='ltr'><strong>EX</strong></span> <span class='ocrx_word' id='word_1_130' title='bbox 1454 1048 1581 1102; x_wconf 79' lang='lat' dir='ltr'><strong>Angl</strong></span> <span class='ocrx_word' id='word_1_131' title='bbox 1603 1049 1675 1092; x_wconf 82' lang='lat' dir='ltr'><strong>W.</strong></span> <span class='ocrx_word' id='word_1_132' title='bbox 1699 1051 1744 1090; x_wconf 80' lang='lat' dir='ltr'><strong>P.</strong></span> 
     </span>
     <span class='ocr_line' id='line_1_16' title="bbox 285 1104 1744 1176; baseline 0.001 -34"><span class='ocrx_word' id='word_1_133' title='bbox 285 1114 327 1142; x_wconf 88' lang='lat' dir='ltr'><strong>et</strong></span> <span class='ocrx_word' id='word_1_134' title='bbox 350 1105 401 1142; x_wconf 87' lang='lat' dir='ltr'><strong>L.</strong></span> <span class='ocrx_word' id='word_1_135' title='bbox 423 1118 500 1156; x_wconf 87' lang='lat' dir='ltr'><strong>pro</strong></span> <span class='ocrx_word' id='word_1_136' title='bbox 525 1107 699 1157; x_wconf 84' lang='lat' dir='ltr'><strong>vulgato</strong></span> <span class='ocrx_word' id='word_1_137' title='bbox 721 1104 843 1156; x_wconf 75' lang='grc' dir='ltr'><em>παρά,</em></span> <span class='ocrx_word' id='word_1_138' title='bbox 906 1104 1128 1144; x_wconf 69' lang='lat' dir='ltr'><strong>Casazcboni</strong></span> <span class='ocrx_word' id='word_1_139' title='bbox 1155 1104 1240 1153; x_wconf 87' lang='lat' dir='ltr'><strong>(ad</strong></span> <span class='ocrx_word' id='word_1_140' title='bbox 1262 1104 1452 1176; x_wconf 16' lang='grc' dir='ltr'><strong>Τῆύεορῆι</strong></span> <span class='ocrx_word' id='word_1_141' title='bbox 1478 1104 1603 1144; x_wconf 86' lang='lat' dir='ltr'><strong>Char.</strong></span> <span class='ocrx_word' id='word_1_142' title='bbox 1623 1120 1663 1158; x_wconf 91' lang='lat' dir='ltr'><strong>p.</strong></span> <span class='ocrx_word' id='word_1_143' title='bbox 1690 1121 1744 1144; x_wconf 88' lang='lat' dir='ltr'><strong>m.</strong></span> 
     </span>
     <span class='ocr_line' id='line_1_17' title="bbox 285 1160 1744 1216; baseline 0.001 -17"><span class='ocrx_word' id='word_1_144' title='bbox 285 1163 414 1208; x_wconf 80' lang='lat'><strong>138.)</strong></span> <span class='ocrx_word' id='word_1_145' title='bbox 445 1160 624 1198; x_wconf 85' lang='lat' dir='ltr'><strong>ulterior</strong></span> <span class='ocrx_word' id='word_1_146' title='bbox 658 1161 898 1201; x_wconf 82' lang='lat' dir='ltr'><strong>emendatio</strong></span> <span class='ocrx_word' id='word_1_147' title='bbox 929 1171 1012 1208; x_wconf 80' lang='lat' dir='ltr'><strong>est3</strong></span> <span class='ocrx_word' id='word_1_148' title='bbox 1063 1175 1212 1213; x_wconf 87' lang='lat' dir='ltr'><strong>nempe</strong></span> <span class='ocrx_word' id='word_1_149' title='bbox 1240 1178 1286 1216; x_wconf 75' lang='grc' dir='ltr'><strong>τῃ</strong></span> <span class='ocrx_word' id='word_1_150' title='bbox 1316 1162 1482 1216; x_wconf 74' lang='grc' dir='ltr'><strong><em>ἱστορίᾳ.</em></strong></span> <span class='ocrx_word' id='word_1_151' title='bbox 1543 1160 1667 1201; x_wconf 86' lang='lat' dir='ltr'><strong>Certe</strong></span> <span class='ocrx_word' id='word_1_152' title='bbox 1697 1162 1744 1201; x_wconf 85' lang='lat' dir='ltr'><strong>in</strong></span> 
     </span>
     <span class='ocr_line' id='line_1_18' title="bbox 282 1216 1742 1270; baseline 0.003 -16"><span class='ocrx_word' id='word_1_153' title='bbox 282 1216 362 1258; x_wconf 79' lang='lat' dir='ltr'><strong>Ed.</strong></span> <span class='ocrx_word' id='word_1_154' title='bbox 384 1217 422 1256; x_wconf 88' lang='lat' dir='ltr'><strong>J.</strong></span> <span class='ocrx_word' id='word_1_155' title='bbox 445 1231 538 1255; x_wconf 90' lang='lat' dir='ltr'><strong>cum</strong></span> <span class='ocrx_word' id='word_1_156' title='bbox 559 1219 647 1269; x_wconf 89' lang='lat' dir='ltr'><strong>jota</strong></span> <span class='ocrx_word' id='word_1_157' title='bbox 671 1217 911 1270; x_wconf 82' lang='lat' dir='ltr'><strong>subscripto</strong></span> <span class='ocrx_word' id='word_1_158' title='bbox 938 1218 1094 1255; x_wconf 82' lang='lat' dir='ltr'><strong>ultima</strong></span> <span class='ocrx_word' id='word_1_159' title='bbox 1120 1231 1203 1256; x_wconf 83' lang='lat' dir='ltr'><strong>vox</strong></span> <span class='ocrx_word' id='word_1_160' title='bbox 1237 1217 1438 1256; x_wconf 88' lang='lat' dir='ltr'><strong>cernitur.</strong></span> <span class='ocrx_word' id='word_1_161' title='bbox 1496 1217 1578 1255; x_wconf 91' lang='lat' dir='ltr'><strong>Pro</strong></span> <span class='ocrx_word' id='word_1_162' title='bbox 1606 1218 1742 1258; x_wconf 88' lang='lat' dir='ltr'><strong>Merc.</strong></span> 
     </span>
     <span class='ocr_line' id='line_1_19' title="bbox 283 1271 1744 1328; baseline 0.001 -16"><span class='ocrx_word' id='word_1_163' title='bbox 283 1271 423 1312; x_wconf 91' lang='lat' dir='ltr'><strong>Cond.</strong></span> <span class='ocrx_word' id='word_1_164' title='bbox 445 1287 480 1313; x_wconf 90' lang='lat' dir='ltr'><strong>c.</strong></span> <span class='ocrx_word' id='word_1_165' title='bbox 503 1277 544 1315; x_wconf 84' lang='lat'><strong>4.</strong></span> <span class='ocrx_word' id='word_1_166' title='bbox 605 1273 734 1311; x_wconf 82' lang='lat' dir='ltr'><strong>Ratio</strong></span> <span class='ocrx_word' id='word_1_167' title='bbox 755 1274 1037 1327; x_wconf 83' lang='lat' dir='ltr'><strong>proverbialis</strong></span> <span class='ocrx_word' id='word_1_168' title='bbox 1058 1273 1181 1311; x_wconf 88' lang='lat' dir='ltr'><strong>istius</strong></span> <span class='ocrx_word' id='word_1_169' title='bbox 1202 1272 1438 1312; x_wconf 89' lang='lat' dir='ltr'><strong>locutionis</strong></span> <span class='ocrx_word' id='word_1_170' title='bbox 1457 1288 1480 1312; x_wconf 87' lang='lat' dir='ltr'><strong>a</strong></span> <span class='ocrx_word' id='word_1_171' title='bbox 1503 1273 1653 1313; x_wconf 90' lang='lat' dir='ltr'><strong>calceis</strong></span> <span class='ocrx_word' id='word_1_172' title='bbox 1671 1289 1744 1328; x_wconf 86' lang='lat' dir='ltr'><strong>pe-</strong></span> 
     </span>
     <span class='ocr_line' id='line_1_20' title="bbox 280 1328 1744 1383; baseline 0.002 -16"><span class='ocrx_word' id='word_1_173' title='bbox 280 1330 360 1368; x_wconf 87' lang='lat' dir='ltr'><strong>tita</strong></span> <span class='ocrx_word' id='word_1_174' title='bbox 382 1338 458 1378; x_wconf 86' lang='lat' dir='ltr'><strong>est,</strong></span> <span class='ocrx_word' id='word_1_175' title='bbox 493 1328 543 1368; x_wconf 88' lang='lat' dir='ltr'><strong>de</strong></span> <span class='ocrx_word' id='word_1_176' title='bbox 565 1342 645 1381; x_wconf 85' lang='lat' dir='ltr'><strong>qua</strong></span> <span class='ocrx_word' id='word_1_177' title='bbox 667 1329 778 1369; x_wconf 86' lang='lat' dir='ltr'><strong>idem</strong></span> <span class='ocrx_word' id='word_1_178' title='bbox 804 1329 1055 1370; x_wconf 74' lang='lat' dir='ltr'><strong>Casaubonus</strong></span> <span class='ocrx_word' id='word_1_179' title='bbox 1072 1329 1176 1368; x_wconf 86' lang='lat' dir='ltr'><strong>ibid.</strong></span> <span class='ocrx_word' id='word_1_180' title='bbox 1209 1331 1377 1369; x_wconf 76' lang='lat' dir='ltr'><strong>SOLAN.</strong></span> <span class='ocrx_word' id='word_1_181' title='bbox 1439 1329 1628 1369; x_wconf 86' lang='lat' dir='ltr'><strong>Omnino</strong></span> <span class='ocrx_word' id='word_1_182' title='bbox 1648 1345 1744 1383; x_wconf 92' lang='lat' dir='ltr'><strong>pro-</strong></span> 
     </span>
     <span class='ocr_line' id='line_1_21' title="bbox 280 1384 1744 1440; baseline 0.001 -16"><span class='ocrx_word' id='word_1_183' title='bbox 280 1384 418 1424; x_wconf 88' lang='lat' dir='ltr'><strong>banda</strong></span> <span class='ocrx_word' id='word_1_184' title='bbox 443 1386 572 1424; x_wconf 86' lang='lat' dir='ltr'><strong>lectio</strong></span> <span class='ocrx_word' id='word_1_185' title='bbox 598 1387 685 1439; x_wconf 74' lang='grc' dir='ltr'><strong>περὶ</strong></span> <span class='ocrx_word' id='word_1_186' title='bbox 715 1385 832 1428; x_wconf 81' lang='grc' dir='ltr'><strong><em>πόδα,</em></strong></span> <span class='ocrx_word' id='word_1_187' title='bbox 896 1389 1084 1426; x_wconf 85' lang='lat' dir='ltr'><strong>Acumen</strong></span> <span class='ocrx_word' id='word_1_188' title='bbox 1115 1386 1160 1423; x_wconf 87' lang='lat' dir='ltr'><strong>in</strong></span> <span class='ocrx_word' id='word_1_189' title='bbox 1192 1401 1241 1425; x_wconf 93' lang='lat' dir='ltr'><strong>eo</strong></span> <span class='ocrx_word' id='word_1_190' title='bbox 1276 1388 1409 1436; x_wconf 81' lang='lat' dir='ltr'><strong>inest,</strong></span> <span class='ocrx_word' id='word_1_191' title='bbox 1455 1386 1568 1440; x_wconf 92' lang='lat' dir='ltr'><strong>quod</strong></span> <span class='ocrx_word' id='word_1_192' title='bbox 1599 1397 1744 1426; x_wconf 87' lang='lat' dir='ltr'><strong>narrat</strong></span> 
     </span>
     <span class='ocr_line' id='line_1_22' title="bbox 279 1441 1742 1497; baseline 0.001 -16"><span class='ocrx_word' id='word_1_193' title='bbox 279 1457 367 1481; x_wconf 86' lang='lat' dir='ltr'><strong>non</strong></span> <span class='ocrx_word' id='word_1_194' title='bbox 389 1442 595 1480; x_wconf 83' lang='lat' dir='ltr'><strong>historiae</strong></span> <span class='ocrx_word' id='word_1_195' title='bbox 619 1443 980 1482; x_wconf 86' lang='lat' dir='ltr'><strong>accommodatum</strong></span> <span class='ocrx_word' id='word_1_196' title='bbox 1005 1457 1136 1495; x_wconf 76' lang='lat' dir='ltr'><strong>genus</strong></span> <span class='ocrx_word' id='word_1_197' title='bbox 1159 1441 1352 1492; x_wconf 89' lang='lat' dir='ltr'><strong>dicendi,</strong></span> <span class='ocrx_word' id='word_1_198' title='bbox 1387 1443 1612 1497; x_wconf 90' lang='lat' dir='ltr'><strong>ipsumque</strong></span> <span class='ocrx_word' id='word_1_199' title='bbox 1636 1442 1742 1483; x_wconf 86' lang='lat' dir='ltr'><strong>adeo</strong></span> 
     </span>
     <span class='ocr_line' id='line_1_23' title="bbox 279 1497 1743 1552; baseline 0.001 -14"><span class='ocrx_word' id='word_1_200' title='bbox 279 1498 524 1548; x_wconf 85' lang='lat' dir='ltr'><strong>exordium,</strong></span> <span class='ocrx_word' id='word_1_201' title='bbox 557 1497 628 1537; x_wconf 88' lang='lat' dir='ltr'><strong>sed</strong></span> <span class='ocrx_word' id='word_1_202' title='bbox 650 1498 871 1538; x_wconf 88' lang='lat' dir='ltr'><strong>historiam</strong></span> <span class='ocrx_word' id='word_1_203' title='bbox 895 1500 954 1538; x_wconf 90' lang='lat' dir='ltr'><strong>ita</strong></span> <span class='ocrx_word' id='word_1_204' title='bbox 980 1500 1244 1549; x_wconf 79' lang='lat' dir='ltr'><strong>institutam,</strong></span> <span class='ocrx_word' id='word_1_205' title='bbox 1287 1510 1335 1538; x_wconf 89' lang='lat' dir='ltr'><strong>ut</strong></span> <span class='ocrx_word' id='word_1_206' title='bbox 1371 1513 1416 1538; x_wconf 88' lang='lat' dir='ltr'><strong>ea</strong></span> <span class='ocrx_word' id='word_1_207' title='bbox 1450 1500 1668 1552; x_wconf 74' lang='lat' dir='ltr'><strong>poeticum</strong></span> <span class='ocrx_word' id='word_1_208' title='bbox 1700 1509 1743 1539; x_wconf 91' lang='lat' dir='ltr'><strong>et</strong></span> 
     </span>
     <span class='ocr_line' id='line_1_24' title="bbox 278 1554 1741 1609; baseline 0.001 -16"><span class='ocrx_word' id='word_1_209' title='bbox 278 1554 522 1593; x_wconf 82' lang='lat' dir='ltr'><strong>fabulosum</strong></span> <span class='ocrx_word' id='word_1_210' title='bbox 548 1554 771 1594; x_wconf 84' lang='lat' dir='ltr'><strong>exordium</strong></span> <span class='ocrx_word' id='word_1_211' title='bbox 794 1555 971 1598; x_wconf 84' lang='lat' dir='ltr'><strong>deceret.</strong></span> <span class='ocrx_word' id='word_1_212' title='bbox 1030 1555 1255 1594; x_wconf 67' lang='lat' dir='ltr'><strong>Exordium</strong></span> <span class='ocrx_word' id='word_1_213' title='bbox 1288 1565 1350 1594; x_wconf 88' lang='lat' dir='ltr'><strong>est</strong></span> <span class='ocrx_word' id='word_1_214' title='bbox 1382 1558 1500 1594; x_wconf 87' lang='lat' dir='ltr'><strong>velut</strong></span> <span class='ocrx_word' id='word_1_215' title='bbox 1525 1570 1624 1609; x_wconf 83' lang='lat' dir='ltr'><strong>pes,</strong></span> <span class='ocrx_word' id='word_1_216' title='bbox 1668 1555 1741 1594; x_wconf 85' lang='lat' dir='ltr'><strong>cui</strong></span> 
     </span>
     <span class='ocr_line' id='line_1_25' title="bbox 278 1611 1743 1665; baseline 0.001 -16"><span class='ocrx_word' id='word_1_217' title='bbox 278 1620 480 1664; x_wconf 82' lang='lat' dir='ltr'><strong>tanquam</strong></span> <span class='ocrx_word' id='word_1_218' title='bbox 506 1613 665 1649; x_wconf 89' lang='lat' dir='ltr'><strong>calceus</strong></span> <span class='ocrx_word' id='word_1_219' title='bbox 694 1611 1034 1652; x_wconf 86' lang='lat' dir='ltr'><strong>accommodetur</strong></span> <span class='ocrx_word' id='word_1_220' title='bbox 1057 1612 1221 1665; x_wconf 90' lang='lat' dir='ltr'><strong>reliqua</strong></span> <span class='ocrx_word' id='word_1_221' title='bbox 1251 1611 1387 1664; x_wconf 88' lang='lat' dir='ltr'><strong>inepti</strong></span> <span class='ocrx_word' id='word_1_222' title='bbox 1414 1612 1635 1665; x_wconf 88' lang='lat' dir='ltr'><strong>scriptoris</strong></span> <span class='ocrx_word' id='word_1_223' title='bbox 1665 1611 1743 1650; x_wconf 85' lang='lat' dir='ltr'><strong>hi·-</strong></span> 
     </span>
     <span class='ocr_line' id='line_1_26' title="bbox 277 1665 1741 1723; baseline 0.002 -18"><span class='ocrx_word' id='word_1_224' title='bbox 277 1667 422 1707; x_wconf 89' lang='lat' dir='ltr'><strong>storia.</strong></span> <span class='ocrx_word' id='word_1_225' title='bbox 469 1667 606 1707; x_wconf 76' lang='lat' dir='ltr'><strong>GESN.</strong></span> <span class='ocrx_word' id='word_1_226' title='bbox 666 1668 797 1722; x_wconf 81' lang='lat' dir='ltr'><strong>Legit</strong></span> <span class='ocrx_word' id='word_1_227' title='bbox 829 1668 962 1722; x_wconf 84' lang='lat' dir='ltr'><strong>igitur</strong></span> <span class='ocrx_word' id='word_1_228' title='bbox 990 1665 1018 1721; x_wconf 75' lang='grc' dir='ltr'><em>ἦ</em></span> <span class='ocrx_word' id='word_1_229' title='bbox 1045 1671 1211 1723; x_wconf 81' lang='grc' dir='ltr'><strong><em>ἱστορία.</em></strong></span> <span class='ocrx_word' id='word_1_230' title='bbox 1269 1667 1352 1708; x_wconf 85' lang='lat' dir='ltr'><strong>Sed</strong></span> <span class='ocrx_word' id='word_1_231' title='bbox 1379 1666 1494 1706; x_wconf 86' lang='lat' dir='ltr'><strong>haud</strong></span> <span class='ocrx_word' id='word_1_232' title='bbox 1529 1668 1641 1716; x_wconf 75' lang='lat' dir='ltr'><strong>scio.</strong></span> <span class='ocrx_word' id='word_1_233' title='bbox 1685 1681 1741 1708; x_wconf 87' lang='lat' dir='ltr'><strong>an</strong></span> 
     </span>
     <span class='ocr_line' id='line_1_27' title="bbox 277 1723 1737 1787; baseline 0.001 -26"><span class='ocrx_word' id='word_1_234' title='bbox 277 1723 362 1762; x_wconf 90' lang='lat' dir='ltr'><strong>hoc</strong></span> <span class='ocrx_word' id='word_1_235' title='bbox 381 1736 467 1761; x_wconf 89' lang='lat' dir='ltr'><strong>non</strong></span> <span class='ocrx_word' id='word_1_236' title='bbox 487 1723 542 1761; x_wconf 86' lang='lat' dir='ltr'><strong>sit</strong></span> <span class='ocrx_word' id='word_1_237' title='bbox 562 1723 606 1760; x_wconf 90' lang='lat' dir='ltr'><strong>in</strong></span> <span class='ocrx_word' id='word_1_238' title='bbox 631 1723 783 1764; x_wconf 89' lang='lat' dir='ltr'><strong>verbis.</strong></span> <span class='ocrx_word' id='word_1_239' title='bbox 817 1724 998 1773; x_wconf 83' lang='lat' dir='ltr'><strong>Coacta,</strong></span> <span class='ocrx_word' id='word_1_240' title='bbox 1032 1739 1124 1764; x_wconf 90' lang='lat' dir='ltr'><strong>meo</strong></span> <span class='ocrx_word' id='word_1_241' title='bbox 1148 1738 1296 1774; x_wconf 85' lang='lat' dir='ltr'><strong>sensu,</strong></span> <span class='ocrx_word' id='word_1_242' title='bbox 1329 1723 1583 1787; x_wconf 83' lang='lat' dir='ltr'><strong>explicatio!</strong></span> <span class='ocrx_word' id='word_1_243' title='bbox 1614 1725 1737 1767; x_wconf 79' lang='lat' dir='ltr'><strong>Rvn.</strong></span> 
     </span>
     <span class='ocr_line' id='line_1_28' title="bbox 276 1778 1737 1833; baseline 0.001 -14"><span class='ocrx_word' id='word_1_244' title='bbox 276 1781 334 1819; x_wconf 86' lang='lat' dir='ltr'><strong>Et</strong></span> <span class='ocrx_word' id='word_1_245' title='bbox 368 1778 475 1817; x_wconf 85' lang='lat' dir='ltr'><strong>mihi</strong></span> <span class='ocrx_word' id='word_1_246' title='bbox 507 1778 694 1818; x_wconf 78' lang='lat' dir='ltr'><strong>Gesner-us</strong></span> <span class='ocrx_word' id='word_1_247' title='bbox 723 1780 901 1818; x_wconf 89' lang='lat' dir='ltr'><strong>nimium</strong></span> <span class='ocrx_word' id='word_1_248' title='bbox 938 1781 982 1819; x_wconf 90' lang='lat' dir='ltr'><strong>in</strong></span> <span class='ocrx_word' id='word_1_249' title='bbox 1015 1780 1080 1820; x_wconf 89' lang='lat' dir='ltr'><strong>his</strong></span> <span class='ocrx_word' id='word_1_250' title='bbox 1121 1780 1259 1820; x_wconf 87' lang='lat' dir='ltr'><strong>verbis</strong></span> <span class='ocrx_word' id='word_1_251' title='bbox 1290 1779 1524 1833; x_wconf 84' lang='lat' dir='ltr'><strong>quaesiisse</strong></span> <span class='ocrx_word' id='word_1_252' title='bbox 1552 1779 1737 1820; x_wconf 88' lang='lat' dir='ltr'><strong>videtur.</strong></span> 
     </span>
     <span class='ocr_line' id='line_1_29' title="bbox 272 1833 1739 1890; baseline -0.001 -13"><span class='ocrx_word' id='word_1_253' title='bbox 272 1833 449 1889; x_wconf 76' lang='grc' dir='ltr'><strong><em>Ἵστορία</em></strong></span> <span class='ocrx_word' id='word_1_254' title='bbox 470 1844 532 1874; x_wconf 85' lang='lat' dir='ltr'><strong>est</strong></span> <span class='ocrx_word' id='word_1_255' title='bbox 554 1836 644 1888; x_wconf 87' lang='lat' dir='ltr'><strong>ipsa</strong></span> <span class='ocrx_word' id='word_1_256' title='bbox 667 1836 804 1889; x_wconf 88' lang='lat' dir='ltr'><strong>inepti</strong></span> <span class='ocrx_word' id='word_1_257' title='bbox 839 1837 964 1875; x_wconf 84' lang='lat' dir='ltr'><strong>istius</strong></span> <span class='ocrx_word' id='word_1_258' title='bbox 1002 1837 1221 1890; x_wconf 84' lang='lat' dir='ltr'><strong>scriptoris</strong></span> <span class='ocrx_word' id='word_1_259' title='bbox 1251 1837 1452 1876; x_wconf 84' lang='lat' dir='ltr'><strong>narratio.</strong></span> <span class='ocrx_word' id='word_1_260' title='bbox 1509 1836 1602 1877; x_wconf 81' lang='lat' dir='ltr'><strong>Jam</strong></span> <span class='ocrx_word' id='word_1_261' title='bbox 1630 1836 1739 1876; x_wconf 87' lang='lat' dir='ltr'><strong>dicit</strong></span> 
     </span>
     <span class='ocr_line' id='line_1_30' title="bbox 277 1891 1739 1946; baseline -0.001 -15"><span class='ocrx_word' id='word_1_262' title='bbox 277 1902 427 1931; x_wconf 87' lang='lat' dir='ltr'><strong>auctor</strong></span> <span class='ocrx_word' id='word_1_263' title='bbox 449 1891 635 1942; x_wconf 90' lang='lat' dir='ltr'><strong>ironice,</strong></span> <span class='ocrx_word' id='word_1_264' title='bbox 667 1893 836 1946; x_wconf 82' lang='lat' dir='ltr'><strong>eglegie</strong></span> <span class='ocrx_word' id='word_1_265' title='bbox 859 1893 963 1931; x_wconf 91' lang='lat' dir='ltr'><strong>illud</strong></span> <span class='ocrx_word' id='word_1_266' title='bbox 985 1893 1206 1933; x_wconf 82' lang='lat' dir='ltr'><strong>exordium</strong></span> <span class='ocrx_word' id='word_1_267' title='bbox 1229 1907 1322 1930; x_wconf 91' lang='lat' dir='ltr'><strong>cum</strong></span> <span class='ocrx_word' id='word_1_268' title='bbox 1346 1894 1436 1946; x_wconf 83' lang='lat' dir='ltr'><strong>ipsa</strong></span> <span class='ocrx_word' id='word_1_269' title='bbox 1463 1894 1649 1932; x_wconf 86' lang='lat' dir='ltr'><strong>auctoris</strong></span> <span class='ocrx_word' id='word_1_270' title='bbox 1673 1892 1739 1931; x_wconf 87' lang='lat' dir='ltr'><strong>hi·</strong></span> 
     </span>
     <span class='ocr_line' id='line_1_31' title="bbox 277 1948 1734 2006; baseline 0.001 -20"><span class='ocrx_word' id='word_1_271' title='bbox 277 1949 409 1987; x_wconf 85' lang='lat' dir='ltr'><strong>storia</strong></span> <span class='ocrx_word' id='word_1_272' title='bbox 433 1949 676 1987; x_wconf 89' lang='lat' dir='ltr'><strong>convenire.</strong></span> <span class='ocrx_word' id='word_1_273' title='bbox 737 1950 944 1987; x_wconf 88' lang='lat' dir='ltr'><strong>Dativum</strong></span> <span class='ocrx_word' id='word_1_274' title='bbox 968 1960 1106 1990; x_wconf 81' lang='lat' dir='ltr'><strong>autem</strong></span> <span class='ocrx_word' id='word_1_275' title='bbox 1131 1967 1177 2006; x_wconf 75' lang='grc' dir='ltr'><strong>τη</strong></span> <span class='ocrx_word' id='word_1_276' title='bbox 1207 1951 1364 2003; x_wconf 75' lang='grc' dir='ltr'><strong><em>ἷσροοίᾳ</em></strong></span> <span class='ocrx_word' id='word_1_277' title='bbox 1391 1958 1504 1987; x_wconf 87' lang='lat' dir='ltr'><strong>recte</strong></span> <span class='ocrx_word' id='word_1_278' title='bbox 1534 1948 1734 1997; x_wconf 51' lang='lat' dir='ltr'><strong>Bauius,</strong></span> 
     </span>
     <span class='ocr_line' id='line_1_32' title="bbox 276 1992 1734 2059; baseline 0.001 -16"><span class='ocrx_word' id='word_1_279' title='bbox 276 2014 450 2044; x_wconf 86' lang='lat' dir='ltr'><strong>auctore</strong></span> <span class='ocrx_word' id='word_1_280' title='bbox 486 2003 718 2045; x_wconf 69' lang='lat' dir='ltr'><strong>casaubono</strong></span> <span class='ocrx_word' id='word_1_281' title='bbox 752 2005 831 2055; x_wconf 82' lang='lat' dir='ltr'><strong>(ad</strong></span> <span class='ocrx_word' id='word_1_282' title='bbox 864 2007 1054 2059; x_wconf 75' lang='lat' dir='ltr'><strong>Theophr.</strong></span> <span class='ocrx_word' id='word_1_283' title='bbox 1080 1992 1203 2045; x_wconf 87' lang='lat' dir='ltr'><strong>Char.</strong></span> <span class='ocrx_word' id='word_1_284' title='bbox 1225 2019 1318 2059; x_wconf 82' lang='lat' dir='ltr'><strong>pag</strong></span> <span class='ocrx_word' id='word_1_285' title='bbox 1341 2009 1410 2048; x_wconf 86' lang='lat'><strong>49.</strong></span> <span class='ocrx_word' id='word_1_286' title='bbox 1436 2003 1502 2045; x_wconf 89' lang='lat' dir='ltr'><strong>ed.</strong></span> <span class='ocrx_word' id='word_1_287' title='bbox 1523 2004 1664 2044; x_wconf 89' lang='lat' dir='ltr'><strong>Fisch.</strong></span> <span class='ocrx_word' id='word_1_288' title='bbox 1687 2004 1734 2044; x_wconf 88' lang='lat' dir='ltr'><strong>in</strong></span> 
     </span>
     <span class='ocr_line' id='line_1_33' title="bbox 276 2060 1731 2115; baseline -0.001 -15"><span class='ocrx_word' id='word_1_289' title='bbox 276 2062 515 2105; x_wconf 89' lang='lat' dir='ltr'><strong>Comment.</strong></span> <span class='ocrx_word' id='word_1_290' title='bbox 534 2063 545 2112; x_wconf 91' lang='lat'><em>)</em></span> <span class='ocrx_word' id='word_1_291' title='bbox 588 2062 801 2111; x_wconf 84' lang='lat' dir='ltr'><strong>restituit,</strong></span> <span class='ocrx_word' id='word_1_292' title='bbox 855 2072 1054 2115; x_wconf 84' lang='lat' dir='ltr'><strong>recteque</strong></span> <span class='ocrx_word' id='word_1_293' title='bbox 1083 2070 1257 2102; x_wconf 78' lang='lat' dir='ltr'><strong>recentt.</strong></span> <span class='ocrx_word' id='word_1_294' title='bbox 1290 2061 1424 2103; x_wconf 85' lang='lat' dir='ltr'><strong>Editt.</strong></span> <span class='ocrx_word' id='word_1_295' title='bbox 1455 2060 1589 2100; x_wconf 86' lang='lat' dir='ltr'><strong>secuti</strong></span> <span class='ocrx_word' id='word_1_296' title='bbox 1618 2070 1731 2099; x_wconf 87' lang='lat' dir='ltr'><strong>sunt.</strong></span> 
     </span>
     <span class='ocr_line' id='line_1_34' title="bbox 272 2116 1732 2170; baseline -0.001 -15"><span class='ocrx_word' id='word_1_297' title='bbox 272 2118 332 2156; x_wconf 91' lang='lat' dir='ltr'><strong>Et</strong></span> <span class='ocrx_word' id='word_1_298' title='bbox 354 2116 654 2169; x_wconf 68' lang='lat' dir='ltr'><strong>quodReitzius</strong></span> <span class='ocrx_word' id='word_1_299' title='bbox 675 2118 835 2157; x_wconf 91' lang='lat' dir='ltr'><strong>refert</strong></span> <span class='ocrx_word' id='word_1_300' title='bbox 823 2132 867 2156; x_wconf 88' lang='lat' dir='ltr'><strong>m</strong></span> <span class='ocrx_word' id='word_1_301' title='bbox 890 2118 925 2157; x_wconf 90' lang='lat' dir='ltr'><strong>J.</strong></span> <span class='ocrx_word' id='word_1_302' title='bbox 942 2132 1088 2156; x_wconf 87' lang='lat' dir='ltr'><strong>vocem</strong></span> <span class='ocrx_word' id='word_1_303' title='bbox 1114 2120 1266 2170; x_wconf 80' lang='grc' dir='ltr'><em>ῖστορία</em></span> <span class='ocrx_word' id='word_1_304' title='bbox 1289 2133 1379 2156; x_wconf 89' lang='lat' dir='ltr'><strong>cum</strong></span> <span class='ocrx_word' id='word_1_305' title='bbox 1398 2120 1486 2170; x_wconf 88' lang='lat' dir='ltr'><strong>jota</strong></span> <span class='ocrx_word' id='word_1_306' title='bbox 1517 2117 1732 2168; x_wconf 86' lang='lat' dir='ltr'><strong>subscrip-</strong></span> 
     </span>
     <span class='ocr_line' id='line_1_35' title="bbox 272 2172 1731 2228; baseline -0.002 -15"><span class='ocrx_word' id='word_1_307' title='bbox 272 2183 319 2212; x_wconf 87' lang='lat' dir='ltr'><strong>to</strong></span> <span class='ocrx_word' id='word_1_308' title='bbox 345 2173 473 2222; x_wconf 85' lang='lat' dir='ltr'><strong>cerni,</strong></span> <span class='ocrx_word' id='word_1_309' title='bbox 497 2173 607 2211; x_wconf 88' lang='lat' dir='ltr'><strong>idem</strong></span> <span class='ocrx_word' id='word_1_310' title='bbox 631 2174 674 2211; x_wconf 89' lang='lat' dir='ltr'><strong>in</strong></span> <span class='ocrx_word' id='word_1_311' title='bbox 697 2183 875 2228; x_wconf 85' lang='lat' dir='ltr'><strong>utraque</strong></span> <span class='ocrx_word' id='word_1_312' title='bbox 895 2174 1056 2213; x_wconf 75' lang='lat' dir='ltr'><strong>Aldina</strong></span> <span class='ocrx_word' id='word_1_313' title='bbox 1078 2173 1248 2212; x_wconf 83' lang='lat' dir='ltr'><strong>accidit.</strong></span> <span class='ocrx_word' id='word_1_314' title='bbox 1292 2175 1471 2214; x_wconf 89' lang='lat' dir='ltr'><strong>Coecam</strong></span> <span class='ocrx_word' id='word_1_315' title='bbox 1496 2172 1567 2211; x_wconf 91' lang='lat' dir='ltr'><strong>hic</strong></span> <span class='ocrx_word' id='word_1_316' title='bbox 1592 2172 1731 2211; x_wconf 87' lang='lat' dir='ltr'><strong>admi-</strong></span> 
     </span>
     <span class='ocr_line' id='line_1_36' title="bbox 272 2228 1732 2283; baseline -0.001 -15"><span class='ocrx_word' id='word_1_317' title='bbox 272 2230 400 2280; x_wconf 77' lang='lat' dir='ltr'><strong>reris,</strong></span> <span class='ocrx_word' id='word_1_318' title='bbox 432 2229 460 2267; x_wconf 89' lang='lat' dir='ltr'><strong>i.</strong></span> <span class='ocrx_word' id='word_1_319' title='bbox 485 2244 520 2269; x_wconf 92' lang='lat' dir='ltr'><strong>e.</strong></span> <span class='ocrx_word' id='word_1_320' title='bbox 543 2232 636 2281; x_wconf 89' lang='lat' dir='ltr'><strong>plus</strong></span> <span class='ocrx_word' id='word_1_321' title='bbox 660 2244 783 2282; x_wconf 88' lang='lat' dir='ltr'><strong>quam</strong></span> <span class='ocrx_word' id='word_1_322' title='bbox 814 2245 1038 2276; x_wconf 84' lang='lat' dir='ltr'><strong>summam,</strong></span> <span class='ocrx_word' id='word_1_323' title='bbox 1081 2230 1308 2269; x_wconf 87' lang='lat' dir='ltr'><strong>Editorum</strong></span> <span class='ocrx_word' id='word_1_324' title='bbox 1339 2231 1510 2269; x_wconf 88' lang='lat' dir='ltr'><strong>illorum</strong></span> <span class='ocrx_word' id='word_1_325' title='bbox 1543 2228 1732 2283; x_wconf 85' lang='lat' dir='ltr'><strong>diligen-</strong></span> 
     </span>
     <span class='ocr_line' id='line_1_37' title="bbox 271 2285 1730 2339; baseline -0.001 -15"><span class='ocrx_word' id='word_1_326' title='bbox 271 2286 372 2324; x_wconf 87' lang='lat' dir='ltr'><strong>tiam</strong></span> <span class='ocrx_word' id='word_1_327' title='bbox 397 2295 438 2325; x_wconf 87' lang='lat' dir='ltr'><strong>et</strong></span> <span class='ocrx_word' id='word_1_328' title='bbox 461 2285 605 2325; x_wconf 81' lang='lat' dir='ltr'><strong>fidem!</strong></span> <span class='ocrx_word' id='word_1_329' title='bbox 640 2286 744 2325; x_wconf 89' lang='lat' dir='ltr'><strong>Cum</strong></span> <span class='ocrx_word' id='word_1_330' title='bbox 769 2300 848 2339; x_wconf 85' lang='lat' dir='ltr'><strong>qua</strong></span> <span class='ocrx_word' id='word_1_331' title='bbox 871 2286 907 2324; x_wconf 90' lang='lat' dir='ltr'><strong>si</strong></span> <span class='ocrx_word' id='word_1_332' title='bbox 940 2287 1247 2339; x_wconf 88' lang='lat' dir='ltr'><strong>comparaveris</strong></span> <span class='ocrx_word' id='word_1_333' title='bbox 1278 2286 1583 2326; x_wconf 86' lang='lat' dir='ltr'><strong>hodiernorum</strong></span> <span class='ocrx_word' id='word_1_334' title='bbox 1616 2299 1730 2339; x_wconf 90' lang='lat' dir='ltr'><strong>quo-</strong></span> 
     </span>
     <span class='ocr_line' id='line_1_38' title="bbox 270 2341 1727 2396; baseline 0 -17"><span class='ocrx_word' id='word_1_335' title='bbox 270 2342 447 2381; x_wconf 89' lang='lat' dir='ltr'><strong>rundam</strong></span> <span class='ocrx_word' id='word_1_336' title='bbox 470 2342 727 2381; x_wconf 85' lang='lat' dir='ltr'><strong>Criticorum</strong></span> <span class='ocrx_word' id='word_1_337' title='bbox 748 2343 963 2381; x_wconf 85' lang='lat' dir='ltr'><strong>levitatem</strong></span> <span class='ocrx_word' id='word_1_338' title='bbox 984 2352 1026 2381; x_wconf 87' lang='lat' dir='ltr'><strong>et</strong></span> <span class='ocrx_word' id='word_1_339' title='bbox 1047 2343 1282 2390; x_wconf 83' lang='lat' dir='ltr'><strong>audaciam,</strong></span> <span class='ocrx_word' id='word_1_340' title='bbox 1315 2353 1430 2382; x_wconf 92' lang='lat' dir='ltr'><strong>utros</strong></span> <span class='ocrx_word' id='word_1_341' title='bbox 1449 2342 1572 2396; x_wconf 89' lang='lat' dir='ltr'><strong>sequi</strong></span> <span class='ocrx_word' id='word_1_342' title='bbox 1592 2341 1727 2392; x_wconf 86' lang='lat' dir='ltr'><strong>malis,</strong></span> 
     </span>
     <span class='ocr_line' id='line_1_39' title="bbox 270 2397 846 2438; baseline 0 -1"><span class='ocrx_word' id='word_1_343' title='bbox 270 2397 446 2438; x_wconf 80' lang='lat' dir='ltr'><strong>vixdum</strong></span> <span class='ocrx_word' id='word_1_344' title='bbox 472 2398 655 2436; x_wconf 89' lang='lat' dir='ltr'><strong>haereas.</strong></span> <span class='ocrx_word' id='word_1_345' title='bbox 691 2399 846 2437; x_wconf 78' lang='lat' dir='ltr'><strong>LmrM.</strong></span> 
     </span>
    </p>

    <p class='ocr_par' dir='ltr' id='par_1_4' title="bbox 380 2449 1527 2507">
     <span class='ocr_line' id='line_1_40' title="bbox 380 2449 1527 2507; baseline 0.003 -14"><span class='ocrx_word' id='word_1_346' title='bbox 380 2454 484 2495; x_wconf 77' lang='grc' dir='ltr'><em>Εαιῖ.</em></span> <span class='ocrx_word' id='word_1_347' title='bbox 510 2457 538 2493; x_wconf 92' lang='lat' dir='ltr'><strong>l.</strong></span> <span class='ocrx_word' id='word_1_348' title='bbox 564 2461 627 2499; x_wconf 82' lang='lat'><strong>13.</strong></span> <span class='ocrx_word' id='word_1_349' title='bbox 653 2449 853 2507; x_wconf 80' lang='grc' dir='ltr'><strong>Ἀχιλλεῖ)</strong></span> <span class='ocrx_word' id='word_1_350' title='bbox 886 2455 1048 2494; x_wconf 72' lang='lat' dir='ltr'><strong>Homer.</strong></span> <span class='ocrx_word' id='word_1_351' title='bbox 1071 2456 1124 2495; x_wconf 80' lang='grc' dir='ltr'><strong>ΙΙ.</strong></span> <span class='ocrx_word' id='word_1_352' title='bbox 1150 2461 1204 2502; x_wconf 89' lang='grc' dir='ltr'><strong>Β,</strong></span> <span class='ocrx_word' id='word_1_353' title='bbox 1229 2461 1323 2500; x_wconf 84' lang='lat'><strong>216.</strong></span> <span class='ocrx_word' id='word_1_354' title='bbox 1357 2457 1527 2496; x_wconf 48' lang='lat' dir='ltr'><strong>Somne.</strong></span> 
     </span>
    </p>

    <p class='ocr_par' dir='ltr' id='par_1_5' title="bbox 383 2508 1686 2565">
     <span class='ocr_line' id='line_1_41' title="bbox 383 2508 1686 2565; baseline -0.001 -16"><span class='ocrx_word' id='word_1_355' title='bbox 383 2510 488 2549; x_wconf 78' lang='lat' dir='ltr'><strong>Ibid.</strong></span> <span class='ocrx_word' id='word_1_356' title='bbox 510 2508 795 2565; x_wconf 76' lang='grc' dir='ltr'><strong>”Λρχοντα]</strong></span> <span class='ocrx_word' id='word_1_357' title='bbox 828 2512 1015 2550; x_wconf 87' lang='lat' dir='ltr'><strong>Lucium</strong></span> <span class='ocrx_word' id='word_1_358' title='bbox 1042 2512 1218 2562; x_wconf 83' lang='lat' dir='ltr'><strong>Verum,</strong></span> <span class='ocrx_word' id='word_1_359' title='bbox 1251 2522 1298 2550; x_wconf 88' lang='lat' dir='ltr'><strong>ut</strong></span> <span class='ocrx_word' id='word_1_360' title='bbox 1322 2511 1498 2552; x_wconf 87' lang='lat' dir='ltr'><strong>videtur.</strong></span> <span class='ocrx_word' id='word_1_361' title='bbox 1531 2511 1686 2553; x_wconf 72' lang='lat' dir='ltr'><strong>VVrnr..</strong></span> 
     </span>
    </p>

    <p class='ocr_par' dir='ltr' id='par_1_6' title="bbox 268 2566 1720 2792">
     <span class='ocr_line' id='line_1_42' title="bbox 380 2566 1720 2620; baseline 0.002 -15"><span class='ocrx_word' id='word_1_362' title='bbox 380 2567 480 2619; x_wconf 75' lang='lat' dir='ltr'><strong>Pag.</strong></span> <span class='ocrx_word' id='word_1_363' title='bbox 508 2573 598 2611; x_wconf 81' lang='lat'><strong>183.</strong></span> <span class='ocrx_word' id='word_1_364' title='bbox 621 2570 648 2605; x_wconf 91' lang='lat'><strong>1.</strong></span> <span class='ocrx_word' id='word_1_365' title='bbox 671 2573 710 2612; x_wconf 84' lang='lat'><strong>3.</strong></span> <span class='ocrx_word' id='word_1_366' title='bbox 745 2570 800 2608; x_wconf 82' lang='grc' dir='ltr'><strong>Εἰ</strong></span> <span class='ocrx_word' id='word_1_367' title='bbox 820 2566 1000 2620; x_wconf 76' lang='grc' dir='ltr'><em>πρόσθεν</em></span> <span class='ocrx_word' id='word_1_368' title='bbox 1028 2569 1139 2617; x_wconf 89' lang='lat' dir='ltr'><strong>etc.)</strong></span> <span class='ocrx_word' id='word_1_369' title='bbox 1178 2569 1341 2608; x_wconf 86' lang='lat' dir='ltr'><strong>Homer.</strong></span> <span class='ocrx_word' id='word_1_370' title='bbox 1373 2566 1496 2607; x_wconf 88' lang='lat' dir='ltr'><strong>Iliad.</strong></span> <span class='ocrx_word' id='word_1_371' title='bbox 1528 2572 1588 2616; x_wconf 93' lang='lat' dir='ltr'><strong>X,</strong></span> <span class='ocrx_word' id='word_1_372' title='bbox 1627 2572 1720 2611; x_wconf 89' lang='lat'><strong>158.</strong></span> 
     </span>
     <span class='ocr_line' id='line_1_43' title="bbox 270 2620 1720 2688; baseline 0.001 -28"><span class='ocrx_word' id='word_1_373' title='bbox 270 2620 436 2661; x_wconf 79' lang='lat' dir='ltr'><strong>SOLAN.</strong></span> <span class='ocrx_word' id='word_1_374' title='bbox 490 2623 568 2661; x_wconf 88' lang='lat' dir='ltr'><strong>Si</strong></span> <span class='ocrx_word' id='word_1_375' title='bbox 556 2638 695 2688; x_wconf 63' lang='lat' dir='ltr'><strong>ipsum</strong></span> <span class='ocrx_word' id='word_1_376' title='bbox 716 2623 884 2663; x_wconf 61' lang='lat' dir='ltr'><strong>Homeri</strong></span> <span class='ocrx_word' id='word_1_377' title='bbox 901 2638 1062 2663; x_wconf 88' lang='lat' dir='ltr'><strong>versum</strong></span> <span class='ocrx_word' id='word_1_378' title='bbox 1084 2625 1223 2664; x_wconf 90' lang='lat' dir='ltr'><strong>voluit</strong></span> <span class='ocrx_word' id='word_1_379' title='bbox 1240 2625 1394 2664; x_wconf 89' lang='lat' dir='ltr'><strong>referre</strong></span> <span class='ocrx_word' id='word_1_380' title='bbox 1411 2623 1625 2674; x_wconf 83' lang='lat' dir='ltr'><strong>Lucianus,</strong></span> <span class='ocrx_word' id='word_1_381' title='bbox 1657 2624 1720 2662; x_wconf 80' lang='lat' dir='ltr'><strong>sio</strong></span> 
     </span>
     <span class='ocr_line' id='line_1_44' title="bbox 269 2677 1719 2735; baseline 0.005 -21"><span class='ocrx_word' id='word_1_382' title='bbox 269 2677 493 2717; x_wconf 87' lang='lat' dir='ltr'><strong>mutandus</strong></span> <span class='ocrx_word' id='word_1_383' title='bbox 514 2681 618 2718; x_wconf 87' lang='lat' dir='ltr'><strong>erit:</strong></span> <span class='ocrx_word' id='word_1_384' title='bbox 653 2678 821 2734; x_wconf 82' lang='grc' dir='ltr'><em>Πρόσθε</em></span> <span class='ocrx_word' id='word_1_385' title='bbox 851 2682 921 2732; x_wconf 83' lang='grc' dir='ltr'><strong>μὲν</strong></span> <span class='ocrx_word' id='word_1_386' title='bbox 951 2677 1130 2728; x_wconf 75' lang='grc' dir='ltr'><em>ἐσθλος’</em></span> <span class='ocrx_word' id='word_1_387' title='bbox 1117 2682 1281 2735; x_wconf 72' lang='grc' dir='ltr'><em>ἔφευγε,</em></span> <span class='ocrx_word' id='word_1_388' title='bbox 1324 2682 1441 2721; x_wconf 82' lang='grc' dir='ltr'><em>δίωκε</em></span> <span class='ocrx_word' id='word_1_389' title='bbox 1466 2680 1508 2720; x_wconf 82' lang='grc' dir='ltr'><strong>δέ</strong></span> <span class='ocrx_word' id='word_1_390' title='bbox 1535 2698 1603 2733; x_wconf 88' lang='grc' dir='ltr'><strong>μιν</strong></span> <span class='ocrx_word' id='word_1_391' title='bbox 1627 2677 1719 2734; x_wconf 81' lang='grc' dir='ltr'><em>μέγ’</em></span> 
     </span>
     <span class='ocr_line' id='line_1_45' title="bbox 268 2730 1718 2792; baseline 0.001 -18"><span class='ocrx_word' id='word_1_392' title='bbox 268 2730 454 2787; x_wconf 71' lang='grc' dir='ltr'><em>ἀμείνων.</em></span> <span class='ocrx_word' id='word_1_393' title='bbox 513 2734 595 2775; x_wconf 90' lang='lat' dir='ltr'><strong>Sed</strong></span> <span class='ocrx_word' id='word_1_394' title='bbox 616 2737 714 2789; x_wconf 86' lang='lat' dir='ltr'><strong>quia</strong></span> <span class='ocrx_word' id='word_1_395' title='bbox 739 2751 885 2776; x_wconf 88' lang='lat' dir='ltr'><strong>sensus</strong></span> <span class='ocrx_word' id='word_1_396' title='bbox 908 2740 1104 2792; x_wconf 83' lang='lat' dir='ltr'><strong>vulgatae</strong></span> <span class='ocrx_word' id='word_1_397' title='bbox 1123 2751 1248 2776; x_wconf 87' lang='lat' dir='ltr'><strong>sanus</strong></span> <span class='ocrx_word' id='word_1_398' title='bbox 1269 2745 1352 2784; x_wconf 90' lang='lat' dir='ltr'><strong>est,</strong></span> <span class='ocrx_word' id='word_1_399' title='bbox 1386 2746 1430 2775; x_wconf 89' lang='lat' dir='ltr'><strong>et</strong></span> <span class='ocrx_word' id='word_1_400' title='bbox 1449 2736 1630 2777; x_wconf 87' lang='lat' dir='ltr'><strong>mutatio</strong></span> <span class='ocrx_word' id='word_1_401' title='bbox 1652 2735 1718 2775; x_wconf 86' lang='lat' dir='ltr'><strong>ni-</strong></span> 
     </span>
    </p>
   </div>
  </div>
 </body>
</html>
